3030 5086
414 522 457 568 nr
481 524 561 568 unu.
584 521 647 566 nm.
671 522 694 566 11
717 520 790 567 car.
810 524 849 568 aa.
869 520 1001 582 (aa-aa.)
1181 499 1241 564 281

170 690 322 755 amicitiae
339 689 423 754 dicta
440 698 521 754 sunt.
556 689 626 753 Non
644 708 771 770 quaero,
794 689 867 770 quid
890 687 983 765 dicat,
1006 688 1061 752 sed
1078 687 1153 768 quid
1170 705 1244 751 cou-

170 792 331 858 venienter
358 792 459 871 possit
481 791 595 855 rationi
623 798 655 855 et
676 790 848 855 sententiae
877 808 952 854 suae
974 790 1086 854 dicere.
1134 788 1243 859 „Utili-

170 894 243 959 tatis
261 911 357 958 causa
374 893 510 957 amicitia
526 900 574 957 est
591 893 762 973 quaesita.“
809 891 890 955 Num
908 891 1002 973 igitur
1018 891 1170 956 utiliorem
1188 890 1245 955 tibi

170 994 251 1060 hunc
273 994 430 1059 Triarium
453 1001 546 1074 putas
569 1012 638 1058 esse
660 1012 763 1074 posse,
786 1011 878 1073 quam
902 993 928 1057 si
950 1002 1006 1057 tua
1027 993 1089 1057 siut
1106 990 1244 1058 Puteolis

169 1096 339 1176 granaria?
373 1095 489 1174 Collige
512 1095 624 1172 onmia,
647 1114 727 1177 quae
750 1094 871 1160 soletis:
897 1095 1109 1166 „Praesidium
1128 1092 1282 1160 amico-5

242 1321 261 1365 l.
280 1315 324 1365 sed
341 1315 443 1379 qaodE
489 1321 511 1365 2.
530 1314 620 1364 rctr'om'
633 1316 709 1380 posrc't
728 1315 825 1364 LMCR
872 1320 894 1364 3.
915 1315 1024 1378 quaesita
1042 1324 1077 1363 est
1096 1314 1162 1365 EOr.
1198 1332 1244 1364 aaa

169 1384 279 1449 rbriarC
316 1391 339 1434 t.
357 1385 381 1432 ri
398 1400 446 1433 orn.
466 1383 553 1448 (blot.
592 1389 614 1432 5.
631 1400 751 1448 qrcmaaa
772 1382 845 1450 [A]E
862 1384 972 1448 panaria
990 1385 1064 1432 ceteri
1083 1383 1169 1449 cola'ya
1187 1385 1210 1432 E

171 1573 259 1630 tacite
282 1582 492 1649 propagarunt.
536 1574 628 1629 Possit
650 1576 748 1629 rationi
769 1572 880 1648 primus
904 1572 1051 1631 Gruterus
1073 1573 1175 1643 tacite,
1199 1569 1245 1653 [ut

171 1676 247 1715 nunc
275 1655 427 1737 apparat]
456 1677 471 1714 e
500 1658 564 1714 Pal.
592 1661 622 1726 1;
651 1658 775 1714 alterum
804 1677 819 1713 e
848 1658 926 1715 Gud.
951 1657 968 1713 2
998 1666 1119 1714 annotat
1143 1657 1244 1715 Gaius.

119 1772 122 1777 ·
175 1741 303 1812 Quuear'tu
327 1754 365 1800 est
387 1741 442 1822 [B]
466 1741 559 1800 Gaius
583 1761 598 1798 e
621 1742 682 1799 suis
705 1741 886 1816 omnibua(?)
909 1754 1026 1819 practer
1048 1742 1128 1802 Gud.
1154 1744 1182 1801 2.
1226 1812 1231 1819 ,

255 1848 337 1902 qaam
359 1833 384 1885 si
406 1861 445 1870 -
466 1827 612 1903 praitoria)
640 1827 779 1885 Graaaria
804 1846 857 1903 pro
877 1831 1052 1902 prurrrr'aibus,
1076 1847 1151 1903 quae
1174 1828 1245 1885 Vic-

170 1913 263 1970 torius
285 1914 385 1985 (Varr.
411 1914 503 1970 Lectt.
528 1913 580 1983 VI,
602 1914 652 1986 16)
676 1913 747 1969 mire
769 1913 1019 1988 interpretabatur
1042 1932 1161 1988 campos
1183 1911 1245 1970 foe·

170 2017 238 2056 num
263 1999 449 2072 praebentes
479 1998 671 2054 restituerunt
694 1998 827 2054 Muretus
850 2000 948 2069 (Varr.
972 1999 1064 2055 Lecti.
1087 2000 1158 2067 VII,
1183 1999 1245 2072 20),

171 2083 302 2140 codicum
326 2092 458 2140 veterum
488 2083 662 2139 auctoritate
690 2092 790 2152 utens,
820 2093 846 2139 et
871 2083 1045 2153 Lambinus,
1076 2084 1126 2157 qui
1155 2102 1185 2140 se
1214 2082 1243 2139 in

174 2167 323 2242 „aliquot“
353 2168 483 2242 antiquis
511 2168 594 2224 codd.
623 2168 665 2224 aic
694 2168 833 2243 scriptum
858 2169 1022 2243 repperisse
1046 2167 1187 2237 affirmat3
1216 2176 1245 2224 ct

171 2263 234 2309 erat
257 2253 298 2310 sic
321 2253 350 2309 in
374 2254 439 2311 Pal.
464 2254 491 2322 3,
517 2252 561 2309 El.
585 2251 705 2326 (utroi),
729 2251 798 2311 Gaii
821 2252 934 2310 duobus
957 2251 1122 2326 (quibusil,
1146 2253 1245 2310 edide-

170 2348 273 2411 ratque
302 2338 359 2395 iam
383 2339 510 2397 Marsus.
557 2338 624 2394 Non
654 2347 712 2394 tam
741 2346 915 2394 conservata
937 2357 989 2413 per
1011 2338 1078 2395 illos
1101 2338 1184 2395 codd.
1207 2356 1244 2394 ex

170 2423 329 2499 archetypo
357 2442 428 2480 vera
456 2423 602 2497 scriptura
630 2433 692 2479 erat
723 2442 809 2496 quam
838 2423 974 2499 prudenti
1004 2424 1172 2480 coniectura
1200 2423 1243 2479 in-

172 2518 259 2564 venta
282 2526 318 2564 ex
342 2527 386 2582 eo,
410 2509 487 2582 quod
511 2508 614 2564 babuit
636 2509 723 2564 etiam
745 2508 837 2564 Pall
865 2518 892 2564 et
916 2508 980 2566 cod.
1004 2507 1158 2578 Gronovii,
1179 2527 1244 2581 qra-

171 2613 258 2649 nraaa.
293 2589 332 2672 [B
353 2589 511 2671 praeclara]
545 2592 762 2669 Intellaguntur
785 2593 899 2663 horrca,
923 2612 998 2667 quae
1010 2594 1144 2650 Puteolis
1161 2601 1244 2650 erant

170 2679 207 2735 ad
240 2676 418 2736 frumentum
453 2678 667 2752 recipiendum,
703 2679 780 2752 quod
809 2697 931 2754 maguus
959 2679 1077 2735 nuvium
1106 2696 1245 2736 numerus

171 2763 328 2837 quotannis
357 2782 394 2820 ex
418 2763 534 2832 Sicilia,
558 2762 678 2834 Africa,
709 2765 847 2839 Aegypto
876 2764 905 2819 in
929 2782 993 2820 eum
1019 2774 1133 2838 portum
1157 2764 1245 2819 adve-

171 2848 273 2916 hebat,
302 2849 338 2904 de
367 2867 425 2922 qua
451 2867 484 2905 re
513 2848 574 2904 dixi
597 2861 717 2923 propter
740 2850 825 2905 Verr.
850 2850 887 2916 V,
914 2848 973 2904 154
1001 2848 1030 2904 in
1059 2847 1186 2923 epistula
1208 2848 1245 2905 ad

173 2931 262 2991 Orell.
287 2952 315 3008 p.
340 2935 395 2990 131
422 2934 494 3007 (Cic.
519 2952 571 3008 pro
595 2934 668 2990 Rab.
691 2934 773 2991 Post.
797 2934 852 3001 40,
881 2933 984 2991 Senec.
1008 2933 1063 3008 Ep.
1089 2935 1137 3003 77,
1162 2933 1243 2993 Svet.

172 3021 249 3093 Aug.
265 3018 314 3088 98,
339 3017 436 3076 Strab.
459 3020 553 3075 XVII
576 3039 604 3093 p.
619 3019 689 3090 793,
714 3018 815 3076 Pitisc.
842 3019 913 3076 Lex.
934 3020 1006 3075 Ant.
1026 3019 1110 3076 Rom.
1135 3037 1163 3076 r.
1193 3019 1246 3075 Ca·

172 3104 261 3178 taplua
284 3111 313 3159 et
339 3104 442 3160 Classis
464 3105 674 3175 Aleaoaclriaa).
720 3104 786 3159 Non
810 3103 942 3176 publica,
972 3103 1022 3158 sed
1051 3103 1166 3177 privata
1194 3104 1246 3161 illa

172 3200 269 3257 erant,
299 3189 417 3263 opinor,
447 3208 500 3245 nac
528 3198 587 3244 tam
612 3189 658 3244 hic
682 3188 776 3263 ipsum
801 3187 978 3244 frumentum
1003 3189 1183 3264 significatur
1205 3188 1246 3245 ibi

172 3282 340 3350 congestum
370 3293 456 3347 quam
481 3275 644 3340 mercedes,
674 3292 748 3346 qnae
777 3273 903 3329 dominis
932 3293 968 3328 ex
997 3273 1142 3330 locatione
1170 3275 1247 3330 redi·

171 3358 280 3430 bant(§
295 3359 355 3432 85).
386 3354 460 3417 ‘Sed
484 3360 617 3415 Muretus
640 3367 668 3414 et
692 3359 853 3415 Lambinus
877 3369 1038 3433 praeterea,
1062 3369 1094 3415 ut
1117 3359 1248 3416 fecerant

172 3443 201 3500 in
224 3444 345 3520 vulgata
368 3445 513 3518 scriptura
537 3444 654 3518 quidam
674 3444 800 3500 editores
817 3443 961 3515 (Ascens.
980 3442 1085 3516 Crat),
1109 3444 1247 3501 omittunt

172 3536 205 3596 si,
230 3539 262 3584 ut
283 3530 497 3604 granariorum,
522 3549 596 3603 cqrrae
618 3530 786 3602 Torquatus
810 3547 877 3584 rere
902 3529 1045 3586 babuerit.
1070 3529 1181 3585 utilitas
1204 3529 1248 3585 in·

172 3613 343 3689 tellegatur3
373 3633 436 3679 eos,
461 3615 617 3671 accedente
641 3614 703 3670 cod.
728 3615 796 3670 Par.
821 3616 838 3669 2
864 3614 977 3670 Davisii
1002 3615 1057 3683 (et,
1082 3615 1106 3671 si
1129 3615 1247 3671 silentio

173 3699 359 3768 confidimus,
390 3699 467 3757 Oxx.
492 3700 601 3772 EUtpl,
635 3699 717 3755 multi
741 3700 832 3756 secuti
856 3709 938 3768 saint,
967 3699 1074 3755 iniuria
1102 3699 1195 3755 bonos
1219 3709 1249 3755 et

174 3802 265 3858 paene
294 3803 395 3841 omnes
424 3785 600 3841 deserentes.
646 3785 722 3841 Nam
757 3795 817 3840 tum
852 3785 954 3840 saltem
989 3784 1143 3841 dicendum
1177 3783 1248 3840 fuit:

173 3888 253 3943 qaam
272 3880 317 3924 tua
336 3881 406 3938 sacrat,
431 3881 459 3925 et
479 3881 561 3926 ante:
581 3880 664 3944 patus
682 3889 762 3946 esse,
787 3889 859 3926 non:
882 3889 938 3927 ease
952 3889 1040 3944 posse,
1059 3870 1136 3943 quod
1155 3867 1246 3925 refer·

173 3964 220 4010 tur
242 3955 280 4010 ad
302 3974 374 4029 spem
398 3955 548 4023 utilitatis3
571 3966 601 4010 at
624 3955 653 4011 in
677 3955 831 4029 granariis,
855 3955 879 4011 si
904 3957 960 4012 iam
985 3973 1020 4011 ea
1042 3955 1178 4024 habebat,
1201 3972 1248 4012 rea

173 4050 245 4108 erat,
269 4058 326 4095 non
350 4059 417 4114 spes
441 4041 544 4098 solum.
592 4042 696 4113 Itaque
716 4040 772 4096 boc
790 4039 894 4098 Cicero
917 4040 1001 4095 dicit:
1025 4059 1110 4113 quam
1135 4040 1160 4096 si
1182 4059 1249 4116 gra·

174 4124 256 4180 naria
279 4124 340 4194 illa,
365 4144 439 4198 quae
464 4126 596 4182 Puteolis
620 4136 695 4194 saint,
720 4135 750 4181 tu
775 4124 934 4199 possideas.

259 4211 432 4266 Praesidium
455 4210 613 4282 carrucarum)
637 4209 686 4269 Sic
709 4210 765 4266 hoc
782 4211 873 4284 ponit,
897 4220 1045 4283 tamquam
1065 4208 1150 4284 plura
1168 4209 1247 4265 dein·

173 4312 241 4370 ceps
265 4307 487 4352 enumeraturus
511 4297 557 4352 sit.
581 4314 655 4369 quae
678 4295 883 4352 contineantur
905 4295 1025 4351 carnibus
1046 4294 1115 4364 illis,
1139 4302 1167 4351 et
1190 4295 1249 4351 sin·

174 4381 243 4456 gula
266 4390 440 4438 remoturus.
486 4381 619 4440 Subiecit
642 4400 746 4451 arnum,
776 4380 835 4436 alia
863 4379 1004 4436 orationis
1027 4379 1135 4448 forma,
1160 4379 1247 4449 §85:

174 4465 212 4521 Ar
235 4469 342 4540 quicum
365 4476 420 4525 cet.
457 4467 551 4524 Paulo
574 4475 640 4541 post
658 4468 737 4538 (satia
754 4468 780 4521 in
798 4466 985 4537 mediocribus)
1002 4464 1164 4522 addebatur
1181 4473 1248 4521 aute
