3030 5086
218 456 281 521 190
608 472 652 517 uu
675 470 807 517 rruruus
829 470 901 517 sou.

215 641 312 723 igitur
344 640 422 703 aare.
478 640 544 703 aa
576 638 695 719 lapathi
729 637 913 703 saevitatem
951 639 1124 719 acupenseri
1157 606 1301 703 astanti

216 742 343 807 Laelius
359 741 579 823 anteponebat„
595 741 652 804 scd
669 740 855 805 suavitatem
871 740 973 821 ipsam
991 739 1187 821 neglegebaa
1210 740 1298 821 quod

217 864 277 909 uon
301 842 426 915 faceret,
449 843 475 906 si
498 843 529 906 in
553 842 713 923 voluptate
735 860 887 906 summum
910 842 1023 906 bonum
1045 851 1186 923 poneret

288 1018 309 1061 t.
329 1014 385 1062 bene
403 1028 451 1062 orn.
472 1026 574 1071 omncs,
593 1010 637 1061 Or.
683 1009 779 1079 [lnpitlt'
795 1010 829 1078 Α]
875 1010 1006 1079 [occubatas
1028 1028 1071 1077 ere
1089 1010 1124 1079 A]
1151 1013 1299 1061 masmim

216 1082 295 1130 areli
318 1081 445 1131 accrtbautr'
462 1080 610 1143 (accubantis
629 1080 661 1142 C)
686 1097 742 1129 nere
760 1082 820 1141 (cre)
839 1080 936 1131 Putea
958 1080 1088 1129 occubanti
1102 1096 1159 1129 aare
1175 1079 1256 1131 olim
1276 1080 1298 1129 la

216 1148 330 1268 lfflog
346 1148 382 1216 A]
426 1154 448 1197 1.
472 1148 535 1199 Post
556 1157 686 1213 aratrponat
704 1150 762 1197 add.
788 1148 844 1197 alita
867 1166 910 1211 pne
934 1157 1002 1198 arant
1024 1148 1047 1197 in
1070 1166 1152 1199 menae
1173 1158 1299 1213 toracem

218 1368 247 1414 et
269 1359 390 1431 nequiter
412 1354 476 1429 (cir.
494 1358 576 1430 sturm
596 1364 626 1412 et
648 1358 783 1430 neqnom),
807 1356 912 1412 honeste
935 1366 964 1412 et
986 1359 1114 1431 turpiter,
1138 1356 1298 1413 ostendere

217 1442 319 1517 possit,
343 1452 405 1498 tum
428 1442 536 1498 clamat
558 1441 718 1509 sententia;
742 1459 836 1514 neque
860 1441 936 1497 enim
955 1440 984 1497 in
1002 1440 1203 1516 assumptione
1220 1440 1297 1497 illud

216 1528 313 1601 ipsum
336 1527 407 1602 poni
430 1537 543 1601 potest,
567 1526 645 1600 quod
668 1526 866 1595 concluditur,
896 1528 977 1596 male,
1006 1526 1036 1581 id
1060 1535 1120 1589 est,
1148 1546 1200 1582 uon
1222 1525 1297 1583 benc.

216 1616 318 1687 Atque
346 1612 419 1668 haee
447 1630 505 1668 non
528 1611 657 1687 pendent
684 1630 721 1667 ex
750 1611 952 1687 proximorum
979 1610 1170 1667 correctione.
1215 1610 1298 1667 Ne'm

217 1698 287 1771 quid
311 1697 510 1759 concludatur,
535 1706 616 1772 patet
638 1696 696 1751 iam
720 1714 757 1752 ex
780 1696 855 1753 illis:
883 1698 939 1753 Cur
960 1699 1042 1769 ipt'tnr
1063 1716 1113 1751 non
1137 1696 1220 1752 derret

302 1802 352 1838 nou
376 1785 457 1855 iqitnr
479 1783 549 1839 leue.
583 1782 654 1853 Nec)
677 1781 792 1837 Inserui
810 1800 911 1838 vocem
930 1780 1125 1838 necessariam
1143 1779 1173 1837 in
1190 1780 1298 1837 arche·

217 1878 288 1942 typo
312 1866 449 1923 omissam
472 1866 544 1937 (aid.
569 1864 660 1941 praef.
685 1867 714 1923 Ι.
738 1871 752 1935 §
774 1866 814 1939 5).
860 1867 895 1923 In
919 1866 1040 1941 vtrlgata
1062 1865 1209 1941 scriptura
1231 1864 1298 1923 aaa

217 1956 299 2027 ἐρίων
325 1970 371 2008 uec
400 1954 455 2026 lup.
483 1951 609 2027 primum
640 1950 724 2007 multi
752 1960 906 2007 senserunt
930 1949 1035 2008 vitiose
1065 1950 1297 2021 abundarem,

217 2037 295 2111 quod
318 2037 385 2093 ideo
408 2046 547 2110 quattuor
570 2036 654 2094 codd.
672 2036 751 2093 Oxx.
766 2030 864 2108 1111ξψ
882 2036 1022 2093 omittunt
1039 2036 1142 2109 (miror
1158 2044 1203 2093 tot
1219 2054 1297 2103 esee,

218 2141 282 2178 cum
312 2122 411 2178 nullus
441 2121 516 2177 alius
544 2125 801 2194 commemoretur)
829 2130 859 2176 et
888 2121 934 2179 ed.
959 2121 1065 2190 Marsi3
1094 2120 1236 2178 Davisius
1266 2132 1299 2177 et

217 2206 352 2264 Bromius
376 2216 569 2263 correctorem
588 2206 651 2262 veri
669 2206 794 2281 vestigia
812 2206 1008 2262 occultantem
1028 2206 1120 2263 secuti
1137 2216 1220 2275 sunt;
1242 2204 1297 2281 qui

216 2302 314 2349 autem
338 2290 514 2357 defendunt,
537 2299 570 2347 ut
592 2290 631 2348 sit
652 2310 684 2347 ue
709 2324 743 2333 -
770 2293 891 2365 quidem,
914 2291 974 2348 illis
996 2291 1054 2347 duo
1077 2291 1211 2362 obstant,
1234 2290 1298 2367 pri·

217 2396 295 2433 mum
319 2377 397 2450 quod
420 2376 540 2432 omnino
563 2374 667 2433 Cicero
689 2394 736 2432 racc
758 2395 812 2451 pro
834 2394 866 2431 na
884 2408 922 2419 -
940 2378 1048 2450 quidem
1070 2394 1128 2433 non
1151 2375 1224 2433 dicit
1244 2376 1298 2449 (de

217 2480 275 2536 quo
298 2461 423 2536 exposui
445 2461 481 2525 in,
499 2478 625 2517 excursu
649 2460 685 2516 ad
709 2460 737 2516 h.
761 2461 807 2531 1.),
836 2460 961 2517 alterurn
985 2460 1185 2530 manifestius,
1214 2460 1297 2536 quod

217 2546 320 2603 saltem
344 2546 539 2622 praecedente
560 2566 612 2602 uon
634 2545 686 2601 illa
709 2545 868 2620 particula,
898 2564 973 2619 quae
996 2564 1013 2602 a
1036 2545 1223 2620 copulatione
1245 2565 1297 2603 re·

217 2631 330 2688 moveri
353 2650 411 2688 non
435 2640 547 2706 potest,
575 2631 618 2687 ita
644 2631 713 2705 poni
737 2631 838 2704 nequit
866 2648 919 2687 nec
942 2649 1129 2704 equaquam
1152 2649 1295 2705 umquam

217 2716 315 2791 posita
337 2727 396 2779 est:
419 2736 473 2773 nec
490 2726 591 2791 aptum
609 2735 641 2772 uc
653 2747 692 2757 -
705 2717 822 2789 quiricae,
846 2715 930 2789 quasi
948 2715 1067 2772 Laelius
1085 2716 1126 2772 sic
1143 2715 1297 2775 laudasset

217 2801 383 2876 lapathum,
415 2810 447 2858 ut
474 2801 619 2858 suavitate
642 2800 748 2857 ceteris
769 2800 856 2875 longe
879 2811 1086 2876 praestantem.
1130 2800 1189 2874 Qui
1211 2800 1297 2879 aliud

217 2886 393 2943 vocabulum
416 2904 481 2943 cum
505 2886 618 2961 lapathi
641 2886 787 2942 saevitate
810 2886 996 2942 coniunctum
1015 2885 1160 2943 excidisse
1178 2896 1296 2961 putant.

216 2971 269 3028 illi.
292 2971 371 3045 quod
394 2980 514 3047 ponant,
538 2988 596 3027 non
614 2971 779 3046 reperiunt;
802 2971 866 3027 sola
888 2970 966 3027 enim
989 2971 1071 3039 haec,
1093 2970 1246 3046 lapathum
1266 2984 1297 3029 ct

216 3056 431 3131 acipenserem.
461 3054 566 3114 Cicero
594 3066 830 3131 comparaveram
858 3056 958 3129 itaque
986 3056 1148 3112 Latnbinus
1174 3055 1294 3113 inanem

217 3141 408 3217 tautologiam
432 3140 562 3197 induxit:
591 3142 730 3215 lnpotluun
758 3161 804 3198 uec
832 3142 939 3215 lopotlti
964 3144 1130 3199 scom'tatent.
1176 3140 1295 3198 Deinde

216 3237 313 3282 antem
348 3226 495 3282 sententia
522 3244 585 3282 eam
615 3226 825 3282 correctionem
854 3225 977 3302 flagitat.
1029 3225 1106 3282 Nam
1137 3225 1295 3284 manifesto

216 3310 352 3367 instituta
369 3310 464 3367 forma
480 3311 643 3386 syllogismi
662 3310 758 3381 (Quia
782 3314 856 3385 qrtorl
871 3319 944 3379 cet.;
967 3313 1011 3367 illc
1027 3328 1113 3385 porro
1129 3314 1209 3382 eet'.)‚
1231 3329 1293 3369 non

216 3396 309 3451 solnm
339 3414 391 3471 per
414 3415 445 3452 se
468 3396 634 3453 necessario
657 3396 888 3452 concludendum
913 3404 1117 3472 argumentum
1140 3394 1211 3457 tuit.
1240 3396 1294 3453 aed

216 3499 282 3537 cum
306 3481 394 3537 ctiam
418 3479 592 3538 stibiciatur:
617 3481 678 3537 Nou
701 3484 822 3553 ἐρέτην,
847 3500 932 3538 uerno
955 3499 1012 3537 non
1037 3481 1153 3556 cogitur
1174 3480 1294 3537 conclu·

217 3566 308 3622 aionis
330 3566 418 3622 finem
446 3576 618 3641 expectare:
646 3567 729 3640 atqui
751 3565 824 3622 illud
853 3567 889 3622 de
912 3566 1013 3623 Laelio
1037 3566 1126 3622 habet
1147 3565 1294 3623 adiectam

218 3651 443 3725 explicationem
473 3660 502 3707 et
530 3652 629 3725 (pransi,
660 3660 690 3707 ut
712 3652 755 3707 ita
777 3651 885 3707 dicam.
914 3650 1111 3707 corollarium.
1156 3650 1204 3707 Ne
1226 3650 1294 3726 quis

216 3744 313 3792 nutem
338 3746 421 3810 putet
443 3737 597 3794 <licendum
621 3735 728 3792 irrisae:
757 3736 799 3792 Ne
822 3737 883 3791 lnuc
905 3738 1012 3809 quidem
1034 3739 1116 3808 ipitur
1137 3736 1182 3810 (ut
1203 3737 1293 3793 'frisa

219 3823 241 3889 l,
266 3823 303 3877 71
329 3822 358 3876 ln
381 3832 462 3878 recta
485 3821 644 3895 scriptura:
668 3841 699 3876 uc
721 3824 828 3877 interire
850 3823 957 3899 quidem
979 3823 1087 3893 iprinc),
1111 3821 1153 3878 ita
1175 3821 1292 3882 dicitur.

216 3907 241 3963 si
265 3906 293 3961 in
318 3906 418 3962 codem
449 3925 555 3981 genere
585 3906 721 3981 negativo
751 3905 935 3962 concluditur
963 3908 1025 3978 (nou
1054 3907 1184 3967 distrahi,
1212 3908 1295 3979 r'pitur

216 4012 248 4047 ue
275 3994 381 4047 interire
409 3994 543 4065 qnidam),
571 3992 619 4048 laic
647 3992 683 4047 ad
712 3992 890 4048 contrarium
920 3991 1062 4048 transitur
1090 3992 1208 4065 (proce,-
1241 4012 1293 4065 uon

215 4080 296 4147 iqitrrr
318 4075 403 4151 benc).

301 4162 489 4238 orrtcponcbot)
524 4161 631 4217 Mirum
666 4160 912 4223 additamentum,
948 4160 1025 4234 qumi
1059 4160 1088 4216 in
1118 4160 1143 4219 (l
1176 4160 1293 4236 legitur.

217 4258 328 4312 ortum,
353 4265 417 4303 cunr
441 4251 590 4321 arr'poaert
611 4254 779 4319 corruptum
805 4256 897 4313 esset,
922 4246 1009 4302 habet
1033 4246 1121 4301 ctiam
1146 4245 1190 4301 ed.
1215 4246 1291 4304 Ven.

221 4333 309 4387 ltso.
366 4333 556 4407 (orruptclas
587 4333 649 4388 cius
674 4331 809 4387 vocabuli
834 4332 944 4388 similes
967 4331 1076 4387 lralrcnt
1100 4330 1178 4389 (lxx.
1203 4322 1294 4404 Εῧξχ
