3030 5086
370 505 414 551 ar
437 504 517 551 unu.
540 504 603 550 um.
626 504 1025 561 vcne.s1-ea.(m-se.t
1171 485 1235 551 779
1274 522 1278 531 ·

243 673 373 737 XXXII.
392 673 442 737 95.
466 673 552 736 Haec
574 671 739 754 igiturest
761 680 872 738 nostra
893 673 984 751 ratio,
1006 691 1088 753 quae
1109 672 1164 738 tibi
1187 672 1233 737 vi·

158 777 251 841 detur
274 775 470 853 inconstans,
498 792 567 838 eum
589 781 721 855 propter
742 774 866 839 urmes
888 774 1052 840 caelestem
1074 775 1231 855 quandam

157 886 190 941 et
205 876 342 940 divium
359 883 539 956 tantamque
557 874 793 956 praestantiam,
815 881 858 954 ut
875 875 928 940 ubi
945 876 1044 940 virtus
1062 875 1105 941 sit
1119 893 1234 957 resque

158 996 290 1059 magnae
311 984 342 1042 et
364 995 483 1042 summe
498 975 671 1041 laudabiles
689 976 802 1042 mrtute
818 986 936 1058 gestae,
960 977 1001 1042 ibi
1020 995 1091 1042 esse
1107 977 1233 1042 miseria

156 1089 189 1144 et
210 1097 362 1144 aerumna
383 1098 444 1143 non
468 1077 577 1159 possit,
600 1084 703 1142 tamen
724 1078 816 1142 labor
832 1079 941 1160 possit
963 1079 1063 1160 possit
1079 1078 1232 1158 molestia,
1254 1079 1276 1144 5

231 1298 411 1350 t.eetom.C
452 1303 474 1348 2.
494 1296 630 1347 uitmeell
669 1301 692 1346 e.
711 1296 782 1346 ete
827 1304 850 1346 ⁴.
869 1307 957 1349 mom.
978 1298 1068 1349 uteo
1103 1296 1231 1348 sumendae

158 1373 216 1432 (pro
233 1371 330 1426 summe)
340 1366 430 1417 uPcu
455 1365 633 1428 laudabilesque
644 1365 733 1416 tuce
768 1372 790 1418 5.
809 1364 877 1416 luber
892 1365 968 1429 possit
986 1375 1007 1416 et
1024 1366 1131 1417 notatu
1141 1367 1232 1418 LPGR

159 1577 213 1632 ego
241 1558 270 1614 in
299 1556 442 1613 Emendd.
467 1557 530 1614 Liv.
554 1576 582 1631 p.
602 1559 662 1614 447
686 1567 716 1614 et
738 1557 996 1616 Weissenbornius
1019 1558 1234 1615 annotavimus.

159 1642 238 1700 Add.
263 1641 351 1700 Ovid.
375 1642 447 1700 Met.
471 1641 503 1710 Ι,
527 1640 603 1703 438,
638 1642 683 1709 11,
711 1643 784 1704 182,
815 1643 872 1709 111,
900 1643 973 1709 188,
998 1644 1070 1709 747,
1093 1640 1149 1719 ab]
1193 1643 1235 1700 Ac

158 1737 245 1784 tannen
268 1727 355 1783 etiam
380 1725 457 1801 Spin.
480 1724 552 1804 [B]
575 1726 762 1801 restituitque
784 1725 892 1795 Gaius,
916 1729 952 1785 de
976 1747 1034 1802 quo
1056 1727 1167 1784 dictum
1191 1735 1236 1783 est

158 1812 195 1869 ad
218 1813 259 1869 11.
284 1813 333 1868 85.

244 1896 316 1972 Cap.
343 1897 480 1965 xxxn,
505 1896 555 1954 95.
579 1915 675 1970 resque
696 1916 809 1970 muqnuc
830 1907 854 1954 et
876 1916 976 1953 summe
999 1894 1162 1973 laudabiles)
1186 1895 1235 1954 Sic

159 1981 252 2040 Gaius
276 2001 291 2037 e
315 1981 407 2056 Spin..
438 1982 523 2038 modo
546 1982 618 2038 satis
640 1991 751 2039 certum
775 1982 827 2052 sit,
858 1981 888 2037 in
917 2000 952 2038 eo
976 1981 1066 2038 fuisse
1089 1992 1128 2045 el.
1156 1981 1235 2055 quod

160 2068 221 2124 Erl.
251 2064 306 2144 [B]
335 2067 452 2124 omittit.
497 2065 677 2130 Cratander,
705 2085 770 2124 eum
799 2067 900 2123 ederet
927 2066 1019 2124 idem.
1050 2067 1128 2142 quod
1156 2066 1185 2122 in
1210 2067 1237 2124 R

159 2161 223 2219 est,
262 2153 291 2208 in
333 2153 463 2228 margine
496 2171 549 2226 pro
583 2153 727 2208 sumendae
759 2152 913 2208 annotarit
945 2171 1045 2208 summe
1078 2152 1236 2221 nudamus,

160 2248 256 2293 utrum
280 2236 356 2292 etin
380 2237 482 2293 eodem
506 2247 584 2294 esset
606 2237 714 2301 codice,
738 2236 767 2292 in
790 2254 849 2310 quo
871 2237 937 2305 hec,
961 2254 1069 2306 necne,
1092 2237 1235 2293 incertum

159 2322 336 2395 relinquens.
387 2322 558 2380 'leuandam
587 2323 761 2398 particulam
790 2321 906 2398 putavi,
941 2321 1019 2395 quod
1053 2340 1100 2379 ree
1128 2321 1236 2378 virtute

158 2416 259 2482 gestae
287 2408 482 2464 communiter
508 2407 565 2463 dici
594 2407 731 2463 videntur
752 2409 797 2480 (ut
820 2412 834 2476 ξ
859 2407 926 2480 66),
961 2416 1022 2462 turn
1052 2406 1107 2463 boc
1135 2405 1238 2482 augeri

160 2492 273 2548 duobus
297 2491 450 2549 adiectivis
472 2491 649 2548 coniunctis:
672 2509 785 2564 maqnoe
806 2501 831 2547 et
852 2510 952 2548 stamme
975 2492 1132 2548 laudabiles.
1177 2491 1237 2548 Res

159 2577 330 2634 sumendas.
365 2577 419 2632 boe
447 2587 505 2643 est,
540 2577 708 2632 commodas
742 2585 770 2632 et
800 2574 952 2650 eligendae
980 2580 1007 2647 (ξ
1032 2576 1072 2632 90
1102 2587 1131 2633 et
1153 2575 1237 2649 alibi)

159 2661 233 2718 nihil
257 2663 312 2718 hue
335 2661 499 2734 pertinere,
522 2661 579 2717 iarn
604 2660 754 2719 Manutius
777 2660 892 2718 viderat
914 2671 944 2718 et
964 2680 1117 2736 summeque
1139 2663 1238 2718 loudo-

160 2748 224 2804 biles
247 2746 334 2802 scribi
360 2746 502 2803 voluerat.

247 2841 332 2886 tuanen
356 2832 432 2887 luber
452 2833 550 2904 possit.
569 2834 657 2905 possit
678 2832 812 2903 molestia)
836 2832 901 2887 Hoc
924 2848 1042 2905 quoque
1064 2848 1101 2885 ex
1126 2829 1185 2886 um.
1209 2839 1240 2885 et

144 2917 240 2991 ‚Spin
254 2912 310 2993 [B]
332 2925 481 2991 receptum
505 2925 549 2972 est
572 2935 589 2971 a
607 2915 692 2974 Gaio.
726 2915 821 2972 Paulo
845 2925 941 2972 tamen
965 2915 1052 2971 aliter
1074 2914 1122 2969 hic
1144 2914 1237 2970 vicem

162 3001 323 3076 particulae
346 3001 404 3057 duo
427 3001 545 3057 nomina
568 3000 773 3076 coniungentis
796 3011 825 3057 et
844 3000 939 3057 eidem
957 2999 1049 3056 verbo
1066 2998 1239 3055 subicientis

162 3087 250 3159 (luber
272 3090 359 3160 possit
387 3096 412 3142 et
438 3088 569 3156 molestie)
597 3086 723 3142 sustinet
750 3085 832 3142 verbi
861 3085 1036 3160 geminatio,
1070 3094 1160 3158 atque
1189 3083 1238 3139 ubi

161 3172 326 3228 contrariae
349 3180 497 3245 ponuntur
519 3170 548 3226 in
572 3170 674 3227 eodem
698 3171 788 3229 verbo
811 3170 929 3246 negatio
952 3180 981 3227 et
1003 3168 1177 3235 affirmatio,
1209 3177 1240 3225 ut

162 3275 251 3332 supra
263 3257 303 3313 ΙΙ.
318 3259 372 3312 68:
394 3267 433 3312 est
454 3257 569 3330 aliquid,
593 3257 666 3330 quod
688 3256 762 3314 stolis
780 3276 832 3312 non
848 3258 933 3323 boeot,
957 3258 1035 3312 licent
1052 3257 1114 3317 illis,
1138 3264 1168 3311 et
1185 3272 1239 3328 pro

164 3341 248 3402 Sulla
271 3343 303 3397 3:
333 3342 504 3415 quomobrem
525 3341 575 3397 obs
598 3351 622 3397 te
648 3339 681 3408 Q.
702 3341 840 3399 Hortensii
854 3344 962 3414 suctum
985 3360 1035 3397 raon
1058 3340 1239 3416 reprebenda-

162 3438 214 3484 tur.
237 3428 449 3500 reprebendatur
471 3445 563 3482 arreum.
610 3425 700 3483 Huic.
724 3427 801 3500 quod
825 3445 895 3501 prae
919 3425 1054 3483 manibus
1076 3435 1135 3491 est,
1160 3424 1240 3481 simi·

162 3512 219 3569 lius
242 3510 314 3567 illud
337 3511 430 3568 videri
454 3512 560 3586 possit,
592 3510 670 3585 quod
693 3511 722 3567 in
745 3513 833 3569 Tusc.
858 3513 904 3580 ΙΙ,
929 3514 969 3568 44
992 3511 1101 3587 legitur
1123 3510 1186 3580 (sed
1210 3509 1239 3566 in

162 3596 244 3653 brevi
267 3598 401 3653 oratione
424 3597 609 3669 indicativa):
633 3606 749 3671 possunt
775 3599 845 3654 oculi
865 3596 1007 3670 (dolore),
1033 3606 1121 3671 polest
1148 3604 1240 3670 captet,

162 3684 258 3743 butera,
279 3685 427 3756 prelmmms.
448 3693 562 3757 possunt
584 3686 681 3739 omnia.
714 3683 825 3738 Verum
849 3681 890 3738 ibi
913 3682 968 3738 bac
992 3682 1056 3758 ipse
1078 3679 1175 3739 forma
1197 3679 1241 3736 di-

162 3767 287 3842 ligenter
309 3768 528 3843 distingo-untur
551 3768 649 3841 plures
672 3785 718 3823 res
741 3777 894 3841 separatae
917 3779 947 3823 et
969 3767 1133 3834 seiunctae,
1162 3764 1241 3840 quod

162 3853 192 3909 in
215 3852 345 3908 laborem
369 3864 398 3908 et
422 3853 585 3909 molestiam
609 3870 666 3907 non
690 3851 806 3908 videtur
827 3853 942 3909 cadere.
988 3852 1113 3909 Accedit
1136 3851 1165 3907 iu
1185 3851 1242 3907 hoc

163 3938 244 3997 loco.
273 3937 351 4012 quod
374 3937 403 3993 in
433 3937 600 3994 huiusmodi
629 3937 802 4011 exceptione
830 3947 860 3994 et
888 3937 1050 4012 superioris
1078 3935 1242 3994 sententiae

163 4023 433 4096 circumscriptione
461 4022 648 4098 adiungenda
670 4040 751 4090 raro,
781 4022 805 4079 si
834 4040 988 4096 umquam,
1017 4031 1104 4078 tomen
1135 4038 1190 4096 pro
1218 4029 1243 4076 et

164 4119 249 4164 tannen
269 4108 393 4181 'ponitur
415 4110 457 4179 (ut
477 4109 515 4164 ibi
535 4111 642 4164 eniseriu
665 4126 721 4164 esse
742 4126 793 4163 teon
811 4111 909 4183 possit,
933 4117 1020 4163 tomen
1037 4107 1113 4163 labae
1125 4109 1241 4182 ρωπος

165 4193 194 4248 in
217 4192 283 4259 illa,
312 4211 400 4266 quarn
423 4192 499 4249 dixi.
529 4192 694 4268 negationis
721 4202 751 4248 et
772 4191 979 4249 affirmationis
1002 4191 1148 4249 contraria
1172 4209 1243 4249 eon-

164 4278 313 4335 innctione
337 4278 404 4334 addi
434 4288 519 4334 tanuen
548 4278 591 4335 sie
613 4286 724 4353 potest:
753 4287 782 4334 ut
807 4279 845 4334 ibi
865 4281 974 4335 belseria
996 4280 1241 4353 casertanensem,

161 4366 248 4437 possit
265 4374 350 4419 tamen
369 4366 497 4420 umlestia.
535 4364 643 4421 Locum
662 4363 745 4419 illum
762 4363 792 4420 in
804 4364 892 4420 Tusa.
906 4363 947 4435 ΙΙ,
961 4364 1011 4431 60,
1030 4361 1059 4419 in
1077 4380 1136 4436 qno
1153 4372 1242 4418 tumen

166 4466 219 4523 pro
240 4458 266 4504 et
287 4459 373 4506 tumen
397 4448 525 4524 positum
548 4448 681 4505 nonnulli
705 4456 862 4524 putarunt,
886 4449 974 4524 paulo
997 4456 1066 4505 ante
1088 4447 1138 4521 (ad
1155 4451 1171 4517 5
1189 4447 1242 4518 94)
