3030 5086
404 1475 653 1569 incalluit
684 1474 899 1569 tullionis
929 1474 1109 1567 PRIMAE.

680 1694 831 1702 ———-

218 1778 300 1892 buo
321 1834 408 1904 sunt,
436 1826 562 1906 opinor,
589 1844 670 1907 quae
691 1828 822 1892 lectores
851 1846 870 1892 a
892 1845 942 1891 me
963 1826 1110 1891 hocloco
1132 1827 1292 1907 requirent

216 1944 288 2016 aut,
310 1936 419 2000 sinon
443 1934 603 2014 requirent
624 1934 692 2015 ipsi,
716 1934 848 2016 rogandi
870 1934 944 1999 mihi
967 1942 1054 2013 sunt,
1083 1940 1119 1998 ut
1139 1934 1289 2000 benevolo

216 2044 320 2108 animo
343 2051 376 2107 et
396 2049 516 2107 attento
538 2042 700 2123 accipiant.
736 2043 816 2107 Nam
839 2043 973 2124 primum
995 2042 1158 2108 dicendum
1180 2048 1230 2107 eat
1250 2043 1290 2108 de

216 2151 329 2216 horum
344 2150 502 2228 librorum,
520 2168 599 2231 quos
612 2149 719 2215 Cicero
738 2151 777 2215 de
793 2149 905 2214 finibus
922 2150 1074 2214 bonorum
1091 2149 1289 2215 etmalorum

216 2258 352 2339 scripsit,
369 2257 585 2322 emendatione
602 2267 633 2322 et
644 2258 843 2323 enarratione
860 2265 891 2322 et
903 2258 1066 2323 universae
1078 2275 1193 2338 operae
1209 2277 1291 2324 ame

218 2368 248 2430 in
272 2367 311 2430 iis
333 2365 456 2446 positae
477 2365 556 2430 ratio
574 2366 619 2430 sic
635 2366 827 2447 explicanda,
849 2374 893 2443 ut,
916 2384 996 2445 quae
1014 2366 1045 2429 in
1062 2366 1291 2432 commentariis

218 2475 360 2556 disperse
381 2475 487 2554 posita
508 2481 590 2553 sunt,
612 2492 650 2538 ea
672 2475 712 2538 ad
735 2491 808 2538 suas
828 2491 939 2538 causas
956 2473 1127 2552 generatim
1144 2480 1291 2540 revocata

218 2592 249 2648 et
260 2581 394 2661 intellegi
405 2581 526 2662 plenius
538 2590 570 2645 et
585 2581 715 2646 iudicari
731 2582 846 2646 rectius
862 2581 993 2662 possint
1026 2584 1094 2661 Quo
1111 2583 1178 2647 loco
1196 2582 1290 2648 etiam

217 2690 292 2755 illud
323 2688 446 2756 efficere
468 2690 617 2770 conabor,
645 2697 680 2754 ut
707 2688 836 2755 libertas
865 2691 1020 2773 quaedam
1047 2697 1079 2754 et
1107 2690 1290 2771 simplicitas

217 2798 322 2863 iudicii
345 2803 376 2863 et
398 2797 558 2874 orationis,
580 2818 600 2863 a
622 2817 685 2879 qna
707 2816 746 2862 ne
767 2797 817 2861 hic
839 2797 965 2880 quidem
987 2797 1156 2875 discedam,
1179 2797 1289 2863 merito

218 2913 248 2970 et
270 2906 447 2971 necessario
469 2905 609 2970 adhibita
626 2923 696 2971 esse
712 2905 862 2970 videatur.
895 2904 1026 2983 Deinde,
1048 2923 1129 2985 qnae
1146 2906 1186 2971 de
1203 2904 1289 2971 cice-

217 3013 337 3078 roniani
366 3013 471 3094 operis
502 3013 602 3078 forma
628 3023 723 3094 atque
750 3013 959 3094 descriptione
986 3012 1065 3077 scitu
1087 3013 1180 3094 digua
1202 3013 1289 3078 vide-

218 3122 332 3186 buntur
360 3139 459 3201 neque
486 3121 516 3184 in
540 3122 767 3186 commentariis
795 3127 850 3184 aut
877 3139 934 3202 per
961 3137 1109 3184 excursus
1138 3122 1288 3201 exposita,

218 3228 477 3309 comprehendam
507 3237 538 3293 et
564 3230 603 3294 ab
630 3230 667 3293 iis
695 3231 735 3293 ad
762 3231 848 3308 ipsos
877 3228 970 3292 libros
998 3227 1129 3292 lectores
1157 3228 1287 3295 mittam.

218 3337 278 3402 Sed
300 3337 388 3417 prior
403 3337 455 3400 illa
473 3337 652 3417 disputatio,
676 3336 763 3400 cuius
780 3355 892 3418 magne
908 3353 982 3415 pars
999 3343 1174 3415 apparatus
1191 3337 1288 3402 critici
1299 3335 1316 3369 ⁸

217 3444 420 3525 explicatione
437 3443 654 3522 continebitur,
671 3463 739 3510 cum
758 3463 816 3509 sna
833 3451 946 3507 natura
959 3442 1107 3507 maiorem
1119 3443 1287 3508 necessita·

219 3564 278 3616 tem
301 3552 414 3617 habeat
436 3569 529 3632 qnam
556 3552 790 3617 delectationem
813 3552 843 3616 in
863 3551 956 3615 nebus
973 3551 1098 3615 minutis
1120 3570 1178 3631 per
1200 3552 1286 3616 amb-

217 3680 290 3741 ages
312 3659 552 3740 persequendis,
580 3667 644 3724 tum
667 3659 825 3723 molestior
845 3657 894 3737 fit,
923 3659 1007 3738 qnod
1029 3659 1099 3738 plus
1123 3659 1285 3723 verborum

217 3768 457 3832 consumendum
480 3775 529 3831 est
551 3767 580 3830 in
604 3784 712 3832 eorum
730 3767 868 3830 codicum
888 3766 1186 3844 commemoratione,
1207 3785 1286 3848 quos

217 3894 326 3956 pamm
350 3875 500 3953 novimus,
524 3894 615 3955 qnam
639 3875 669 3938 in
692 3891 808 3951 eornm,
831 3892 961 3954 quornm
984 3874 1094 3953 plenus
1116 3892 1192 3937 usus
1214 3892 1286 3939 con-

218 4001 323 4047 cessus
339 3989 395 4047 est.
436 3984 545 4064 ltaque
562 3983 721 4064 deprecor,
739 4001 777 4047 ne
794 4001 863 4048 mea
880 3983 1073 4047 existimetur
1089 3981 1188 4062 culpa,
1206 4000 1285 4062 quae

218 4091 409 4171 superiorum
432 4101 489 4154 est.
502 4093 530 4166 1)

246 4311 267 4368 ¹)
287 4306 424 4372 [Quaedam
446 4321 513 4358 nrrrrr
534 4308 574 4357 lrlc
594 4306 647 4356 llllc
666 4305 798 4372 contraxi}
