3030 5086
254 449 318 514 542
646 466 691 513 nn
713 467 844 515 rimans
866 468 937 514 nou.

254 635 420 712 rationem,
451 635 491 698 sit
513 635 544 698 in
567 652 629 698 una
651 633 767 699 virtute
793 633 864 700 finis
887 634 1054 714 bonorum;
1084 637 1132 700 sin
1160 644 1208 700 est
1235 637 1329 700 etiam

255 754 378 816 corpus,
400 735 463 799 ista
485 735 661 816 explanatio
685 742 816 801 naturae
839 756 950 817 nempe
971 737 1031 802 hoo
1052 737 1202 815 effecerit,
1225 745 1259 801 ut
1282 756 1329 815 ea,

255 855 335 918 quae
357 844 429 902 ante
452 837 702 917 explanationem
725 839 915 916 tenebamus
940 840 1159 920 relinquamus.
1194 839 1277 920 Ergo
1296 839 1329 903 id

255 949 303 1003 est
319 939 538 1003 convenienter
554 948 687 1003 naturae
704 939 817 1016 vivere,
834 959 853 1003 a
871 949 984 1004 natura
1000 940 1168 1005 discedere.
1211 941 1263 1004 42.
1286 941 1330 1006 Ut

216 1040 236 1106 5
254 1040 380 1120 quidam
392 1040 579 1120 philosophi,
597 1057 674 1116 cum,
691 1059 711 1103 a
728 1042 870 1106 sensibus
883 1040 1022 1121 profecti,
1039 1043 1160 1105 maiora
1176 1042 1328 1122 quaedam

254 1149 285 1207 et
308 1140 459 1205 diviniora
480 1142 647 1219 vidissent,
671 1161 781 1206 sensus
803 1142 1009 1223 reliquerunt,
1038 1144 1082 1206 sic
1104 1143 1169 1213 isti,
1199 1160 1268 1206 cum
1292 1161 1328 1207 ex

255 1243 446 1322 appetitione
464 1262 567 1307 renum
579 1243 702 1307 virtutis
720 1244 979 1324 pulchritudinem
995 1245 1199 1324 aspexissent,
1216 1246 1328 1320 omnia,

253 1362 336 1424 quae
364 1352 490 1425 praeter
519 1345 663 1408 virtutem
697 1345 797 1425 ipsam
825 1346 981 1423 viderant,
1014 1347 1207 1423 abiecerunt,
1240 1344 1328 1409 obliti

323 1535 346 1578 3.
367 1528 544 1594 explicationem
555 1530 622 1580 Pca
658 1536 680 1579 5.
696 1531 835 1596 persectiE
873 1537 887 1579 6
915 1549 944 1581 ac
962 1531 1081 1581 divitiora
1095 1533 1160 1584 COr.
1198 1549 1227 1581 cr
1245 1531 1328 1582 om.C

255 1603 276 1649 8.
297 1615 359 1663 quac
377 1614 425 1647 om.
446 1599 468 1647 R
485 1615 547 1662 qaae
562 1608 660 1662 propter
677 1600 766 1649 lleC
782 1608 880 1663 propter
897 1617 958 1663 qaae
977 1600 1018 1650 Or.

340 1772 389 1828 42.
418 1772 454 1828 Ut
476 1762 587 1846 an'dam
605 1773 773 1846 philosophi)
797 1773 846 1846 qui
874 1774 1070 1849 cognitionem
1093 1791 1191 1829 rerum
1221 1789 1328 1829 asen-

252 1856 334 1914 sibus
363 1866 537 1932 separarunt
567 1865 596 1913 et
623 1858 757 1913 sensibus
785 1857 871 1913 fldem
900 1859 1088 1934 abrogarunt.
1133 1857 1330 1914 Academicos

253 1951 350 1998 autem
375 1942 502 1998 maxime
525 1941 684 2017 significat,
715 1943 770 1999 etsi
792 1943 971 2000 recentiores
993 1943 1111 2016 quidem
1134 1961 1193 1999 nou
1217 1941 1330 1999 maiora

252 2044 287 2083 ac
310 2027 456 2083 diviniora
478 2027 529 2082 illa
552 2026 700 2095 tenebant,
726 2026 777 2083 sed
800 2046 914 2084 omnem
939 2029 1156 2103 perceptionem
1180 2044 1328 2084 unacum

252 2130 389 2168 sensuum
414 2111 470 2166 tide
493 2110 647 2168 eiciebant.
694 2113 746 2182 (Et
768 2113 900 2169 clim'nr'ora
918 2114 1005 2169 etiam
1024 2109 1064 2192 [B
1087 2107 1129 2191 et]
1155 2110 1212 2171 Ox.
1232 2111 1272 2182 E3
1295 2111 1328 2167 in

253 2195 401 2272 plerisque
424 2195 487 2251 edd.
511 2215 544 2253 ce
566 2215 603 2252 ex
626 2196 745 2271 prima)

338 2300 408 2355 quoe
425 2291 536 2355 praeter
558 2281 694 2355 uirtutem)
718 2281 768 2340 Sic
790 2281 975 2339 scribendum
999 2299 1063 2339 esse
1087 2290 1238 2338 senserant
1261 2279 1329 2339 Cle·

250 2366 330 2423 ricus
353 2376 382 2422 et
401 2364 557 2434 Davisius3
580 2375 610 2422 et
632 2366 790 2441 scripserat
812 2366 853 2423 ita
876 2367 933 2423 iam
946 2367 1124 2435 Ascensius3
1148 2365 1241 2424 Gaius
1258 2383 1327 2423 auc·

251 2461 330 2508 tores
347 2450 461 2507 addidit
473 2451 535 2509 Erl.
549 2449 659 2524 (falso),
678 2451 755 2526 Spir.
770 2447 834 2532 [8],
853 2453 933 2523 Bes,
946 2450 1025 2509 Gud.
1042 2455 1066 2520 1,
1090 2452 1118 2507 in
1143 2469 1200 2524 quc
1224 2468 1327 2526 super·

251 2537 391 2610 scriptum
407 2545 470 2592 erat
483 2546 603 2610 propter.
638 2537 702 2592 Hoc
719 2534 866 2610 frequenti
884 2536 1098 2612 permutatione
1118 2537 1146 2592 in
1166 2535 1328 2594 deteriores

251 2621 335 2678 codd.
363 2619 482 2695 irrepsit
510 2621 577 2694 (etsi
601 2619 679 2679 Oxx.
709 2639 746 2678 cx
775 2640 833 2678 unc
856 2634 882 2695 ψ
910 2631 1067 2681 annotant.
1097 2631 1129 2677 ut
1156 2619 1260 2677 saltem
1285 2614 1328 2689 Εξ

251 2725 352 2763 rerum
376 2705 514 2762 habuisse
536 2707 649 2780 putem)
672 2715 701 2761 et
723 2725 740 2761 a
764 2707 841 2763 Vict.
865 2716 894 2762 et
914 2705 1006 2764 Grcn.
1030 2707 1139 2763 editum
1164 2715 1217 2762 est.
1251 2704 1326 2764 Cum

250 2792 381 2866 ineptum
410 2799 501 2856 esset,
533 2800 645 2866 propter
671 2795 792 2847 virtatem
826 2790 1018 2866 philosophos
1051 2791 1103 2847 illa
1130 2789 1254 2858 vidisse,
1288 2808 1327 2847 ex

250 2877 357 2952 quibus
379 2875 517 2932 virtutem
547 2895 597 2932 eos
625 2875 777 2950 aspexisse
805 2874 909 2934 Cicero
938 2876 1027 2944 dixin,
1057 2885 1171 2933 veteres
1199 2875 1327 2932 editores

250 2963 321 3034 (iam
344 2979 371 3016 a.
388 2961 477 3030 1480,
501 2959 591 3030 Crat,
609 2961 670 3032 al),
694 2969 753 3016 tum
767 2960 854 3018 Grut.
879 2962 1093 3018 substituerunt
1111 2971 1224 3036 propter
1245 2979 1325 3034 quoe.

251 3046 345 3103 Erunt
375 3037 472 3103 aute'm
502 3045 590 3102 etiam
618 3044 759 3116 fortasse,
794 3047 843 3119 qui
873 3065 943 3120 quoe
967 3056 1078 3121 propter
1108 3045 1209 3103 eodem
1240 3044 1326 3101 modo

250 3131 382 3207 intellegi
405 3148 491 3206 posse
514 3130 627 3197 dicant,
659 3139 691 3186 ut
712 3131 891 3206 anastrophe
914 3131 960 3188 sit.
1008 3132 1118 3188 Verum
1143 3131 1198 3186 etsi
1221 3128 1327 3188 Cicero

249 3216 428 3290 aliquotiens
460 3215 503 3272 sic
536 3215 591 3272 hac
618 3215 798 3291 anastrophe
826 3234 896 3273 usus
924 3225 983 3286 est,
1017 3225 1049 3272 ut
1077 3215 1327 3291 praepositionem

250 3301 331 3358 casui
355 3319 408 3357 suo
430 3301 592 3357 subiectam
615 3299 691 3357 alius
714 3301 864 3376 exciperet
886 3301 1071 3358 accusativus
1094 3300 1141 3374 (ad
1165 3301 1230 3357 Att.
1241 3299 1283 3370 X,
1296 3299 1325 3366 4,

255 3390 285 3443 1:
307 3389 381 3455 istos,
405 3404 472 3460 quos
489 3396 604 3461 propter
625 3389 712 3442 omnia
735 3389 882 3453 amisimus,
905 3394 934 3442 et
957 3386 997 3456 X,
1017 3386 1045 3453 8,
1064 3387 1097 3443 8:
1121 3396 1149 3441 ot
1172 3386 1205 3441 iis
1224 3403 1327 3459 paren·

250 3491 323 3540 mors,
353 3489 421 3545 quos
442 3480 535 3527 contra
558 3490 598 3527 me
619 3476 743 3539 abactas,
773 3491 806 3527 ne
827 3473 895 3546 quid
915 3491 959 3527 res
978 3472 1087 3546 probb'ca
1110 3471 1261 3526 detrimenti
1280 3487 1327 3525 cc·

247 3566 331 3632 peret,
355 3558 479 3623 armavit,
503 3556 589 3614 Vorr.
614 3556 652 3624 V,
680 3555 753 3612 153:
776 3575 854 3630 qoem
876 3565 968 3612 contro
991 3576 1068 3613 arran
1092 3558 1215 3625 tulerant,
1240 3554 1272 3612 ΙΙ
1290 3553 1328 3610 de

251 3642 285 3698 tt.
302 3641 336 3698 P.
363 3642 418 3696 bl:
446 3659 514 3715 quos
532 3660 614 3715 penes
636 3659 767 3696 summam
788 3642 892 3697 consilii
912 3643 993 3697 volra't
1014 3644 1097 3714 csse),
1121 3650 1219 3698 tamen
1241 3638 1273 3695 id
1295 3637 1328 3695 in

250 3726 302 3782 tali
325 3726 458 3782 oratione
480 3725 564 3792 fecit,
594 3725 622 3781 in
652 3743 709 3798 qua
733 3726 919 3800 apertissima
946 3736 1024 3783 esset
1046 3725 1228 3801 pronominis
1250 3722 1328 3780 rela-

250 3811 302 3867 tivi
332 3819 361 3867 et
390 3810 616 3885 praepositionis
639 3809 821 3878 coniunctim
852 3811 931 3884 quod
959 3811 1006 3866 hie
1034 3820 1136 3867 contra
1155 3820 1217 3867 est.
1262 3809 1329 3866 Nec

250 3896 364 3961 (icero,
388 3914 563 3970 quamquam
588 3895 780 3969 philosophos
803 3895 870 3952 illos
893 3915 930 3951 ex
953 3896 1134 3970 appetitione
1151 3913 1248 3951 rerum
1267 3893 1328 3951 vir·

249 3991 340 4037 tutem
364 3980 515 4055 aspexisse
538 3980 662 4047 iudicat,
694 3990 726 4035 ut
756 3980 813 4037 ista
835 3981 978 4056 appetitio
1002 3979 1207 4055 miminerit,
1236 3978 1327 4034 etiam

249 4075 370 4140 propter
398 4084 444 4121 res
473 4075 611 4121 externas
639 4075 669 4120 et
696 4066 829 4141 corporis
856 4084 907 4122 eos
930 4066 1067 4122 virtutem
1091 4064 1200 4121 vidisse
1228 4063 1329 4120 dicere

249 4161 359 4226 potest,
390 4150 527 4224 quoniam
558 4168 592 4207 ea
620 4168 701 4206 suam
732 4170 769 4207 ex
798 4151 912 4207 ratione
940 4151 1082 4226 originem
1106 4150 1243 4206 habebat.
1290 4148 1328 4205 In

249 4255 297 4304 eaq
333 4254 419 4309 quam
450 4235 579 4301 restitui,
614 4235 760 4310 scriptura
794 4254 880 4309 quam
910 4236 1072 4292 sententiae
1101 4234 1328 4310 perversitatem

249 4319 379 4378 Orellins
402 4320 642 4394 deprehenderit,
672 4339 729 4377 non
752 4321 901 4396 intellego.
946 4321 1022 4378 Nam
1047 4329 1164 4395 praeter
1185 4319 1328 4375 virtutem

248 4416 336 4479 atque
359 4405 433 4460 adeo
451 4413 519 4461 ante
537 4424 600 4462 eam
614 4404 763 4479 (quoniam
782 4406 845 4462 eius
868 4405 920 4461 lux
943 4413 1011 4480 post
1033 4405 1137 4479 oritur)
1156 4402 1329 4479 philosophi
