3030 5086
447 513 491 558 ar
516 513 595 559 nrnn.
619 513 681 558 nra.
704 514 726 558 v
749 513 822 559 car.
843 515 917 562 e-a.
933 516 1066 573 rae-m.)
1230 495 1294 559 645

220 700 339 744 ornnem
363 680 459 743 vitam
482 681 629 745 tuendam
649 680 808 760 appetitus
824 700 845 743 a
862 687 974 744 natura
992 681 1095 758 datur,
1117 699 1153 745 se
1168 688 1203 744 ut
1219 698 1293 744 con·

220 794 322 846 servet
345 789 440 861 atque
462 782 505 845 ita
527 783 568 845 sit
589 781 742 859 affectum,
765 790 801 846 ut
822 782 939 862 optime
961 783 1131 846 secundum
1149 789 1294 846 naturam

219 883 361 947 allectum
390 901 460 946 esse
487 883 595 964 possit.
645 884 735 947 Hanc
760 884 848 947 initio
880 884 1104 948 institutionem
1133 883 1294 949 confusam

218 985 312 1049 habet
334 992 366 1049 et
387 985 546 1062 incertam,
569 995 603 1049 ut
625 986 839 1049 tantummodo
858 1004 892 1049 se
911 992 1046 1063 tueatur,
1070 986 1295 1066 qualecumque

219 1088 273 1165 sit;
297 1088 352 1151 sed
375 1086 526 1166 neuquid
549 1086 603 1165 sit,
626 1087 781 1167 neuquid
804 1088 918 1167 possit,
942 1106 998 1151 nec
1020 1088 1094 1167 qrrid
1116 1088 1215 1169 ipsius
1239 1088 1333 1151 na-ti

219 1197 289 1252 tura
301 1190 350 1265 sit,
366 1187 526 1266 intellegit.
560 1187 637 1251 Cum
654 1199 758 1252 autem
776 1188 929 1268 processit
945 1189 1072 1269 paulum
1085 1196 1124 1268 et,
1141 1195 1295 1269 quatenus

218 1290 368 1370 quidquid
391 1308 426 1354 se
447 1290 582 1370 attingat
604 1291 645 1353 ad
668 1308 764 1371 seque
786 1291 954 1371 pertineat,
983 1290 1161 1371 perspicere
1183 1289 1298 1371 coepit,

287 1464 311 1506 3.
331 1460 474 1522 affectanti}
510 1459 694 1508 conatrluttoaem
710 1459 843 1509 LPCROr.
880 1467 903 1506 4.
922 1469 947 1508 ut
963 1468 1041 1508 tameo
1058 1459 1155 1509 modoL
1193 1465 1214 1505 e.
1235 1459 1297 1509 Post

219 1525 329 1590 intellepit
351 1528 408 1576 add.
433 1544 503 1590 quam
526 1527 561 1575 ad
582 1545 680 1576 canaam
702 1527 770 1576 habet
793 1544 843 1576 eum
866 1544 932 1590 quem
950 1526 1051 1576 iluimus
1071 1529 1092 1576 E
1146 1532 1167 1576 7.
1191 1543 1217 1576 se
1235 1535 1294 1587 (om.

220 1595 315 1658 ΜΕ
350 1596 486 1658 sesequeC

219 1735 346 1808 perspici
369 1744 475 1810 coepte
497 1744 556 1803 est,
578 1745 612 1791 ut
634 1748 663 1793 et
687 1755 755 1791 mox
778 1735 960 1810 significatur
982 1745 1012 1792 et
1033 1740 1048 1805 ξ
1069 1735 1108 1791 42
1127 1753 1191 1809 sqq.
1237 1735 1296 1793 Sed

219 1830 317 1875 tamen
341 1819 415 1876 nihil
437 1830 490 1889 est,
513 1820 592 1893 qnod
615 1822 657 1878 ita
673 1820 829 1896 discrepet,
853 1830 886 1876 ut
902 1820 1139 1896 interpolationis
1155 1819 1295 1876 iudicium

220 1904 336 1969 habeat,
360 1921 394 1959 ae
417 1924 453 1961 ne
476 1906 639 1980 excogitari
663 1906 778 1980 quidem
799 1916 904 1980 potest,
929 1923 981 1962 cnr
998 1906 1065 1979 quie
1081 1914 1133 1962 aut
1148 1905 1226 1962 unda
1244 1924 1296 1961 ex·

220 2001 313 2045 trema
336 1989 387 2044 illa
410 1990 445 2045 de
469 1991 581 2065 optima
600 1990 755 2047 affectione
774 1991 882 2047 addere
900 1990 1036 2047 voluerit.
1070 1990 1115 2047 Ea
1131 2000 1228 2047 autem
1246 1988 1296 2048 ci-

219 2092 287 2130 cero
316 2083 348 2129 ut
377 2074 563 2149 adiungeret,
594 2076 693 2151 priora
721 2076 761 2148 (ee
788 2086 817 2131 ut
839 2078 983 2149 ememor)
1006 2076 1134 2150 repetiit.
1178 2076 1296 2148 (ltaque

120 2205 123 2211 .
220 2159 269 2232 qui
294 2162 366 2215 haec
388 2156 573 2234 parenthesis
596 2162 674 2217 notis
703 2158 860 2217 defendere
888 2161 985 2218 conati
1009 2170 1091 2228 sunt,
1120 2161 1295 2217 deteriorem

219 2261 337 2300 causam
361 2242 516 2317 fecerunt.)

304 2330 505 2402 iustitutionem)
530 2329 579 2386 Sic
602 2330 689 2386 etiem
709 2330 787 2405 Spir.
802 2326 867 2409 [B],
891 2350 948 2405 mg.
963 2329 1052 2399 Crat,
1076 2331 1139 2387 cod.
1153 2331 1240 2401 Mon,
1264 2339 1297 2386 ut

219 2414 273 2482 IV,
299 2414 337 2469 32
361 2424 390 2470 et
414 2418 450 2471 41
477 2415 592 2471 locutus
615 2423 674 2483 est;
697 2415 841 2471 editiones
863 2419 1080 2472 correlationem.

304 2510 328 2555 et
345 2510 477 2573 paratarma
494 2502 631 2574 quidquid
646 2520 675 2557 se
691 2500 818 2574 othnpat)
832 2501 885 2558 Est
905 2501 952 2557 hic
969 2501 1051 2558 loeus
1068 2519 1105 2557 ex
1118 2500 1165 2568 iis,
1183 2499 1213 2556 in
1231 2500 1296 2574 qui·

220 2584 274 2639 hus
291 2588 415 2658 quisquis
433 2604 593 2659 pronomen
611 2595 716 2643 neutro
734 2603 841 2660 genere
854 2586 942 2642 etiam
954 2586 1033 2661 apud
1046 2585 1228 2653 Ciceronem,
1247 2585 1296 2641 de-

219 2669 315 2743 posita
327 2669 444 2726 relativi
457 2679 571 2739 natura,
585 2689 647 2726 eam
662 2671 842 2746 singularum
852 2689 949 2727 rerum
962 2671 1206 2746 significationem
1220 2671 1296 2727 acei-

219 2754 271 2827 pit.
284 2773 359 2827 quae
372 2756 457 2810 estin
470 2761 598 2829 quisqam
616 2774 682 2811 nam
696 2754 774 2829 quod
787 2755 980 2813 Frotscherus
992 2756 1208 2828 adQuiutil.X,
1217 2757 1245 2823 5,
1255 2756 1295 2812 23

219 2856 323 2894 cavere
347 2850 444 2895 tamen
468 2858 520 2895 nos
537 2840 628 2908 iubet,
652 2859 689 2896 ne
712 2859 765 2914 pro
787 2844 902 2914 quisque
920 2841 1047 2915 positum
1068 2849 1214 2916 putemus,
1238 2859 1296 2897 non

220 2933 263 2978 est
286 2942 374 2979 arrsus
397 2923 488 2980 libere
512 2925 655 2983 confiteri.
676 2925 706 2981 in
729 2935 829 2981 vetere
853 2943 969 3001 quoque
992 2944 1126 2982 sermone
1149 2925 1296 2982 interdum

219 3026 323 3064 vocum
339 3009 478 3065 terminos
490 3009 590 3083 aliqua
604 3028 641 3065 ex
654 3020 737 3085 parte
750 3010 926 3084 perturbari.
963 3011 1026 3067 Nec
1039 3010 1160 3067 meliore
1172 3010 1297 3067 artifieio

218 3112 288 3149 risus
311 3103 355 3149 est
380 3095 630 3170 Stuerenburgius
652 3096 689 3151 ad
713 3104 786 3151 orat.
809 3114 864 3169 pro
887 3095 979 3154 Areh.
993 3115 1021 3170 p.
1037 3097 1095 3152 102
1110 3095 1168 3167 (ed.
1185 3098 1222 3167 1).
1246 3094 1297 3170 qui

219 3178 324 3234 vellem
348 3190 472 3235 conatus
495 3189 573 3236 esset
594 3179 624 3236 id
647 3180 684 3236 ad
704 3180 910 3238 Lucretianum
935 3180 1008 3237 illud
1027 3184 1146 3255 pomum
1162 3181 1299 3255 quidquid

219 3283 272 3339 pro
297 3269 415 3335 petritum
444 3267 564 3339 quidque
591 3265 827 3335 accommodare,
859 3265 895 3321 de
923 3284 981 3339 quo
1010 3267 1046 3323 ad
1069 3267 1116 3334 II,
1143 3267 1201 3322 105
1225 3265 1297 3322 dixi.

219 3350 258 3405 Et
280 3349 308 3404 in
327 3350 388 3405 vita
406 3350 554 3407 cotidiana
571 3349 718 3407 interdum
736 3353 872 3425 quidquid
888 3351 930 3408 ita
947 3351 1055 3408 dictum
1074 3369 1140 3407 esse
1159 3360 1188 3407 et
1205 3350 1298 3426 scrip·

218 3445 297 3490 tores
316 3454 350 3490 eo
369 3454 437 3491 astra
455 3454 528 3504 esse,
547 3436 744 3492 certissimum
756 3444 801 3493 est
818 3445 848 3493 et
865 3454 902 3492 ex
920 3455 965 3506 eo,
984 3435 1062 3511 quod
1080 3437 1299 3510 urromqm'dquid

219 3538 272 3593 pro
296 3540 453 3594 europaeque
476 3521 553 3595 apud
573 3521 709 3577 Plautum
731 3532 762 3578 et
778 3521 949 3578 Terentium
968 3521 1109 3596 (Adelph.
1127 3522 1183 3588 IV,
1203 3522 1230 3583 2,
1244 3521 1297 3593 51)

218 3604 338 3660 dicitur.
369 3616 397 3661 et
426 3626 463 3662 ex
488 3606 587 3662 multis
611 3606 740 3663 lucretii
764 3606 851 3673 locis,
883 3607 961 3681 apud
985 3625 1070 3680 quem
1094 3607 1137 3663 ite
1158 3605 1298 3680 frequens

218 3689 266 3745 hic
289 3708 358 3746 usus
381 3704 440 3761 est,
471 3702 503 3748 ut
531 3710 596 3747 earn
621 3709 656 3748 eo
680 3690 856 3748 delectatum
880 3710 944 3748 esse
968 3692 1112 3767 suspicari
1135 3692 1297 3767 possimus,

218 3775 288 3847 (vid.
312 3785 501 3849 praeterea,
525 3795 601 3850 quae
624 3776 660 3832 ad
683 3777 730 3846 II,
758 3777 816 3833 105
840 3777 978 3851 ascripsi,
1002 3777 1048 3842 11,
1074 3777 1151 3833 957:
1178 3780 1205 3832 in
1234 3795 1298 3833 suos

218 3863 354 3934 qru'dqnirl
375 3872 491 3922 inautus.
515 3863 569 3921 IV.
598 3863 672 3918 145:
699 3882 830 3918 sumntum
853 3864 989 3936 quidquid
996 3905 1003 3931 ,
1033 3863 1069 3924 V,
1097 3863 1172 3919 131:
1197 3872 1297 3919 certum

216 3965 250 4001 oc
272 3949 429 4021 dispositum
452 3958 505 4008 eet,
530 3948 575 4003 oti
595 3949 732 4021 quidquid
752 3957 869 4016 crescat,
899 3948 976 4003 7732
1004 3966 1060 4021 qua
1074 3949 1140 4020 fleri
1161 3949 1299 4021 quidquid

212 4043 304 4106 posset
322 4035 431 4100 ratione,
453 4033 549 4088 1454:
567 4034 806 4108 unrrmqra'dquid).
830 4033 935 4106 Itaque
953 4032 1113 4107 permirum
1131 4041 1185 4102 est,
1204 4051 1298 4107 nuper

218 4117 253 4173 rt.
271 4117 436 4181 Klotzium,
461 4136 525 4174 cum
550 4118 587 4173 ad
610 4118 699 4175 Tusc.
724 4119 778 4186 IV,
800 4120 840 4173 44
864 4135 921 4173 uon
945 4117 981 4174 de
1004 4116 1162 4186 Cicerone,
1186 4117 1236 4173 sed
1260 4118 1297 4174 de

217 4203 295 4258 omni
325 4201 379 4256 hoc
402 4220 470 4259 usu.
499 4202 632 4260 adhibito
660 4221 718 4259 uuo
741 4203 841 4260 Plauti
871 4201 936 4259 loco
965 4211 995 4258 et
1016 4208 1074 4258 uno
1098 4201 1223 4271 Catulli,
1254 4202 1296 4259 ita

217 4287 395 4362 disputaret,
424 4299 472 4357 ut,
502 4286 662 4345 haberetne
690 4288 715 4345 is
742 4299 853 4345 certam
877 4287 1095 4357 auctoritatem,
1117 4287 1296 4363 ambigeret,

216 4373 357 4435 Lucretii,
381 4391 466 4446 quern
490 4383 519 4430 et
538 4374 687 4431 Manutius
711 4383 740 4431 et
762 4373 917 4431 Fabricius
939 4382 969 4430 et
989 4372 1130 4430 Davisius
1151 4372 1189 4429 ad
1206 4373 1305 4430 Tusc.

215 4457 254 4522 V,
269 4458 308 4513 98
321 4470 609 4516 commemorassent.
623 4477 742 4534 prorsus
754 4476 818 4516 esse
830 4457 965 4515 oblitum.
999 4456 1142 4517 Catonem
1154 4457 1203 4532 (de
1216 4457 1295 4515 ΚΒ,
