3030 5086
386 466 429 512 nr
453 466 532 512 uan.
555 465 617 511 nis.
642 467 664 512 v
686 465 759 512 car.
779 469 818 514 aa.
839 467 971 528 (ae-es.)
1153 446 1215 511 715

138 634 281 716 quotiens
294 634 352 697 hoo
362 632 474 715 agitur,
492 633 695 715 ecquandone
708 632 768 697 nisi
780 631 1039 698 admirationibus
1051 631 1213 697 maximis?

209 808 228 852 Ι.
247 803 321 851 tren
357 811 379 852 et
397 802 522 866 quandone
537 802 558 850 Ε
577 810 598 850 et
616 801 740 865 quandove
759 802 840 868 l’(mg.
851 802 1009 867 querelando
1027 802 1177 867 ecquandone
1192 801 1213 850 L

137 880 159 920 et
177 870 385 934 quandoaurea
419 871 469 919 eine
487 875 544 935 (pro
563 870 619 934 nebi)
638 870 709 935 ng.

135 1013 227 1066 necari
248 1009 326 1084 apud
344 1009 506 1066 Pacuvium
530 1009 634 1066 durum
653 1009 745 1066 rideri
769 997 874 1084 potest,
897 1027 962 1065 oum
986 1009 1074 1065 etiam
1087 1006 1213 1065 Ovidius

136 1094 215 1151 dieat
233 1113 404 1169 praenosse
421 1105 476 1150 tua.
511 1095 544 1150 In
563 1094 705 1151 extremis
722 1094 829 1151 litteris
844 1103 941 1150 utrum
961 1093 1142 1169 significetur
1159 1111 1211 1149 an·

136 1180 219 1252 tique
241 1179 378 1236 infinitivi
402 1178 579 1240 terminatio,
602 1197 677 1253 quae
700 1197 803 1235 versus
826 1179 916 1254 pedes
939 1179 1048 1253 explet,
1071 1197 1108 1234 an
1132 1176 1211 1233 aliud

137 1264 222 1337 quid,
252 1265 407 1320 obscurum
436 1273 489 1320 est.
535 1261 676 1341 [Necaudr'
696 1265 818 1320 verbum
842 1263 962 1320 subesse
986 1264 1099 1321 videret
1122 1263 1211 1332 Dav„

135 1349 311 1405 infinitivum
335 1346 455 1426 Gzius]
502 1349 642 1405 Litteram
671 1369 684 1405 s
712 1348 798 1406 initio
827 1348 960 1424 equidem
990 1367 1088 1405 errore
1117 1358 1211 1403 ortam

135 1442 220 1509 pnt03
240 1433 333 1491 Gzius
345 1433 531 1490 scribendum
544 1434 673 1508 putarit:
691 1435 768 1503 arnbo
779 1438 818 1491 sie
829 1454 892 1503 una,
910 1433 988 1507 quod
1000 1433 1029 1489 in
1043 1432 1106 1490 eod.
1122 1431 1211 1489 Vind.

137 1536 189 1593 pro
212 1536 273 1590 erqo
296 1527 360 1575 erat
381 1521 476 1591 ἐρίων,
507 1518 584 1592 apud
608 1519 738 1576 Marsum
762 1537 824 1591 erqo
845 1528 870 1574 et
892 1517 958 1592 (etsi
982 1517 1037 1573 hoo
1060 1516 1211 1573 Hertelius

135 1621 193 1659 non
221 1604 365 1675 annotat).
417 1604 512 1677 Quem
542 1603 665 1660 ridicule
694 1602 827 1678 vulgaria
856 1602 905 1658 iiia
935 1601 1041 1658 ruenda
1068 1601 1210 1659 librorum

135 1705 254 1763 prorsus
277 1688 365 1743 aliam
388 1689 563 1763 scripturam
582 1689 766 1761 sequentium
784 1688 841 1743 bue
859 1687 1021 1756 trahantur,
1046 1696 1077 1743 ut
1094 1705 1131 1743 ex
1149 1706 1210 1760 erqo

134 1772 185 1828 flat
207 1776 254 1840 eie,
277 1772 411 1830 inaudita
433 1774 662 1850 permutatione,
686 1791 744 1830 non
768 1790 842 1847 opus
865 1783 909 1828 est·
932 1771 1055 1846 exponi;
1078 1790 1114 1827 ne
1137 1770 1210 1827 illud

134 1857 269 1931 quidem,
294 1858 450 1915 barbarum
475 1877 539 1915 esse
561 1862 599 1914 eie
618 1877 715 1932 precor
738 1876 791 1931 pro
809 1876 908 1932 precor
929 1860 1018 1930 tqr'tur.
1063 1855 1210 1913 Numeros

134 1942 278 2011 turbabit,
303 1943 445 2016 quidquid
469 1943 546 1999 inter
567 1963 629 2015 erqo
651 1954 680 1999 et
704 1964 757 1999 uua
780 1942 991 2017 interponetur.
1038 1941 1209 1999 Deteriores

134 2026 217 2083 codd.
242 2037 271 2083 et
293 2027 359 2086 edd.
384 2028 475 2084 ambos
497 2029 586 2098 (arrabo
609 2028 704 2097 Dan,
727 2029 811 2084 Ern..
835 2025 940 2100 Gzius)
964 2046 1025 2100 erqo
1047 2047 1100 2082 una
1123 2030 1210 2083 enuere

127 2130 282 2186 precamur.
316 2112 351 2168 In
370 2113 464 2169 Pais
483 2113 520 2168 ad
544 2113 703 2188 marginem
728 2115 770 2184 (et
791 2111 820 2167 in
844 2131 903 2167 uno
926 2112 990 2168 eod.
1012 2111 1094 2187 regio
1111 2111 1209 2168 Laiie·

134 2195 248 2266 mandi,
272 2197 296 2253 si
320 2197 477 2270 credimus)
500 2197 642 2273 scripturn
665 2207 742 2254 erat:
765 2197 842 2252 narbo
863 2216 926 2271 erqo
947 2198 999 2253 eibi
1019 2217 1100 2253 unam
1122 2215 1208 2253 necem

135 2285 323 2356 imprecantur.

218 2369 390 2441 ecquandone
406 2369 459 2422 nisi
473 2367 695 2423 attenuationibus
713 2364 851 2441 moriaris)
864 2367 1003 2441 Plerique
1020 2366 1105 2423 codd.
1119 2365 1208 2440 (Pali.

134 2451 162 2520 3,
177 2455 204 2520 4,
219 2453 252 2511 5.
276 2453 353 2511 Dav.
375 2462 442 2519 tres,
467 2452 563 2524 EUtu,
588 2451 695 2510 Gaiani
718 2460 836 2528 praeter
860 2456 930 2525 tres)
954 2460 983 2508 et
1005 2451 1070 2509 edd.
1096 2461 1166 2508 vett.
1184 2461 1208 2507 et

131 2539 286 2609 quandove3
316 2537 345 2593 in
376 2536 439 2593 eod.
464 2535 556 2596 Gron.
587 2546 616 2593 et
644 2537 738 2594 tribus
766 2537 885 2611 optimis
913 2535 981 2594 Gzii
1010 2532 1064 2615 [B]
1093 2547 1156 2591 erat
1184 2545 1209 2592 et

130 2622 287 2694 annotatione,
316 2622 393 2695 quod
423 2622 495 2678 nihii
519 2633 564 2678 est
591 2622 647 2677 nisi
675 2622 788 2697 ipsum,
818 2621 894 2695 quod
924 2621 1065 2678 Davisius
1092 2620 1208 2678 restitui

132 2705 226 2774 iussit,
245 2709 416 2780 ecquandone
428 2708 469 2762 sic
481 2707 632 2780 seriptum,
650 2717 681 2763 ut
699 2707 729 2762 in
748 2706 832 2764 codd.
851 2706 999 2780 plerisque
1017 2707 1104 2763 se'ribi
1124 2706 1207 2762 solet.

132 2791 245 2848 Vocem
268 2792 408 2849 rariorem
428 2800 544 2866 praeter
557 2791 664 2848 Velieii
684 2791 779 2848 locum
800 2791 927 2847 inaximo
939 2791 1086 2866 Propertii
1106 2809 1207 2847 uersus

132 2884 239 2934 tuetur.
263 2877 455 2949 similiterque
474 2896 505 2931 ne
522 2895 559 2931 ex
577 2875 738 2932 abundanti
758 2876 876 2932 additur
898 2876 928 2932 in
946 2886 1067 2932 utrumne
1084 2885 1111 2931 et
1130 2894 1207 2932 auru.

131 2957 206 3040 [Cir.
221 2961 343 3036 Reisigii
357 2961 455 3017 Sahal.
470 2960 532 3017 Lat.
545 2956 656 3038 §277.]
690 2961 763 3017 Inde
781 2961 945 3017 aManutio
962 2960 1104 3016 edebatur
1121 2979 1206 3034 quan-

131 3050 205 3111 dove,
219 3046 327 3102 omisso
340 3056 373 3109 et,
392 3046 472 3101 nulia
484 3045 644 3112 sententia;
663 3046 846 3119 nequeenim
860 3045 963 3102 Pisoni
976 3046 1047 3102 satis
1059 3053 1123 3100 erat
1134 3044 1207 3101 alte·

130 3151 194 3187 rum
214 3150 229 3187 e
248 3131 371 3197 dnobus,
395 3141 446 3186 aut
463 3149 550 3204 saepe
568 3131 624 3187 hoe
641 3130 688 3206 agi
706 3140 757 3186 ant
774 3149 839 3187 oum
858 3131 987 3186 maxima
1004 3130 1207 3186 admiratione.

130 3215 208 3274 Illud
228 3216 347 3272 dubium
361 3216 454 3271 videri
473 3216 575 3291 possit.
599 3225 695 3272 utrum
714 3216 756 3272 eie
773 3216 863 3272 verba
880 3215 1048 3289 interpungi
1067 3216 1207 3271 debeant:

130 3306 251 3376 quotieas
274 3302 322 3357 boo
339 3303 446 3374 aqr'tur!
467 3304 624 3375 equandone
635 3304 688 3357 nr'ai
697 3303 770 3358 adar.
783 3305 926 3358 marinna?
949 3319 996 3370 an,
1020 3310 1051 3357 ut
1069 3319 1122 3375 ego
1141 3319 1206 3356 oum

131 3386 236 3443 ceteris
252 3386 365 3460 scripsi.
402 3386 478 3443 Nam
498 3397 564 3460 post
581 3387 669 3443 illud:
688 3406 747 3443 eum
765 3397 853 3443 antem
871 3390 948 3442 etiarn
966 3395 1021 3442 oet.
1034 3394 1208 3460 expectatur

130 3472 296 3528 huiusmodi
320 3471 483 3528 sententiae
501 3472 613 3528 exitus:
636 3482 754 3545 quantae
771 3472 962 3528 adrniratr'onee
979 3475 1093 3528 exortari
1108 3472 1208 3527 solent!

131 3557 162 3616 Si
181 3558 270 3632 igitur
288 3557 414 3630 priorem
433 3556 577 3613 rationem
596 3557 754 3630 sequimur,
777 3557 849 3613 Piso
872 3557 1033 3613 orationem
1051 3555 1207 3612 interiectu

130 3649 235 3717 poetae
254 3643 408 3697 verborum
429 3642 632 3716 interruptam,
657 3660 732 3715 quae
755 3642 836 3699 nullo
856 3642 973 3698 vinculo
997 3659 1060 3697 oum
1085 3640 1207 3715 reliquis

129 3727 359 3802 coniunguntur,
389 3746 445 3783 nou
471 3727 572 3784 eadem
597 3726 691 3783 forma
714 3727 855 3793 absolvit,
884 3728 934 3783 sed
958 3726 1084 3801 primum
1109 3726 1207 3782 exels-

131 3822 204 3869 mst:
233 3816 353 3885 quotiens
382 3813 429 3869 boo
457 3814 565 3884 aqr'tur!
594 3811 699 3868 deinde
722 3811 816 3876 addit,
846 3820 944 3868 tamen
968 3829 1125 3884 numquam
1151 3810 1206 3867 nisi

130 3898 267 3954 maximis
284 3897 528 3954 admirationibus
545 3897 602 3972 agi.
635 3894 708 3976 [Sed
726 3897 822 3953 inanis
839 3897 956 3953 videtur
974 3896 1026 3952 illa
1044 3895 1206 3970 frequentis

129 3982 254 4039 actionis
278 3978 478 4060 significatio]
523 3983 558 4039 In
587 3982 679 4038 altera
708 4000 824 4056 quoqne
846 3982 960 4038 ratione
990 3991 1058 4037 ante
1087 3985 1207 4055 quotiens

130 4067 263 4125 subsistit
303 4068 435 4124 nonnihil
469 4068 564 4124 oratio
598 4085 651 4123 nee
684 4067 865 4141 superiorem
899 4067 1024 4124 somnam
1059 4065 1205 4140 sequitur;

129 4171 224 4226 neque
248 4153 324 4208 enim
349 4163 416 4227 apte
439 4151 512 4209 haee
529 4153 701 4209 cohaerent:
724 4171 783 4208 eum
800 4154 887 4208 eritne
904 4154 995 4218 datan
1020 4152 1206 4225 quotiensnon

128 4241 227 4310 oqitur.
250 4240 379 4295 eburones
394 4240 475 4310 ⁴rietur.
522 4238 613 4294 Recte
636 4246 733 4293 tamen
757 4237 786 4293 in
810 4236 866 4292 hae
888 4237 1001 4293 ratione
1025 4255 1040 4291 e
1059 4237 1206 4293 sententia

129 4323 253 4380 relativa
281 4324 475 4399 praecedente
498 4325 631 4396 (quotiens
653 4326 755 4396 aqitur)
782 4323 901 4379 eruditur
923 4322 1044 4378 verbum
1075 4321 1151 4378 idem
1175 4322 1204 4377 in

129 4409 274 4465 sententia
299 4408 454 4483 primaria,
478 4408 558 4481 quod
580 4407 613 4464 fit
635 4407 723 4464 etiam
747 4408 836 4465 Tuae.
859 4409 890 4479 Ι,
913 4407 962 4464 18:
995 4405 1050 4475 Qui
1070 4407 1206 4464 discedere
