3030 5086
646 496 862 545 arcuasusn
1132 466 1138 498 ¹
1230 479 1290 560 tur

217 671 290 727 alios
314 670 395 726 locos
417 686 506 744 supra
528 669 691 736 declaravi3
720 669 755 726 de
784 668 870 725 huius
893 669 991 744 operis
1013 670 1062 737 ΙΙ,
1088 670 1125 726 13
1148 679 1178 726 et
1203 672 1240 725 l4
1263 670 1293 726 in

217 756 406 813 annotatione
440 754 550 810 dictum
577 765 635 824 est,
671 772 723 810 nec
751 754 1000 811 confirmationem
1029 773 1106 815 nuuc
1133 754 1294 815 desiderari

218 853 299 916 puto.
345 838 406 919 [De
434 840 522 896 'susc
550 841 584 902 V.
610 840 732 895 94-97
762 839 914 897 admonuit
938 840 1181 915 Wesenbergius;
1211 839 1294 903 Orat.

222 928 295 996 192,
326 926 375 981 ubi
399 925 457 982 liis:
487 923 560 980 num
587 935 611 981 et
640 928 688 998 qni
711 944 819 998 paeana
843 934 1015 1000 praetereunt
1037 925 1214 1000 respondent
1241 925 1294 983 illa

218 1013 333 1068 demum
357 1012 387 1066 iu
411 1011 514 1080 5194:
544 1011 674 1084 Ephorus
696 1028 757 1066 vero
779 1029 810 1065 ne
832 1012 978 1085 uportdenm
1000 1013 1109 1085 quidam
1131 1021 1206 1079 cet,
1235 1010 1293 1071 ium

218 1097 397 1154 Mattlriaaus
419 1095 528 1151 citavit.
563 1094 686 1168 Quintil.
700 1096 743 1164 ΙΙ,
761 1097 807 1163 15,
821 1091 927 1175 7-9.]
972 1094 1157 1171 Quamquam
1174 1096 1293 1155 Handio

219 1201 321 1239 vereor
354 1192 385 1238 ut
420 1182 629 1254 persuadeam,
668 1181 719 1254 qui
752 1180 840 1237 etiam
873 1181 904 1237 in
937 1181 973 1238 iis
1006 1181 1099 1250 locis,
1139 1181 1188 1238 ubi
1222 1182 1295 1239 assit

219 1279 374 1340 utrumque
397 1277 437 1334 et,
465 1266 675 1323 sententiarum
704 1265 889 1341 apertissime
911 1284 1110 1323 connexarum
1133 1264 1294 1340 copulatio·

219 1372 284 1409 nem
308 1352 459 1425 perturbet
481 1352 526 1407 sui
550 1351 630 1408 illius
652 1371 714 1407 narn
737 1361 761 1408 et
783 1369 881 1421 causa,
906 1361 937 1408 ut
959 1352 1058 1426 (Tura.
1082 1352 1113 1408 ΙΙ
1127 1371 1152 1427 p.
1168 1353 1241 1426 532)
1263 1352 1293 1410 iu

220 1438 302 1495 Brut.
328 1439 377 1493 81.
422 1436 539 1494 Addam
568 1436 671 1512 igitur.
701 1455 759 1492 non
789 1436 885 1493 solum
914 1457 977 1492 num
1004 1447 1028 1494 et
1055 1438 1097 1494 sio
1126 1438 1210 1512 poni,
1242 1437 1294 1495 sed

218 1523 306 1579 etiam
335 1526 402 1579 enim
430 1533 462 1579 et.
508 1522 584 1578 Nam
613 1522 648 1578 de
672 1521 771 1578 Divin.
797 1522 826 1590 Ι,
848 1524 888 1578 40
912 1521 1055 1595 Quintus,
1084 1540 1148 1579 cum
1177 1522 1294 1581 tabulas

219 1615 370 1684 poetarum
395 1608 589 1677 nominasset,
618 1607 660 1664 sic
683 1607 850 1677 exorditur,
879 1618 1027 1681 tamquam
1052 1607 1137 1683 plura
1158 1608 1295 1684 exempla

218 1694 366 1769 positurus
395 1693 447 1749 sit:
476 1692 583 1748 Nurrm
611 1700 680 1749 erum
709 1703 732 1749 et
760 1694 837 1767 apud
864 1694 984 1749 Ennium
1014 1694 1125 1750 Vestalis
1152 1695 1200 1750 uto
1227 1704 1294 1766 cet,

218 1779 332 1848 deinde,
357 1779 455 1835 multis
469 1778 556 1834 Ennii
575 1778 708 1835 versibus
732 1777 912 1852 interpositis
935 1789 963 1834 et
982 1778 1095 1852 aliquot
1113 1779 1174 1836 suis
1186 1779 1293 1853 verbis,

217 1864 312 1920 addit:
343 1865 385 1920 Sit
413 1883 477 1920 sane
500 1871 579 1920 etiam
602 1865 670 1920 illud
690 1867 911 1933 corrnuerrtr'cinm,
941 1884 994 1938 quo
1016 1866 1144 1920 Pitiniana
1172 1874 1212 1921 eat
1233 1884 1294 1921 coa·

218 1950 349 2005 turbatus.
384 1949 596 2024 Neglegentius
615 1950 667 2024 hoc
685 1949 726 2017 fit,
750 1949 828 2022 quod
846 1949 889 2006 sic
906 1950 1027 2024 partitio
1044 1950 1187 2007 subicitur
1204 1951 1294 2009 verbo

218 2047 327 2102 narrat,
358 2048 507 2109 tamquam
537 2035 592 2090 hoc
615 2035 767 2108 utriusque
797 2035 919 2091 membri
942 2053 1094 2091 commune
1117 2035 1171 2102 sit;
1199 2052 1294 2110 neque

218 2121 303 2196 plura
326 2120 493 2177 huiusmodi
516 2120 652 2193 exempla
674 2120 800 2194 repperi.
836 2119 896 2178 Sed
918 2121 1053 2193 quoniam
1074 2120 1210 2178 Handins
1228 2140 1294 2196 pro·

218 2207 371 2281 prietatem
396 2207 524 2279 aliquam
549 2205 758 2279 particularum
778 2221 839 2261 nam
857 2216 881 2261 et
899 2224 963 2261 esse
981 2206 1082 2271 voluit,
1106 2206 1161 2262 hoc
1178 2224 1295 2280 quoque

218 2292 375 2370 adiciunt,x
394 2291 543 2366 proprium
573 2291 699 2364 aliquem
731 2291 832 2346 harum
868 2291 1077 2365 particularum
1109 2310 1194 2348 usum
1221 2310 1294 2355 esse,

218 2376 285 2432 hinc
309 2377 394 2450 longe
419 2389 562 2432 remotum
591 2387 621 2432 et
643 2377 680 2431 ab
703 2376 822 2432 Haudio
846 2376 1001 2447 omissum,
1030 2377 1108 2450 apud
1136 2377 1295 2451 scriptores

216 2461 305 2536 paulo
329 2461 482 2517 inferiores
506 2471 611 2524 aetate,
635 2461 685 2534 qui
710 2472 769 2516 tum
793 2479 843 2517 eas
866 2471 994 2535 ponunt,
1019 2479 1084 2517 cnm
1109 2462 1152 2529 id,
1176 2462 1256 2534 quod
1276 2480 1294 2519 a

217 2547 333 2602 diversa
357 2558 439 2621 parte
463 2564 515 2620 pro
539 2558 711 2621 argumento
736 2546 870 2620 ponitur,
900 2565 999 2603 verum
1029 2565 1093 2604 esse
1122 2546 1293 2616 concedunt,

217 2632 268 2688 sed
295 2644 402 2707 negant
426 2632 584 2705 quidquam
613 2651 647 2688 eo
672 2631 803 2707 probari,
838 2649 902 2688 cnm
935 2633 1023 2689 etiam
1055 2633 1083 2688 in
1112 2632 1179 2688 aliis
1207 2632 1295 2690 rebus

218 2717 312 2773 simile
336 2717 447 2789 aliquid
471 2717 536 2782 liat,
561 2718 610 2773 ubi
635 2717 685 2775 illa
707 2718 922 2792 argumentatio
945 2736 1002 2773 non
1028 2718 1138 2785 valeat,
1168 2726 1219 2774 aut
1242 2716 1295 2773 ali-

218 2802 287 2873 quid
317 2803 486 2857 adiunetum
513 2802 566 2870 sit,
595 2802 673 2875 quod
703 2821 766 2857 eam
796 2813 917 2858 evertat.
963 2804 1067 2876 ltaque
1090 2802 1212 2859 eandem
1236 2803 1295 2863 vim

219 2886 328 2941 habent
362 2888 416 2942 liae
445 2887 620 2960 particulae,
654 2906 741 2960 quam
772 2887 850 2961 apud
878 2886 1049 2945 Ciceronem
1084 2888 1112 2944 in
1149 2887 1295 2944 similibus

220 2970 290 3027 locis
312 2982 335 3026 et
359 2974 466 3045 quidem
489 2972 559 3043 (vid.
583 2973 618 3028 ad
643 2972 692 3028 lib.
715 2973 739 3041 I,
765 2973 831 3042 35),
861 2983 885 3028 et
907 2983 1004 3029 autem
1030 2973 1116 3046 plane
1139 2990 1191 3046 pro
1215 2976 1293 3029 etiam

220 3142 344 3216 Quintil.
369 3144 409 3214 ΙΙ,
437 3146 483 3210 ΙΙ,
508 3144 525 3198 7
551 3156 578 3197 et
605 3145 651 3211 12,
677 3143 694 3198 2
719 3155 747 3198 et
772 3144 820 3212 20,
845 3144 891 3199 10.
936 3143 1047 3202 Eodem
1071 3143 1157 3199 modo
1181 3143 1293 3201 locutus

219 3239 262 3284 est
287 3229 408 3285 'lucitus
431 3232 509 3285 Arm.
533 3228 619 3289 XIV.
644 3230 699 3290 44,
731 3229 781 3284 ubi
804 3229 977 3285 senteutiam
1002 3230 1026 3286 I.
1051 3229 1099 3286 Fr.
1123 3227 1293 3286 Gronovius

218 3314 374 3370 intellexit.
399 3313 534 3388 exemplo
559 3332 627 3370 usus
650 3324 694 3369 est
717 3332 775 3369 non
795 3324 873 3387 apto.
908 3303 970 3369 Kal
993 3299 1049 3391 γάρ
1072 3315 1115 3370 sic
1133 3323 1292 3390 posuerunt

220 3400 306 3455 Plato
321 3400 482 3474 liutityplrr.
500 3418 528 3472 p.
547 3402 582 3455 14
597 3402 624 3455 Α
642 3409 671 3455 et
688 3398 804 3455 Phileb.
820 3419 846 3473 p.
864 3399 938 3455 12ss
962 3410 990 3456 et
1013 3399 1103 3474 Soph.
1127 3420 1154 3475 p.
1173 3400 1231 3456 231
1253 3401 1291 3468 A,

142 3495 144 3500 '
219 3485 386 3557 Xenophon
411 3486 532 3541 Memor.
555 3485 601 3541 ΙΙΙ
611 3528 617 3543 .
642 3487 670 3551 4,
696 3486 723 3551 2,
746 3485 800 3552 IV,
826 3487 854 3551 4,
881 3487 917 3541 14
942 3496 970 3541 et
994 3486 1043 3542 21.
1089 3485 1181 3555 Eum,
1204 3503 1291 3558 quem

219 3571 353 3626 Handius
371 3589 434 3626 esse
454 3569 523 3627 vult.
547 3589 630 3626 usum
654 3589 710 3626 non
735 3589 804 3626 sane
828 3570 981 3627 coufirmat
997 3570 1074 3627 Livii
1092 3571 1182 3639 locus,
1205 3589 1291 3644 quem

217 3655 432 3728 apertissimum
459 3668 554 3728 putat,
579 3656 632 3719 Vl,
655 3656 701 3723 19,
722 3658 754 3723 43
779 3655 819 3711 ibi
843 3656 919 3711 enim
943 3655 1015 3711 illud
1037 3659 1105 3712 dena
1128 3657 1199 3724 eben,
1222 3657 1291 3713 ciera

217 3741 284 3797 urieli
310 3741 521 3813 ineptissimum
546 3754 603 3808 est;
634 3741 806 3813 requiritur:
834 3761 895 3796 num
925 3741 953 3796 ti
973 3761 1079 3816 quoque
1100 3744 1170 3815 (non
1194 3741 1289 3799 sulum

218 3826 404 3900 magistratus
427 3826 593 3898 senatorii);
606 3827 716 3899 'itaque
730 3826 832 3883 Livius
849 3836 900 3883 aut
917 3827 1048 3901 scripsit:
1072 3848 1134 3884 narn
1156 3839 1181 3884 et
1202 3831 1226 3883 ei
1247 3831 1291 3898 (nt

217 3910 365 3969 Strotlrius
380 3912 483 3985 voluit)
495 3924 545 3968 aut
561 3922 584 3967 et
604 3930 722 3986 prorsus
746 3930 803 3968 non
823 3913 919 3986 posuit
937 3914 1020 3984 (nura,
1043 3919 1108 3987 qaia
1126 3922 1190 3982 cet..
1213 3912 1290 3986 quod

217 3996 371 4052 Perizonio
390 3997 419 4052 in
439 4008 561 4052 mentem
577 3998 677 4070 venit).
712 3998 815 4053 Potest
833 3998 875 4053 sic
893 3998 1023 4072 intellegi
1041 4019 1103 4053 uum
1120 4008 1144 4054 et
1161 3997 1190 4053 in
1203 3998 1288 4073 epist.

216 4080 252 4136 ad
267 4082 358 4137 Attic.
372 4083 412 4150 ΙΙ,
431 4084 475 4150 19,
491 4083 522 4137 3;
546 4082 619 4138 itinn
641 4093 665 4138 et
686 4084 816 4138 et'usmodi
836 4092 898 4138 aaut
919 4086 939 4138 ii
959 4103 1062 4153 versus,
1086 4093 1115 4139 ut
1137 4087 1164 4140 itt
1187 4094 1289 4157 tempus

215 4167 249 4222 ub
271 4170 375 4223 iminica
398 4170 518 4241 Pompeii
537 4172 634 4242 scripti
654 4188 711 4224 erae
734 4170 874 4224 videantur
895 4169 981 4239 (,nec
1006 4169 1108 4227 mirum
1133 4179 1192 4238 est3
1221 4170 1290 4225 dean

216 4254 258 4309 ilie
290 4254 366 4309 Verre
387 4255 449 4309 sind
471 4255 540 4309 arioli
563 4255 612 4309 der
634 4255 699 4320 Art,
725 4255 792 4309 dosa
814 4256 913 4325 cet.“).
959 4255 1042 4312 Solet
1064 4264 1160 4311 tamen
1184 4253 1288 4312 Cicero

217 4337 327 4394 dicero:
358 4340 395 4393 Et
418 4348 480 4394 errat
502 4339 645 4411 (omnino)
668 4340 798 4396 eiusmodi
819 4358 912 4395 vereris
934 4350 988 4396 cet.
1034 4340 1111 4397 Nam
1134 4339 1193 4398 ibd.
1217 4339 1289 4410 VII,

223 4426 246 4483 l.
271 4425 287 4480 6
312 4424 527 4499 coniunguntur
550 4435 573 4480 et
597 4456 636 4464 -
659 4442 705 4480 uec
727 4434 831 4492 tarnem
854 4445 882 4483 v.
907 4443 975 4486 ann.
999 4425 1036 4483 ad
1058 4425 1100 4499 Il,
1124 4427 1173 4485 84.
