3030 5086
292 482 356 548 220
681 499 726 546 on
749 498 881 546 nmmos
904 498 975 544 nou.

291 669 456 749 paratione
477 668 613 749 positum
635 674 734 748 putet.
768 667 836 747 Ego
858 675 963 732 eutem
982 658 1134 736 existimo.
1158 667 1186 732 si
1202 668 1375 733 honestum

291 790 361 836 esse
380 771 496 851 aliquid
514 770 690 848 ostendero,
713 770 797 850 quod
821 769 862 833 sit
882 769 985 849 ipsum
1003 787 1062 833 sue
1078 770 1108 832 vi
1125 775 1256 849 propter
1271 787 1375 851 seque

292 874 507 954 expetendum,
529 873 632 937 iacere
649 879 756 935 vestro
772 871 885 935 omnis.
920 871 1031 951 Itaque
1047 888 1094 947 eo,
1113 870 1205 951 quale
1221 871 1271 950 sit
1295 869 1372 937 bre·

291 975 378 1050 viter,
402 981 437 1037 ut
453 983 575 1054 tempus
592 973 739 1054 postulat.
763 973 939 1050 constituto,
961 973 1108 1037 accedam
1124 974 1165 1037 ud
1183 972 1289 1037 omnis
1304 979 1373 1051 unu,

253 1077 273 1139 5
292 1075 461 1155 Torquate,
478 1075 539 1140 uisi
556 1076 705 1140 memoria
721 1075 803 1138 forte
820 1073 974 1139 deiecerit.
1008 1077 1059 1138 45.
1082 1075 1256 1139 Honestum
1272 1074 1373 1153 igitur

290 1179 322 1240 id
344 1177 564 1258 intellegimus
587 1179 670 1257 quod
693 1177 755 1241 tale
777 1185 838 1255 est,
866 1183 914 1255 ut,
943 1177 1085 1240 detracta
1112 1175 1196 1240 omni
1223 1175 1370 1253 utilitate,

291 1280 358 1343 siue
380 1279 451 1344 ullis
472 1279 622 1360 praemiis
644 1277 836 1343 fructibusve
856 1297 964 1359 perse
981 1279 1083 1358 ipsum
1098 1277 1201 1357 possit
1215 1277 1283 1342 iure
1298 1277 1372 1341 tau·

362 1472 382 1517 1.
402 1466 617 1515 exutr'ruoom.1⁴}
662 1471 684 1514 2.
704 1465 798 1530 atiqm'd
821 1483 871 1515 esse
890 1466 956 1516 EOr.
984 1482 1035 1514 csse
1058 1480 1106 1514 om.
1127 1463 1247 1514 LPMCR
1280 1462 1307 1513 ui
1321 1479 1374 1514 ma

291 1533 454 1585 Linteum.
492 1535 579 1583 inrue
595 1535 618 1582 F.
653 1551 679 1582 se
697 1543 753 1598 ipro
771 1534 883 1597 ecquem
901 1552 926 1582 se
944 1533 1066 1597 puoqucL
1103 1539 1126 1581 t.
1146 1532 1226 1581 omnia
1244 1531 1285 1581 uia
1299 1532 1372 1583 1301.

292 1609 313 1652 ὁ.
334 1607 403 1666 sorte
430 1619 477 1654 om.
503 1604 524 1650 E
575 1602 695 1666 Torquate
718 1604 759 1651 ubi
778 1603 801 1650 si
822 1603 855 1668 (si
877 1619 924 1651 om.
951 1603 1002 1658 Μ’)
1030 1600 1142 1650 memoria
1164 1605 1228 1649 iruea
1249 1601 1308 1649 edd.
1334 1600 1372 1657 L,

289 1679 332 1720 tua
351 1672 381 1736 P)
396 1674 464 1734 ¹sorte
487 1670 609 1731 defecerit,
631 1680 694 1720 tuum
717 1681 751 1721 est
773 1680 797 1720 ut
819 1688 932 1735 crepero«
951 1669 1071 1720 Lt‘utctt
1111 1674 1133 1720 6.
1153 1668 1301 1734 cistellipimuo
1318 1667 1373 1718 tate

290 1739 354 1802 quod
370 1740 480 1789 detracto
498 1745 555 1788 tom.
576 1736 663 1803 estut)
683 1741 703 1786 t:
746 1744 767 1790 t.
778 1740 945 1805 fructibusque
964 1739 985 1789 C
1003 1739 1125 1802 'trudeim
1143 1738 1278 1802 vesper-ei}
1313 1736 1373 1786 Iau-

290 1807 347 1856 ciart'
364 1808 452 1857 tirreL

290 1980 359 2036 bibl.
388 1981 589 2037 universitatis
617 1990 734 2036 nostroe
763 1991 859 2038 extet.
894 1980 1046 2037 scribitur:
1080 1986 1107 2036 iu
1134 1983 1166 2038 eei
1194 1997 1248 2035 rem
1277 1997 1374 2035 rerum

289 2069 485 2139 comparatione
508 2062 554 2144 [ut
577 2066 606 2121 in
625 2065 723 2122 Nonio
742 2061 866 2143 notuit).
900 2064 1019 2142 Guyeto
1037 2066 1066 2121 in
1087 2074 1211 2121 mentem
1229 2072 1372 2121 venerat:

290 2154 316 2206 in
339 2171 370 2206 ec
393 2153 506 2218 dennuni,
530 2151 612 2219 scite,
636 2150 692 2207 nisi
716 2150 847 2206 codicum
872 2151 1014 2207 bonorum
1038 2151 1184 2225 scripture
1206 2147 1371 2206 sufficeret.

290 2237 325 2292 Iu
348 2238 555 2310 computationis
574 2236 717 2292 vocabulo
741 2235 869 2291 editores
892 2237 1048 2311 imaginem
1067 2252 1131 2291 esse
1150 2234 1286 2290 volunta
1303 2233 1371 2309 glu-

289 2320 453 2376 dietoribus
476 2322 512 2376 nd
536 2321 723 2396 pugnandum
748 2321 926 2396 comparatis
949 2322 1084 2387 ductuum
1107 2321 1158 2377 sed
1182 2336 1276 2393 nequo
1298 2319 1373 2376 sub·

289 2406 449 2461 stantivum
474 2407 515 2461 sic
538 2405 609 2461 alibi
634 2406 741 2462 dicitur
758 2406 847 2481 (apud
867 2406 930 2462 Liv.
948 2407 1087 2469 xxxrl,
1105 2407 1180 2475 18,1
1206 2404 1249 2460 sic
1271 2404 1372 2481 accipi

289 2491 370 2547 nulio
390 2491 475 2547 nrodo
496 2493 615 2566 potest),
639 2509 692 2547 nec
716 2491 744 2546 in
762 2491 984 2566 compositione,
1008 2491 1059 2548 sed
1076 2491 1105 2547 in
1123 2491 1188 2564 ipsc
1204 2489 1372 2546 certatione

289 2576 445 2633 discrimen
464 2587 542 2645 eret;
565 2576 664 2650 itaque
688 2577 742 2632 hoc
765 2594 823 2632 non
846 2576 933 2633 aliter
955 2576 1062 2633 dicitur
1083 2584 1171 2649 etque
1193 2577 1322 2631 contentio
1345 2583 1372 2631 et

289 2664 454 2735 comparatio
476 2661 512 2718 de
536 2659 594 2719 Off.
618 2662 640 2719 Ι.
666 2662 705 2717 58
729 2670 758 2717 et
784 2662 852 2717 152.
873 2706 875 2711 .
897 2662 931 2718 Iu
957 2655 999 2729 Εξ
1021 2671 1066 2718 est
1088 2662 1279 2734 compositione.

374 2766 431 2802 erce
449 2747 599 2819 ostendero)
618 2748 691 2803 Esse
708 2747 812 2803 uberet
829 2757 896 2802 unte
910 2746 1026 2804 Gzium.
1050 2746 1100 2820 qui
1118 2744 1266 2801 addidisse
1285 2741 1371 2825 [post

287 2827 407 2909 aliquod]
435 2849 465 2888 so
494 2832 536 2887 ait
558 2851 596 2887 ex
620 2832 755 2888 omnibus
778 2832 854 2899 suis,
883 2842 1008 2907 excepto
1031 2830 1111 2889 Gud.
1136 2832 1164 2885 2.
1209 2826 1369 2910 [Ordinem

288 2915 410 2972 invertit
428 2919 464 2973 A.
510 2917 556 2972 Ex
577 2916 678 2972 eodem
702 2936 753 2973 ereo
775 2920 803 2973 vi
823 2936 876 2991 pro
901 2920 927 2972 ci
947 2937 997 2973 sua
1020 2911 1212 2993 restitutum]

373 3003 413 3057 ud
434 3007 522 3058 omnio
545 3000 605 3071 tuo)
622 3002 657 3057 In
672 3001 750 3077 Spir.
769 3001 857 3058 etiam
881 2998 946 3080 [sed
964 3003 1064 3058 necin
1083 3003 1110 3058 Α
1131 3018 1184 3056 nec
1201 3001 1230 3061 'm
1243 2994 1283 3079 B]
1302 3007 1371 3056 erut

288 3088 341 3153 vio,
366 3086 443 3159 quod
468 3085 562 3144 Gzius
585 3087 710 3161 recepit3
741 3087 877 3142 mendum
902 3087 930 3143 id
955 3096 998 3143 est
1022 3105 1058 3142 ex
1082 3085 1275 3160 ambiguitate
1297 3085 1370 3142 duc·

288 3179 369 3227 tuum
393 3182 506 3241 ortum,
530 3189 596 3228 cum
620 3182 662 3233 tu.
686 3176 726 3232 ui,
752 3182 779 3228 ut
802 3170 975 3228 difficillime
999 3172 1244 3227 discernerentur.
1287 3169 1368 3226 Nom

287 3273 341 3312 nec
364 3255 467 3312 abesse
491 3267 537 3313 tuo
560 3257 621 3313 ulio
645 3258 731 3313 modo
755 3265 868 3330 potest,
892 3275 957 3314 oum
982 3258 1123 3313 hactenus
1145 3255 1250 3314 Cicero
1272 3254 1369 3312 libero

287 3340 459 3415 disputarit.
489 3360 565 3398 nunc
589 3342 703 3399 donnum
728 3360 776 3403 eu.
806 3360 881 3415 qrrue
910 3362 928 3399 a
949 3343 1102 3416 Torquato
1125 3341 1204 3397 dicto
1230 3339 1304 3409 siut,
1334 3357 1368 3397 so

286 3424 480 3482 refutaturum
499 3427 659 3501 promittet.
684 3444 737 3483 noc
756 3430 798 3482 cia
815 3436 860 3483 est
877 3430 977 3484 ordine.
998 3427 1040 3483 sio
1057 3436 1088 3483 ut
1105 3425 1178 3483 nihil
1197 3425 1367 3489 omittetur:

287 3529 323 3566 ne
346 3529 398 3585 pro
428 3530 462 3567 co
486 3512 619 3584 quidem,
652 3513 729 3586 quod
753 3512 824 3568 alibi
848 3512 969 3569 dicitur:
999 3516 1043 3568 eiu
1065 3513 1186 3586 pecodum
1208 3520 1233 3567 et
1254 3516 1367 3577 radone,

195 3626 198 3633 ·
286 3599 388 3651 ratione
410 3606 434 3651 et
456 3600 499 3652 eiu
522 3599 623 3672 (supra
646 3602 660 3667 ξ
681 3599 707 3658 3,
732 3599 756 3655 Ι.
781 3598 831 3665 29,
855 3598 912 3655 ΙΙΙ.
940 3599 992 3666 18,
1016 3598 1104 3654 Tusc.
1128 3597 1168 3655 II.
1194 3598 1239 3669 6).
1263 3614 1367 3669 quem·

286 3698 373 3754 quum
397 3700 432 3737 ee.
455 3682 630 3756 significatio
654 3684 691 3738 ab
715 3684 741 3738 ir.
760 3684 779 3740 l.
803 3683 900 3739 atiena
920 3693 973 3750 est,
997 3682 1171 3756 simpliciter
1187 3681 1257 3756 poni
1275 3680 1367 3750 solet3

286 3784 351 3822 num
388 3766 467 3840 quod
495 3765 588 3824 Gzius
621 3768 748 3824 advocat
775 3768 806 3825 ΙΙ
836 3769 873 3824 N.
899 3769 934 3824 D.
960 3769 1008 3825 57.
1043 3767 1083 3823 ibi
1112 3785 1212 3842 presse
1240 3766 1369 3822 vertitur

286 3849 403 3908 Graeca
426 3852 567 3914 definitio,
591 3853 619 3907 in
644 3871 702 3926 que
725 3863 788 3908 erut
812 3842 869 3922 ὁδῷ
891 3847 1029 3928 βαδίζειν.
1065 3851 1147 3929 [th.
1169 3862 1266 3907 tamen
1280 3851 1314 3908 R.
1328 3851 1364 3909 P.

284 3936 315 3999 I.
340 3935 404 4013 33.]
452 3938 539 4011 Apud
563 3937 680 3993 Terent.
706 3937 735 3992 in
760 3937 854 3994 Andr.
878 3938 919 4005 Π,
944 3939 976 4005 6,
1006 3941 1039 3993 ll
1072 3938 1184 3993 incerte
1206 3948 1250 3993 est
1272 3935 1368 4012 scrip·

286 4031 359 4077 ture.
384 4020 455 4098 [etsi
480 4023 575 4078 editur
598 4041 691 4079 nunc:
715 4042 769 4078 reru
791 4029 927 4096 reportavit
948 4026 999 4077 oio.
1028 4020 1132 4098 1874]

370 4111 423 4162 nr'sc'
445 4139 484 4148 —
508 4108 647 4181 tinemut)
672 4108 813 4164 Restituit
836 4108 912 4164 hunc
935 4107 1030 4162 locum
1050 4109 1137 4167 Grut.
1157 4105 1251 4163 ePul.
1268 4108 1294 4173 1,
1316 4105 1366 4163 cui

206 4224 208 4228 .
284 4192 473 4248 consentiunt
496 4194 582 4249 etium
608 4192 685 4267 Spir.
709 4203 738 4247 et
762 4213 818 4269 mg.
832 4193 911 4251 Crat.
946 4192 1088 4248 Morolius
1112 4211 1128 4247 e
1151 4210 1205 4249 suo
1228 4201 1366 4248 annotet:

284 4281 337 4332 nisi
364 4279 411 4333 udi
438 4298 512 4332 uteru.
535 4282 562 4350 J'.
588 4280 720 4350 dejecerit.
767 4279 884 4352 Reliqui
909 4277 1010 4351 (Pati.
1036 4277 1132 4335 Oxx..
1157 4275 1238 4347 Gzii)
1262 4276 1364 4333 eudem

284 4360 403 4419 addunt.
429 4381 504 4435 qtrue
527 4363 618 4418 nostri
643 4362 813 4422 deteriores
838 4382 901 4420 curu
926 4362 1034 4437 exigua
1057 4362 1265 4436 discrepantis.

370 4450 420 4503 45.
437 4448 620 4521 fructibusve)
644 4450 671 4505 Α
686 4448 820 4505 Manutio
844 4449 921 4519 (narn
946 4448 1114 4522 superiores
1136 4446 1199 4503 iere
1223 4447 1250 4504 R
1271 4445 1364 4503 secuti
