3030 5086
402 528 446 573 er
471 526 552 572 unt..
577 525 640 571 nte.
663 526 686 571 u
709 525 783 572 car.
809 529 845 572 ro.
862 522 914 589 (so
933 526 994 587 aa.)
1178 509 1237 573 199

157 695 240 775 quod
263 701 366 760 tamen
388 695 500 772 dicitis
519 694 607 759 nulla
623 694 725 775 turpis
743 693 888 774 voluptas
905 694 974 772 erit,
996 712 1078 774 quae
1094 700 1236 774 praeter·

156 796 312 862 mittenda
334 798 388 877 sit,
418 805 450 861 et
476 797 567 861 simul
590 815 652 862 non
675 794 883 877 proficiscitur
904 795 1022 860 animal
1043 795 1122 859 illud
1143 796 1236 860 modo

157 909 266 963 natum
287 918 307 963 a
328 917 449 964 summa
467 898 636 980 voluptate,
660 900 741 979 qu‘ae
764 903 813 961 est
834 916 852 962 a
875 904 906 961 te
928 898 1031 978 posita
1047 897 1078 961 in
1098 915 1160 961 non
1179 898 1235 961 dn·

156 1001 258 1066 leudo.
301 1004 352 1066 32.
379 1002 445 1065 Nec
466 1012 569 1065 tamen
593 1008 811 1080 argumentum
833 997 893 1063 hoc
909 999 1065 1080 Epicurus
1086 1019 1106 1064 a
1127 999 1235 1081 parvis

157 1104 269 1184 petivit
289 1113 345 1168 aut
366 1103 461 1168 etiam
478 1123 499 1167 a
515 1101 633 1180 bestiis,
656 1120 737 1182 quae
753 1106 845 1182 putat
861 1120 931 1166 esse
948 1102 1076 1183 specula
1093 1108 1234 1179 naturae,
1253 1103 1275 1166 5

158 1213 194 1268 ut
215 1205 330 1270 diceret
353 1204 393 1269 ab
416 1205 455 1268 iis
478 1206 556 1269 duce
578 1212 694 1268 natura
721 1203 801 1267 hanc
822 1203 1012 1285 voluptatem
1035 1205 1139 1286 expeti
1161 1202 1234 1267 nihil

158 1307 293 1371 dolendi.
325 1306 435 1388 Neque
456 1306 537 1370 enim
560 1304 638 1371 haec
659 1323 785 1369 movere
806 1312 912 1386 potest
933 1306 1107 1386 appetitum
1129 1305 1234 1384 animi,

158 1426 215 1472 nec
236 1407 330 1472 ullum
354 1407 450 1473 habet
469 1407 579 1487 ictum,
602 1426 663 1488 quo
686 1405 782 1488 pellat
803 1406 956 1483 animum,
979 1414 1080 1472 status
1102 1407 1152 1471 hic
1174 1425 1235 1471 non

160 1509 298 1588 dolendi;
332 1511 438 1590 itaque
464 1510 495 1573 in
524 1508 583 1573 hoc
611 1510 720 1573 eodem
742 1515 852 1589 peccat
873 1509 1094 1590 Hieronymus;
1124 1509 1236 1574 atille

229 1701 251 1743 5.
271 1704 326 1745 ante
344 1703 367 1745 et
384 1698 441 1760 (pro
460 1705 502 1745 oet
521 1696 602 1757 ctiam)
621 1697 642 1744 li
678 1713 740 1759 quac
758 1696 847 1744 om.E
882 1694 976 1757 spiculo
994 1696 1120 1745 natarali
1156 1700 1181 1744 6.
1198 1695 1235 1745 tte

160 1763 312 1830 [mercer.
349 1763 407 1812 achil
429 1763 527 1813 dolendi
548 1764 627 1828 expeti
647 1765 667 1812 L
713 1768 725 1811 'l
759 1764 845 1813 uecE
890 1768 904 1811 8
936 1763 1001 1813 illum
1021 1766 1042 1812 ll
1086 1764 1154 1813 ritum
1178 1768 1235 1829 (pro

158 1832 280 1916 sctemlitl
315 1831 390 1881 animi
404 1841 493 1883 etatum
512 1848 598 1882 omnes

158 2006 351 2062 conservandi
374 2006 517 2076 studium,
546 2005 624 2080 quod
653 2024 753 2062 ornnes
781 2005 957 2062 animalibus
986 2025 1002 2063 a
1032 2015 1136 2062 natura
1164 2006 1235 2063 inei·

158 2102 221 2148 turn
244 2109 307 2148 esse
331 2091 501 2148 concedant.
553 2092 677 2148 Videlicet
699 2091 884 2148 manifestem
907 2110 968 2148 rem
997 2101 1024 2148 et
1048 2091 1234 2166 perspicuam

158 2176 312 2252 signifieat.

244 2263 318 2335 qnod
350 2272 436 2318 tamen
470 2262 573 2335 dicitis)
607 2262 661 2317 etsi
697 2271 755 2318 tarn
790 2261 881 2317 multa
916 2261 952 2319 de
985 2261 1146 2318 indolentia
1176 2261 1235 2317 dis·

159 2347 270 2421 putatis
298 2358 325 2403 et
354 2365 418 2403 eam
447 2356 506 2402 tam
530 2346 682 2404 extollitis,
734 2345 827 2404 Gztus
855 2355 942 2403 tomen
969 2347 1032 2402 vult
1063 2364 1128 2402 esse
1156 2357 1234 2411 certe,

158 2433 267 2500 saltem,
295 2442 325 2489 et
348 2431 510 2488 sententiae
532 2450 700 2507 repugnans
728 2435 835 2504 (neque
862 2432 940 2487 eninr
968 2431 1048 2488 aliud
1065 2430 1235 2506 ¹Epicureos

158 2517 277 2585 sentire,
300 2516 381 2573 aliud
403 2517 510 2585 dicere,
533 2516 638 2574 Cicero
655 2516 811 2592 significat)
834 2526 863 2573 et
879 2517 946 2574 usui
963 2516 1116 2591 loquendi3
1140 2534 1235 2591 neque

159 2602 236 2658 enirn
260 2602 296 2659 ad
320 2621 384 2658 earn
407 2602 650 2676 significationem
675 2613 760 2658 tannen
783 2602 921 2671 inclinat,
952 2601 1008 2658 nisi
1031 2619 1096 2659 curn
1120 2602 1160 2659 ita
1184 2601 1236 2658 ed·

160 2687 240 2743 ditur
262 2687 420 2753 vocabulo,
449 2696 495 2754 ut,
519 2686 662 2761 quidquid
685 2688 720 2744 de
744 2686 811 2744 aliia
833 2687 921 2745 rebus
943 2687 1009 2760 flat,
1038 2688 1113 2744 hanc
1136 2698 1233 2743 tamen
1292 2716 1298 2723 .

159 2772 289 2846 (saltem)
312 2772 509 2847 excipiatnus3
532 2771 574 2849 [v.
598 2773 651 2831 lV.
671 2773 725 2828 69:
748 2774 794 2828 itta
817 2781 904 2829 tomen
925 2775 1057 2848 ainrplicr'c
1079 2783 1109 2828 et
1128 2773 1164 2830 V.
1179 2773 1234 2830 30:

158 2860 274 2932 etettepi
294 2868 380 2915 terren
403 2889 444 2898 -
462 2855 576 2936 potest}
610 2858 777 2933 Dupliciter
799 2865 897 2913 autern
920 2857 1145 2932 reprehenditur
1162 2856 1235 2933 Epi·

159 2960 261 3013 curus,
284 2943 308 3000 si
334 2953 469 2999 movente
492 2943 643 3017 voluptate
666 2961 787 3017 puerum
811 2942 877 2999 duci
900 2942 993 3011 dicat,
1017 2943 1095 3016 quod
1117 2952 1233 3017 turpem

159 3027 340 3102 voluptatem
365 3028 521 3085 excludere
537 3047 601 3084 non
626 3029 728 3103 possit,
751 3038 781 3083 et
799 3028 876 3101 quod
896 3038 1049 3101 praeterea
1065 3028 1107 3084 sic
1124 3028 1234 3085 animal

158 3112 246 3180 illud,
280 3114 356 3187 quod
387 3114 494 3169 totiens
521 3125 656 3188 usurpet,
686 3114 772 3169 modo
800 3123 899 3169 natum
929 3123 957 3171 et
985 3122 1081 3169 ortum
1110 3114 1147 3170 ab
1175 3114 1235 3170 alia

91 3186 101 3201 ’
159 3198 311 3273 voluptate
334 3199 448 3254 initium
472 3199 629 3274 appetendi
653 3199 750 3273 capiat
773 3211 861 3271 atque
884 3217 928 3268 ea,
955 3199 983 3254 in
1007 3217 1066 3273 qua
1088 3216 1232 3256 summurn

158 3283 266 3340 bonum
291 3283 436 3358 Epicurus
461 3294 563 3358 ponat.
593 3294 623 3339 ut
646 3283 761 3340 initium
790 3302 809 3339 a
829 3284 887 3339 line
910 3284 1065 3358 discrepet.
1110 3283 1234 3343 Senten-

158 3368 217 3425 tiae
252 3369 323 3425 satis
357 3368 453 3426 facilis
483 3370 663 3425 enarrandae
693 3369 895 3425 necessitatem
924 3369 1065 3444 imposuit
1093 3368 1161 3428 Gaii
1190 3369 1235 3426 in·

159 3454 244 3511 scitia
271 3455 345 3510 adeo
372 3454 548 3510 aberrantis.
585 3466 616 3510 nt
644 3456 722 3510 aliud
748 3456 850 3510 animal
876 3455 1042 3529 scripserit,
1077 3464 1106 3510 et
1128 3453 1233 3513 Orellii

158 3558 278 3614 prorsus
301 3538 377 3595 falsa
399 3540 566 3614 explicatio.
601 3540 678 3613 Quid
702 3549 778 3596 esset
794 3541 935 3614 proficisci,
959 3539 1090 3615 intellegi
1109 3549 1233 3614 poterat.

158 3624 184 3681 si
206 3643 281 3700 opus
303 3634 390 3693 esset,
414 3645 429 3681 e
453 3626 520 3695 §32
544 3635 618 3681 extr.

246 3711 295 3767 32.
329 3729 399 3784 quoe
416 3721 497 3785 putot
519 3730 575 3767 cccc
597 3712 705 3785 apecula
728 3709 854 3784 craturae)
874 3710 963 3766 Lenis
985 3722 1031 3766 eet
1047 3710 1145 3767 irrisio
1163 3711 1234 3785 upi-

158 3795 220 3851 curi
249 3814 267 3851 a
295 3795 397 3851 bestiis
419 3806 592 3870 argumenta
614 3794 756 3853 ducentis.
802 3794 880 3851 Nam
908 3795 944 3850 de
973 3796 1073 3870 pueris
1099 3795 1235 3853 similiter

157 3880 208 3936 alii
232 3881 399 3955 philosophi
422 3880 632 3954 loquebantur,
660 3879 739 3954 apud
767 3880 862 3954 ipsum
886 3878 1057 3938 Ciceronem
1081 3880 1235 3955 Peripate·

157 3965 233 4022 ticus
255 3966 326 4023 Piso
349 3967 387 4034 V,
412 3967 448 4022 61
475 3975 504 4021 et
526 3965 654 4021 maxime
678 3966 727 4020 55.

245 4070 291 4107 nec
317 4051 414 4124 adrem)
444 4052 525 4107 Illum
552 4050 617 4108 edd.
646 4046 806 4123 quaedam,
833 4059 866 4105 ut
889 4049 993 4108 Mars..
1023 4051 1118 4119 Mam,
1142 4048 1231 4109 Grut.

158 4138 230 4208 (non
251 4136 316 4193 cod.
341 4136 429 4206 Mor,
453 4145 486 4192 ut
508 4135 559 4195 Or.
582 4137 645 4207 ait),
668 4137 769 4191 aulicam
792 4134 848 4209 Ux,
871 4133 958 4193 CCC.

244 4225 378 4288 acimum,
401 4222 502 4295 statue)
525 4221 654 4277 Evidens
677 4219 842 4276 emendatio
865 4220 1001 4279 debetur,
1025 4219 1145 4294 opinor,
1169 4219 1234 4277 Ma·

158 4305 250 4362 nutio.
294 4305 386 4364 Codd.
412 4306 496 4372 Pell,
519 4305 614 4368 Oxx..
638 4303 707 4362 Gaii
730 4316 762 4361 ut
786 4305 855 4361 mei.
879 4305 944 4361 edd.
968 4323 1084 4378 quoque
1107 4316 1232 4363 veteres.

243 4402 272 4446 ot
293 4394 336 4448 illc
353 4392 444 4467 pellit)
467 4393 497 4449 ls
520 4392 635 4448 demum
660 4399 755 4447 status
772 4389 856 4465 pellit
872 4390 1002 4447 animum
1021 4399 1050 4447 et
1069 4390 1232 4466 appetitum

158 4486 266 4544 movet,
289 4476 338 4551 qui
363 4477 524 4552 permulcet
546 4494 664 4534 sensum
687 4484 824 4533 movente
847 4485 876 4532 et
898 4493 970 4533 vera
991 4475 1155 4551 voluptate,
1177 4474 1234 4532 hoc
