3030 5086
218 470 281 533 612
608 487 653 532 nu
676 486 806 534 ruamus
830 486 901 533 sou.

217 673 333 732 omnes,
355 655 431 735 quid
452 655 568 719 Lucius
591 656 719 719 noster?
746 655 859 735 inquit;
887 674 927 719 an
951 674 1021 720 eum
1042 655 1144 720 locum
1165 656 1301 721 libenter

216 757 331 835 invisit,
353 757 405 822 ubi
422 757 650 822 Demosthenes
668 764 700 821 et
717 757 888 823 Aeschines
910 758 991 822 inter
1014 776 1049 823 se
1065 760 1230 823 decertare
1245 777 1300 823 so·

215 859 263 923 liti
284 859 378 923 suat?
422 859 484 924 Suo
512 859 594 924 enirn
622 861 754 941 quisque
781 861 885 924 studio
912 860 1048 926 maxime
1076 860 1208 925 ducitur.
1255 859 1302 925 Et

215 960 282 1039 ille,
305 979 374 1026 curn
397 961 587 1041 erubuisset,
610 961 698 1034 Noli,
721 962 834 1043 inquit,
862 982 899 1026 ex
922 981 971 1026 me
994 980 1159 1042 quaerere,
1187 962 1300 1043 quiin

177 1064 199 1129 b
216 1062 412 1128 Phalericum
435 1063 529 1129 etiam
546 1064 769 1142 descenderim,
791 1081 853 1144 quo
870 1065 901 1128 in
920 1064 988 1128 loco
1004 1065 1047 1128 ud
1064 1063 1189 1128 fluctum
1207 1064 1301 1127 aiunt

216 1165 392 1230 declamare
420 1165 544 1229 solitum
569 1166 826 1244 Demosthenem,
855 1172 891 1229 ut
917 1165 1074 1230 fremitum
1101 1172 1302 1230 assuesceret

215 1284 291 1331 voce
311 1267 443 1332 vincere.
477 1267 571 1331 Modo
594 1267 688 1332 etiam
711 1268 837 1349 paulum
860 1268 901 1332 ad
923 1269 1085 1332 dexteram
1108 1268 1148 1331 de
1166 1267 1217 1330 via
1240 1267 1300 1332 de·

215 1368 336 1447 clinavi,
359 1376 395 1433 ut
415 1371 457 1432 ad
480 1369 590 1433 Pericli
614 1369 789 1450 sepulcrum
812 1370 1001 1434 accederem.
1044 1370 1239 1449 Quamquam
1263 1367 1300 1432 id

214 1469 341 1551 quidem
367 1469 520 1535 infinitum
555 1479 604 1536 est
632 1472 664 1535 in
694 1471 754 1534 hac
780 1471 871 1551 urbe;
905 1488 1100 1552 quacumque
1132 1469 1213 1534 enim
1245 1470 1298 1534 in·

158 1574 200 1637 10
216 1572 389 1654 gradimur,
416 1572 447 1636 in
477 1573 584 1653 aliqua
611 1572 743 1638 historia
765 1573 929 1655 vestigium
956 1572 1110 1653 ponimus.
1161 1573 1189 1638 6.
1214 1571 1297 1636 Ium

284 1731 307 1775 2.
331 1725 450 1774 &emori
471 1726 491 1773 L
544 1731 567 1776 8.
591 1726 651 1775 enim
674 1726 835 1790 unusquisque
855 1727 875 1774 u
929 1730 950 1772 5.
975 1724 1025 1774 ioco
1048 1725 1162 1789 usjiu'ctum
1184 1725 1254 1774 utun!
1274 1725 1297 1774 lb

216 1799 236 1841 6.
258 1792 432 1842 declinareER
467 1794 636 1843 ussrrmm'tIl
673 1799 768 1844 leoco
787 1810 835 1846 om.
853 1792 1061 1853 sdmramqp)
1098 1798 1119 1841 8.
1141 1792 1233 1856 Pm’cp'
1250 1793 1297 1843 EF

216 1860 318 1910 Periclis
329 1862 397 1912 Lcu
432 1867 455 1915 9.
474 1862 569 1925 quidE
595 1862 746 1925 dpfiurlumh
772 1862 964 1924 inprediemurb
983 1861 1151 1926 epredimurss
1189 1867 1225 1912 10.
1248 1860 1297 1911 ab·-

216 1946 286 1994 quum
304 1930 427 1979 historiam
446 1930 579 1982 LPCROr.

215 2062 298 2126 parte
315 2054 478 2110 sententiae
496 2054 617 2109 verbum
641 2054 683 2110 ita
700 2054 855 2123 omittitur,
879 2064 911 2108 ut
934 2052 1058 2127 primum
1083 2070 1119 2108 ex
1138 2051 1297 2109 uniuersae

214 2137 356 2194 orationis
373 2157 460 2195 cursu
478 2138 675 2214 intellegatur,
693 2139 798 2195 deinde
816 2139 972 2195 definiatur
989 2137 1018 2193 in
1036 2135 1097 2202 illo,
1116 2136 1194 2235 quod
1213 2137 1296 2194 subi·

214 2221 298 2291 citur,
321 2226 420 2281 invisit
456 2223 550 2280 Paulo
574 2233 640 2299 post
662 2223 751 2281 etiam
771 2223 850 2298 Spir.
871 2222 916 2300 [et
937 2221 976 2299 B]
994 2222 1097 2278 babet.
1120 2225 1188 2278 enirn
1210 2243 1295 2279 unm·

214 2311 328 2382 quisque
350 2305 443 2407 [quod
461 2308 598 2365 Baiterus
615 2309 735 2383 recepit.
759 2308 810 2364 sed
828 2307 1021 2367 Ciceroniane
1044 2306 1101 2363 dici
1120 2324 1178 2363 non
1195 2305 1295 2398 puto].

299 2412 352 2466 quo
368 2398 395 2449 in
413 2397 468 2449 loco
479 2393 549 2489 cet)
567 2393 645 2450 Plnt.
663 2394 716 2452 vit.
730 2394 760 2450 X
778 2406 851 2450 orat.
867 2395 885 2450 8
904 2413 932 2468 p.
948 2393 1061 2449 844Ε;
1083 2379 1133 2447 καὶ
1149 2379 1295 2448 sassones

215 2464 260 2532 ἐπὶ
282 2468 316 2534 τὸ
336 2468 506 2575 Φαληρικὸν
527 2468 603 2555 πρὸς
623 2470 678 2543 τὰς
699 2475 758 2534 τῶν
781 2467 920 2551 κυμάτων
944 2467 1072 2550 ἐμβολὰς
1093 2466 1150 2540 τὰς
1173 2467 1296 2547 σκέψεις

213 2551 409 2629 nocolonae*
395 2564 443 2629 ον’,
462 2552 492 2618 si
503 2581 576 2618 ποτε
594 2553 774 2638 θορυβοίη
760 2581 776 2618 ο
794 2559 896 2637 δῆμος,
918 2551 958 2635 μὴ
976 2554 1104 2635 ἐκσταιη.
1127 2560 1185 2617 Ηίο
1202 2558 1296 2634 igitur

214 2661 272 2700 non
290 2645 326 2701 sd
340 2647 421 2703 vocis
433 2647 502 2705 rim
527 2647 577 2703 sed
596 2647 633 2702 sd
651 2647 844 2705 constantiam
863 2647 1008 2720 quandam
1027 2645 1117 2701 animi
1134 2644 1294 2701 staurium

212 2746 276 2785 eam
290 2731 531 2790 exercitationem
546 2732 721 2807 pertinuisse
734 2741 826 2806 putat,
844 2731 922 2805 quod
940 2730 1053 2788 faciunt
1067 2729 1154 2786 etism
1168 2728 1296 2801 Quintil.

213 2814 253 2882 X,
268 2815 295 2882 3,
310 2816 359 2882 30,
384 2817 525 2873 Libanius
547 2817 578 2874 in
602 2817 663 2874 vita
687 2816 849 2879 Demosth.,
873 2816 941 2873 val.
961 2817 1042 2872 Max.
1055 2816 1142 2882 VIII,
1157 2816 1173 2870 7
1187 2823 1248 2872 ext.
1266 2817 1295 2871 l.

214 2899 285 2956 Mox
303 2901 441 2958 deuterum
459 2901 553 2959 Gaius
569 2921 606 2958 ex
621 2902 692 2966 uu,
716 2900 795 2959 Gud.
815 2910 941 2974 utroque
954 2898 1024 2977 [B];
1047 2900 1137 2957 ceteri
1157 2901 1296 2957 derbem.

214 2984 309 3041 Paulo
327 2997 394 3060 post
412 2989 512 3044 Pericli
528 2986 621 3044 Gaius
644 2996 766 3044 annotat
782 3005 840 3042 non
859 3005 896 3041 ex
909 2986 970 3042 Erl.
983 2982 1048 3062 [B],
1072 2986 1122 3042 sed
1141 2983 1250 3042 eGud.
1265 2986 1296 3047 2,

212 3079 243 3126 et
264 3089 302 3126 ex
325 3090 360 3128 eo
383 3074 485 3129 Pem'oli
505 3071 612 3140 effecit,
635 3072 712 3144 quod
737 3071 910 3129 Schuetzius
932 3091 986 3146 pro
1004 3072 1117 3127 Periclis
1140 3069 1247 3144 posuit.

298 3159 325 3212 iu
352 3159 447 3231 aliquo
475 3159 587 3214 historia
613 3160 751 3230 vesliqium
775 3156 915 3232 portunus)
939 3156 988 3215 sie
1011 3156 1098 3212 etiam
1123 3155 1201 3229 Spir.
1225 3152 1296 3232 [B],

212 3250 246 3295 nt
274 3243 378 3299 merito
406 3243 534 3317 optimos
561 3242 677 3299 codices
699 3261 764 3299 cum
788 3241 999 3299 consuetudine
1022 3240 1225 3314 conspirantes
1246 3258 1297 3296 se·

213 3342 345 3398 quamur.
391 3328 459 3385 Non
482 3328 551 3384 licet
569 3346 645 3384 nunc
664 3327 800 3402 persequi
819 3345 869 3383 eos
887 3327 977 3393 locos,
1000 3325 1107 3399 quibus
1124 3324 1297 3382 confirmari

212 3419 331 3485 putant,
360 3411 532 3471 Ciceronem
555 3423 583 3468 et
607 3413 682 3469 alios
704 3413 834 3468 eiusdem
858 3413 964 3468 aetatis
987 3411 1145 3486 scriptores
1162 3412 1296 3485 ponendi,

212 3497 366 3556 collocandi.
390 3500 526 3554 stutrreudi
542 3498 639 3554 verbis
656 3501 683 3554 in
701 3497 949 3571 praepositionem
968 3515 1033 3552 oum
1053 3494 1220 3552 accusativo
1238 3514 1296 3570 pro

213 3581 344 3638 ablativo
367 3584 542 3649 subiecisse,
572 3593 603 3639 ut
625 3583 792 3642 ostendam.
824 3591 895 3656 quot
924 3601 959 3638 ex
989 3582 1025 3637 iis
1055 3580 1225 3654 diligendus
1248 3579 1296 3636 in·

212 3667 305 3739 speoti
328 3677 358 3723 et
380 3668 416 3724 ad
436 3668 572 3724 meliores
589 3668 704 3724 codices
722 3668 819 3724 exacti
838 3667 1008 3741 eripiantur.
1032 3666 1061 3722 in
1079 3665 1186 3721 ceteris
1203 3683 1294 3738 qnam

212 3769 250 3807 ex
271 3751 344 3826 ipsis
368 3754 516 3810 nominum
540 3753 643 3810 formis
667 3753 838 3827 plerumque
862 3751 1049 3809 manifestum
1074 3751 1125 3809 sit.
1154 3749 1296 3807 librarios

212 3834 351 3894 lineolam
369 3858 460 3913 prave
472 3839 629 3897 addidisse.
648 3839 725 3912 qnod
743 3837 865 3893 infinitis
876 3837 949 3893 loeis
962 3836 1082 3892 faciunt.
1105 3832 1181 3915 [cfr.
1194 3834 1296 3891 Hand.

212 3922 300 3980 Ture.
325 3925 371 3981 III
393 3945 421 3999 p.
442 3920 529 4003 306]
574 3924 632 3982 Sed
656 3942 762 3998 magna
785 3934 830 3978 est
852 3923 881 3978 in
905 3933 967 3978 toto
991 3923 1046 3977 boc
1068 3938 1175 3995 genere
1198 3919 1296 3976 edito·

212 4025 276 4063 rum
300 4011 407 4084 partim
431 4029 531 4065 casum
556 4010 705 4065 dominum
731 4008 900 4064 habentium
925 4007 1067 4082 patientia
1086 4009 1130 4077 (ut
1152 4005 1182 4061 in
1205 4005 1296 4080 epist.

212 4092 250 4148 sd
273 4097 337 4150 Att.
358 4097 394 4152 V.
411 4097 501 4164 11,o,
525 4096 578 4151 VI.
596 4098 621 4160 1,
636 4094 685 4157 22,
710 4094 763 4150 VI.
779 4094 837 4148 od
861 4093 986 4168 legimus
1005 4111 1104 4167 ponere
1125 4093 1244 4165 ob‘quem
1266 4094 1296 4146 in

209 4183 301 4252 pratia
323 4183 399 4255 opud
420 4182 550 4254 aliquem,
575 4179 665 4236 semel
690 4180 726 4247 V,
751 4182 778 4236 3.
804 4179 821 4233 3
844 4182 871 4234 iu
892 4182 1031 4251 proliaco),
1056 4175 1162 4251 partim
1185 4175 1297 4232 levitas

212 4265 415 4340 undecumque
444 4266 542 4322 omnia
570 4265 712 4321 eiusmodi
742 4263 961 4339 arripientium,
989 4282 1065 4336 quae
1092 4269 1143 4317 aut
1171 4261 1298 4318 nomina

212 4352 355 4422 quaedam
379 4351 532 4407 doctorum
550 4350 792 4423 indoctorumque
811 4348 959 4405 hominum
979 4345 1144 4404 ascribendi
1162 4345 1297 4403 occasio·

212 4453 279 4492 nem
307 4437 436 4493 habeant
463 4446 514 4492 unt
537 4435 794 4492 distinctiunculae
817 4433 1044 4509 excogitandae,
1073 4430 1154 4505 quali
1183 4429 1213 4487 in
1237 4430 1298 4488 boc
