3030 5086
474 491 517 536 nu
541 490 621 536 nari.
643 489 707 535 rna.
729 490 753 535 n
775 489 848 536 aaa.
869 492 891 537 a.
910 487 1044 556 (ne-ar.)
1238 473 1297 537 193

215 659 434 726 concedamus.
479 658 656 723 Contemnit
678 657 852 722 disserendi
874 652 1074 738 elegantiam
1102 656 1229 723 conbrse
1250 658 1296 722 lo-

220 762 340 843 quitur;
368 760 524 842 gerendus
552 767 709 834 estmoe,
737 760 830 823 modo
861 766 945 825 recte
973 760 1094 825 sentiat.
1144 760 1296 840 Equidem

219 863 294 928 illud
311 862 412 943 ipsunt
425 881 487 926 non
506 861 629 925 nimium
647 861 746 942 probo
760 868 793 926 et
808 870 929 926 tanturn
946 862 1059 943 patior,
1076 861 1296 943 philosophum

220 964 305 1046 loqui
326 965 366 1029 de
388 963 609 1045 cupiditatibus
632 960 783 1027 finiendis.
821 965 868 1027 An
890 972 997 1044 potest
1018 964 1171 1044 cupiditas
1193 961 1297 1028 finiri?

217 1065 373 1131 Tollenda
395 1071 560 1145 astatque
581 1063 772 1129 extrahenda
794 1066 951 1130 radicitus
986 1065 1064 1145 Quis
1085 1074 1134 1131 est
1150 1065 1241 1143 enlm,
1264 1065 1296 1129 in
1314 1065 1336 1132 5

217 1187 282 1250 quo
306 1168 347 1232 sit
367 1166 533 1248 cupiditas,
555 1166 630 1247 quin
653 1173 736 1231 recte
758 1167 890 1247 cupidus
913 1166 973 1231 dici
994 1167 1116 1247 possit?
1160 1167 1243 1246 Ergo
1265 1172 1297 1232 et

216 1288 336 1334 avarus
352 1269 421 1347 erit,
444 1270 501 1333 sed
518 1267 613 1348 finite,
636 1276 667 1333 et
684 1268 815 1348 adulter,
838 1287 946 1335 verum
963 1267 1091 1333 habebit
1106 1270 1242 1348 modum,
1264 1277 1297 1332 et

294 1479 313 1520 1.
333 1473 394 1522 Post
407 1481 531 1522 coaternmt
546 1473 603 1521 add.
619 1473 679 1521 enain
695 1471 908 1588 [AllLPMCROr.
946 1477 967 1520 2.
987 1480 1010 1522 et
1024 1472 1114 1536 quidem
1127 1470 1297 1539 [albaneta

221 1547 244 1593 3,
265 1541 339 1606 ipram
358 1557 406 1590 om.
427 1541 545 1590 LPMCR
580 1549 657 1589 tamen
678 1541 721 1589 ab
747 1541 820 1592 MCR
856 1547 878 1588 ⁴.
897 1540 964 1605 loqui
980 1542 1068 1591 orni}
1106 1547 1127 1590 b.
1148 1541 1298 1606 eitproeat

219 1609 332 1674 enimn
368 1615 392 1659 6.
412 1609 529 1674 cupuditate
547 1608 577 1658 ni
596 1609 671 1660 MCR
706 1610 749 1672 qai
764 1626 809 1659 aon
828 1610 929 1658 recteE
966 1614 986 1657 7.
1006 1625 1085 1659 umam
1103 1610 1195 1658 om.R

309 1795 357 1856 27.
395 1799 553 1869 Conternm't)
578 1800 660 1856 Enim
688 1778 799 1856 omittit¹
827 1799 915 1856 etiarn
944 1798 1021 1874 Spir.
1044 1793 1106 1878 [B].
1152 1797 1298 1874 Proponit

221 1884 327 1944 Cicero
349 1902 427 1953 rem3
450 1884 584 1960 adiungit
605 1886 750 1958 (petendae
772 1893 811 1941 eat
832 1885 910 1958 uros),
934 1883 1085 1940 ferendam
1109 1901 1181 1940 esse.

307 1968 457 2046 Equidem)
481 1970 531 2028 Sic
553 1969 641 2026 etiam
665 1969 742 2045 Spir.
765 1963 820 2048 [B]
848 1979 878 2026 et
899 1967 1027 2025 restituit
1049 1967 1152 2026 Gziua.
1197 1966 1297 2027 Ceteri

217 2065 247 2113 et
268 2057 384 2129 quidem,
407 2073 482 2128 quae
506 2054 667 2130 particulae
691 2054 738 2111 hic
760 2054 856 2111 locum
880 2072 939 2110 non
956 2053 1074 2110 habent.
1109 2055 1186 2111 'l'um
1208 2056 1298 2128 ipsum

218 2140 361 2197 omittunt
388 2140 512 2197 aliorum
540 2158 656 2214 quoqne
686 2139 754 2196 mali
782 2139 866 2196 codd.
895 2138 984 2213 (apud
1014 2138 1117 2198 Daris.
1147 2147 1296 2213 quattuor,

222 2225 312 2301 0143
336 2225 426 2281 miror
438 2225 546 2284 Gaium
564 2225 594 2281 in
613 2225 748 2282 omnibus
767 2225 829 2282 suis
848 2224 1034 2300 repperisse).
1073 2225 1188 2281 Tantum
1207 2224 1296 2281 etiam

218 2330 259 2368 ex
288 2311 339 2366 illa
366 2308 480 2368 familia
507 2318 655 2384 sumptum
684 2320 727 2367 est
756 2308 833 2383 (Pal
863 2313 893 2377 l
918 2309 1024 2384 Spir.;)
1058 2310 1156 2366 editur
1183 2309 1250 2365 inde
1279 2327 1298 2365 a

220 2395 362 2454 Grutero.
398 2392 453 2493 [Β
476 2407 508 2451 nt
531 2395 591 2452 Erl.
615 2405 644 2451 et
666 2390 779 2474 ceteri]
825 2395 924 2453 Stoice
952 2395 999 2450 hic
1021 2393 1191 2452 Ciceronem
1216 2394 1298 2467 loqui
1350 2467 1356 2471 ι

219 2491 359 2556 apparet,
391 2472 554 2553 ἐπιθυμιῶν
583 2499 687 2537 nornen
711 2490 883 2555 arguentem
913 2478 998 2553 eique
1021 2498 1058 2536 ex
1080 2478 1174 2536 altera
1196 2479 1298 2536 schola
1343 2540 1345 2544 .

221 2565 412 2623 subicientem
437 2565 680 2640 significationem
703 2562 761 2622 τῶν
783 2561 1041 2638 maenianaque
1064 2555 1174 2639 ὀρέξεις
1196 2564 1297 2641 appel·

222 2650 277 2707 lari
300 2649 436 2707 debuisse
459 2658 557 2724 putat
587 2651 616 2706 id
639 2660 697 2717 est,
728 2649 874 2707 desideria
896 2658 1033 2719 naturae,
1057 2667 1130 2724 quaa
1152 2648 1299 2724 Epicurus

222 2735 371 2791 naturales
404 2734 581 2809 cupiditates
614 2735 747 2791 dixisset.
803 2735 840 2790 Et
880 2742 977 2791 tamen
1017 2734 1088 2808 qnid
1123 2734 1299 2808 prohibebat

217 2838 405 2877 communem
439 2820 587 2895 appetitus
615 2819 765 2877 notionem
792 2819 939 2877 communi
974 2818 1089 2876 nomine
1123 2810 1240 2894 signare
1269 2830 1299 2876 et

221 2905 328 2963 deinde
352 2902 502 2961 dividere?

308 2993 373 3065 qaia
396 3000 464 3046 recte
485 2991 613 3065 cupidus)
637 2990 692 3058 Qui
706 3009 758 3046 non
775 2988 862 3045 etiarn
876 2988 954 3063 Spir.
967 2987 1033 3065 [8],
1058 2996 1166 3061 „atque
1183 2988 1225 3044 sic
1243 2988 1298 3044 hac

222 3076 253 3132 in
276 3075 403 3132 formula
425 3076 542 3150 proprie
565 3074 698 3133 ('icer·o.“
729 3073 854 3132 Gaius.
902 3075 983 3131 Ideni
1014 3074 1044 3129 in
1069 3073 1162 3131 Acad.
1186 3073 1232 3130 ΙΙ.
1257 3074 1297 3130 20

222 3161 352 3218 retinens
375 3168 438 3235 qais
455 3170 502 3229 eet,
526 3164 589 3234 qaia
608 3169 635 3215 et
654 3160 777 3216 reiciens
800 3163 848 3232 qni
864 3179 928 3215 raon:
954 3158 1114 3224 ..Scribaet⁴
1133 3158 1229 3231 inquit
1248 3159 1297 3226 „in

224 3247 278 3302 hac
294 3255 442 3303 structura
459 3247 645 3302 haeserunt.“
682 3246 716 3301 In
735 3245 790 3301 hoc
807 3252 904 3300 antem
922 3263 1010 3318 opere
1029 3245 1067 3314 V,
1081 3244 1120 3300 63
1139 3261 1175 3298 ex
1194 3243 1296 3300 iisdem

219 3332 306 3388 codd.
329 3334 393 3406 qm'u
417 3331 520 3387 edens:
551 3330 698 3398 „Scribit“
723 3329 858 3404 inquit„
862 3329 967 3388 Cicero
990 3348 1026 3385 ex
1051 3347 1131 3385 more
1153 3348 1227 3385 nemo
1249 3339 1300 3397 eet,

223 3419 315 3490 quin.“
364 3418 405 3473 At
428 3416 528 3491 paucis
552 3435 616 3471 vers
605 3416 684 3472 ibus
708 3427 775 3490 post
797 3416 862 3489 (64)
891 3415 983 3471 edidit
1010 3432 1074 3470 cum
1103 3414 1209 3470 ceteris
1236 3416 1298 3488 qm'a

219 3511 270 3563 cet.
293 3505 342 3575 qui
362 3521 422 3559 non
446 3501 611 3574 tacuitque
635 3501 751 3556 eosdem
775 3499 867 3556 libros
890 3500 929 3556 ibi
953 3517 1069 3573 quoque
1092 3503 1156 3573 quin
1180 3499 1297 3555 babere.

224 3586 341 3656 Nescio,
365 3586 499 3660 supinam
522 3585 699 3641 oblivionem
723 3604 760 3640 an
780 3585 942 3647 audaciam
965 3584 1135 3658 quidquid
1128 3603 1156 3639 rn
1176 3570 1296 3640 buccanr

222 3671 351 3735 venerit
375 3670 575 3726 deblaterandi
600 3669 692 3744 magis
715 3670 855 3737 admirer3
880 3670 936 3725 nisi
960 3670 1052 3745 magis
1075 3668 1163 3725 etiarn
1186 3687 1297 3737 eorum

220 3757 272 3830 qui
301 3755 354 3811 has
382 3755 556 3828 quisquilias
580 3773 636 3810 non
666 3754 809 3823 tulerunt,
844 3756 894 3811 sed
918 3755 1089 3823 laudarunt,
1124 3754 1295 3829 patientiam

222 3841 321 3897 miror.
366 3839 437 3897 Otto
461 3840 547 3896 etiam
572 3839 683 3912 aliquid
706 3839 803 3895 dicere
827 3839 935 3908 volnit3
963 3843 1027 3914 pain
1051 3857 1114 3896 esse
1138 3839 1297 3895 modestius

220 3944 309 3999 quarn
339 3928 387 3998 qm'
413 3945 472 3982 nou.
520 3925 593 3981 Mihi
622 3935 651 3981 et
680 3925 771 3981 multo
800 3925 918 3999 saepius
945 3929 1010 3999 qaia
1038 3943 1056 3980 a
1078 3923 1182 3980 scribis
1205 3924 1297 3980 diaso-

221 4011 315 4068 lutum
349 4029 413 4067 esse
442 4011 557 4066 videtur
586 4028 672 4083 quarn
701 4012 750 4083 qm'
782 4029 832 4064 noa
865 4019 1063 4077 contractum,
1098 4019 1127 4064 et
1160 4008 1209 4064 ubi
1238 4027 1296 4065 non

220 4094 397 4171 simpliciter
419 4096 573 4170 praecedat
596 4098 727 4169 quiscat,
752 4113 826 4150 tremo
848 4103 895 4151 eat.
918 4095 979 4156 sed.
1003 4104 1035 4150 nt
1057 4095 1086 4151 b.
1111 4093 1141 4159 l..
1165 4093 1296 4149 delinitio

218 4181 365 4255 quaedam
390 4182 427 4253 (in
450 4201 503 4254 qao
525 4184 559 4236 ait
581 4181 744 4255 copiditas),
773 4198 811 4234 ex
839 4197 897 4253 qua
924 4179 1035 4252 aliquid
1064 4178 1229 4235 necessario
1252 4196 1297 4234 se·

220 4276 339 4340 quatur,
363 4263 424 4322 lere
448 4284 564 4340 semper
585 4266 643 4322 dici
666 4268 740 4339 quia.
788 4265 858 4320 Mox
883 4262 985 4332 Gaios,
1009 4262 1080 4332 Or.‚
1104 4262 1175 4321 Otto
1198 4262 1297 4319 edide-

221 4364 303 4408 runt:
327 4360 351 4407 et
373 4352 481 4407 adulter
504 4370 593 4407 oerum
616 4351 719 4406 babebit
735 4351 850 4416 modam,
874 4349 1065 4405 dormitantes
1082 4347 1149 4422 plus
1167 4348 1252 4405 iusto.

1063 4451 1091 4495 ta
