3030 5086
219 493 249 556 lI
306 478 309 483 ’
657 503 855 554 imaararro.

218 677 330 741 oillimo
354 676 684 758 turbulentissimoque
706 688 847 756 tempore
869 677 970 742 subito
998 678 1152 742 astudiis
1175 679 1216 741 ad
1240 697 1293 741 no-

219 785 304 865 gotia
336 782 461 864 publiea
494 786 662 848 tractanda
693 785 856 848 traductus
884 802 999 861 essem,
1032 784 1064 847 in
1097 785 1196 864 iisqne
1223 786 1293 865 plns

219 892 385 956 triennium
414 892 597 970 haesissem,
627 909 758 971 prorsus
786 892 899 956 oblitus
927 910 1027 970 eram,
1059 892 1186 955 iuvenes
1214 892 1293 954 duos

217 998 405 1080 philologos,
434 999 466 1064 C.
489 998 666 1063 Pleifferum
695 998 881 1063 Onoldinum
910 1006 942 1062 et
969 998 1007 1061 G.
1030 997 1175 1062 Stierium
1204 997 1293 1061 Basi-

112 1107 129 1130 “
217 1105 353 1170 leonsem
375 1106 611 1186 perhumaniter
633 1105 706 1168 mihi
735 1105 947 1169 transmisisse
969 1105 1035 1169 eins
1048 1105 1171 1195 ‘codicis
1194 1105 1293 1184 serip-

219 1220 360 1276 turarum
377 1213 609 1276 annotationem
627 1211 837 1292 plenissimam
854 1220 886 1276 et
902 1211 1175 1288 accuratissimam,
1198 1230 1292 1291 quam

217 1317 462 1397 Naegelsbaohio
496 1337 627 1383 suasore
664 1320 705 1382 ad
740 1321 933 1398 superiorem
967 1318 1161 1382 collationem
1194 1317 1292 1381 corri-

217 1426 351 1505 gendam
373 1433 405 1488 et
426 1426 634 1506 supplendam
657 1424 861 1489 conleoerant
906 1425 987 1490 Ecce
1008 1444 1090 1488 anno
1114 1426 1196 1489 1872
1218 1423 1293 1486 milri

217 1540 339 1596 veteres
362 1531 488 1596 chartas
510 1551 597 1597 meas
614 1531 765 1596 volutanti
788 1531 898 1595 obtulit
920 1550 989 1596 sese
1005 1532 1164 1611 exemplar
1179 1530 1291 1594 horum
1318 1558 1323 1565 ·

216 1638 366 1703 librorum
394 1639 547 1702 Monaehii
578 1641 657 1703 1841
690 1639 890 1718 impressum,
922 1639 952 1702 in
986 1639 1073 1702 ouius
1101 1637 1292 1718 marginibus

217 1764 255 1809 ea
294 1745 455 1809 annotatio
493 1746 669 1826 perscripta
701 1755 785 1822 erat,
826 1764 889 1808 una
927 1763 995 1809 oum
1033 1744 1145 1808 litteris
1179 1743 1290 1808 Stierii.

216 1852 327 1931 Itaque
349 1870 431 1915 nunc
453 1851 567 1916 oodiois
589 1852 773 1915 varietatem
796 1871 833 1916 ex
854 1850 991 1915 Pieifleri
1013 1862 1045 1916 et
1067 1851 1170 1915 Stierii
1192 1869 1291 1913 anno·

215 1958 342 2036 tatione,
365 1977 445 2038 qnae
467 1958 507 2021 ab
530 1958 644 2021 Halmii
666 1958 866 2038 perexiguum
889 1957 1064 2036 differebat,
1087 1956 1241 2037 expressi,
1265 1957 1291 2020 si

216 2064 291 2143 quid
323 2063 363 2128 ab
391 2063 515 2127 Halmio
543 2065 755 2145 discrepabat,
788 2064 960 2144 superioris
988 2072 1114 2129 nostrae
1141 2072 1173 2128 et
1199 2047 1290 2127 huius

215 2169 343 2234 alterius
365 2188 549 2235 consensum
571 2178 705 2235 secutus.

318 2459 467 2508 Scrlltebam
489 2459 602 2508 lloonlae
621 2472 712 2509 mense
731 2460 818 2508 llartlo
838 2458 1055 2509 MDCGCLXXVl.
