3030 5086
296 442 340 506 VI
393 464 396 468 ·
732 445 930 500 PRAEFATIO.

294 629 370 693 locis
398 627 506 692 addidi
534 637 565 691 et
592 625 726 704 correxi,
759 640 874 706 pauca,
908 643 989 705 quae
1017 643 1073 689 nec
1101 624 1187 688 utilia
1216 645 1271 689 nec
1299 644 1367 689 cum

295 735 407 802 ceteris
429 753 565 800 connexa
587 733 787 810 videbantur,
811 733 936 811 rescidi;
958 732 1079 798 correxi
1103 733 1133 796 in
1155 732 1203 809 iis,
1226 752 1305 813 quae
1328 735 1368 797 de

294 843 429 924 antiquis
451 842 625 908 editoribus
647 860 715 906 cum
738 840 962 921 superioribus
987 848 1052 904 tum
1075 841 1233 918 Asceusio,
1258 842 1367 905 ilariu-

294 951 355 1030 tiis,
376 950 529 1015 Lambiuo
551 949 667 1014 tradita
690 957 788 1029 erant,
811 947 908 1014 multa
930 949 1031 1013 minus
1055 956 1138 1012 recte
1156 949 1282 1028 scripta,
1306 969 1368 1012 non

293 1059 337 1123 ita
358 1076 460 1139 pauca
481 1057 573 1123 etiam
596 1058 637 1122 de
653 1057 710 1121 Th.
722 1056 873 1136 Bentleio,
896 1056 1036 1134 Davisio,
1059 1056 1367 1128 Ernesnio.Bren1io,

293 1184 425 1247 quorum
448 1184 588 1231 errorum
611 1164 787 1229 emendatio
808 1164 908 1229 omnis
925 1163 1056 1228 debetur
1073 1166 1192 1228 (iscam
1210 1164 1367 1246 Sieslryeo,

294 1273 347 1354 qui
375 1291 444 1337 cum
471 1273 502 1336 in
532 1272 614 1336 omni
637 1271 696 1336 hac
718 1289 815 1351 opera
836 1270 1034 1336 fidelissimus
1056 1271 1130 1335 mihi
1153 1270 1278 1335 adiutor
1301 1271 1367 1346 nnn,

294 1388 359 1445 tum
386 1380 468 1444 hanc
494 1387 615 1462 partem
644 1379 729 1444 solus
757 1379 917 1458 tractavit3
951 1387 1081 1459 eratque
1114 1378 1247 1444 fortasse
1275 1381 1368 1459 plura

293 1495 500 1567 correcturus,
525 1487 581 1551 nisi
600 1506 658 1568 ego
676 1485 880 1551 festinassem.
915 1489 1002 1566 Quae
1019 1487 1059 1551 ad
1078 1487 1249 1551 sententias
1267 1487 1367 1552 Grae·

294 1612 400 1659 corum
434 1594 691 1676 philosophorum
720 1613 741 1657 a
769 1593 918 1658 Cicerone
947 1594 1066 1674 positas
1094 1601 1149 1659 aut
1176 1596 1367 1675 significatas

294 1702 500 1768 declarandas
522 1703 606 1766 dicta
628 1708 730 1779 erant,
754 1719 854 1781 paene
875 1701 993 1766 intacta
1016 1702 1137 1782 reliqui3
1167 1723 1237 1767 nam
1261 1703 1313 1767 ubi
1336 1704 1366 1767 in

294 1809 371 1890 ipsis
394 1809 488 1874 rebus
511 1809 587 1874 nihil
610 1809 679 1873 novi
702 1818 798 1888 esset,
829 1808 925 1873 libros
954 1811 1140 1875 recentiores
1168 1811 1208 1873 de
1230 1811 1367 1890 philoso-

293 1915 547 1997 phiae'historia,
569 1917 600 1980 in
623 1916 735 1997 quibus
758 1918 866 1982 eadem
890 1917 1104 1995 traderentur,
1127 1918 1286 1998 appellare
1308 1938 1366 1999 pro

293 2022 341 2097 iis,
363 2042 442 2104 quos
464 2033 536 2088 ante
558 2023 799 2105 appellaveram,
822 2043 936 2105 operae
958 2025 1091 2105 pretium
1114 2045 1174 2089 non
1193 2027 1365 2090 ridebatur.

295 2130 340 2193 Ex
362 2131 409 2199 iis,
433 2150 513 2211 qliae
536 2131 576 2195 de
598 2149 741 2196 sermone
766 2132 879 2196 Latino
904 2132 1057 2212 rebusque
1078 2134 1289 2214 grannnaticis
1311 2153 1366 2213 arr-

295 2247 403 2301 notata
430 2248 532 2316 erant,
563 2257 657 2302 unum
685 2247 718 2302 et
744 2239 875 2304 alterum
904 2240 1030 2319 sustuli,
1059 2239 1209 2305 velutad
1238 2241 1291 2315 IV,
1316 2243 1366 2319 ⁶20,

294 2363 394 2427 pauca
416 2345 568 2423 contraxi,
596 2345 694 2410 nndta
721 2346 825 2411 limavi
848 2347 1038 2426 accuratius,
1066 2349 1151 2428 quod
1179 2348 1210 2411 in
1239 2347 1367 2429 quibus·

297 2453 368 2516 dam
402 2451 536 2517 feceram
569 2453 631 2517 iam
664 2452 754 2532 alibi,
788 2454 920 2519 maxime
952 2454 982 2518 in
1016 2455 1094 2518 artis
1121 2456 1255 2522 Latinae
1287 2456 1366 2521 libro

295 2559 421 2642 (tertiae
443 2560 612 2640 editionis),
634 2560 696 2626 alia
717 2560 903 2642 amplificavi
926 2562 1136 2642 exemplorum
1159 2563 1265 2644 copia,
1290 2583 1366 2644 quio-

296 2686 364 2731 rum
386 2664 534 2731 maiorem
557 2676 677 2748 partem
705 2669 834 2733 contulit
860 2670 1055 2751 plurimaque
1083 2671 1190 2748 etiarn,
1219 2691 1298 2752 quae
1325 2672 1367 2735 ad

295 2775 514 2839 correctionem
548 2775 629 2839 illam
657 2777 861 2856 pertinerent,
894 2778 1059 2842 admonuit
1084 2779 1164 2843 idem
1194 2779 1367 2860 Siesbyeus,

296 2882 548 2962 diligentissimus
571 2883 676 2947 talium
700 2883 892 2948 observator.
