3030 5086
278 487 342 552 414
667 503 713 548 oa
735 501 866 549 smmus
888 501 960 546 nou.

364 671 449 736 XIII.
472 671 523 734 42.
547 670 596 734 An
620 687 693 733 uero
716 669 830 733 certius
852 670 1021 750 quidquam
1038 674 1237 749 potestesse,
1259 690 1356 752 quam

278 774 402 838 illorum
424 772 553 849 ratione,
576 772 629 851 qui
647 770 784 835 dolorem
801 771 833 834 in
851 771 940 835 malis
957 778 1086 851 penum,
1108 789 1171 834 non
1189 789 1283 853 pesse
1302 790 1356 836 sa-

353 982 370 1024 Ι.
390 992 469 1025 onnon
487 975 575 1024 certius
594 975 614 1024 C
655 979 677 1022 2.
700 973 750 1041 [illo
767 976 860 1024 ratione
879 975 907 1041 I]
927 974 1080 1023 eiuratione
1099 974 1121 1022 It]
1140 973 1182 1023 itta
1200 973 1263 1024 rott'o
1280 984 1315 1025 ast
1334 975 1356 1024 P

189 1089 197 1103 ,
279 1043 322 1094 itta
340 1045 403 1093 rott'o
422 1061 500 1094 eoram
519 1044 571 1093 MR
590 1042 632 1093 dte
650 1043 712 1092 rott'o
731 1043 818 1104 (oratio
838 1045 869 1108 L)
888 1052 1018 1092 octaorum
1038 1042 1129 1104 theram
1148 1044 1179 1105 C)
1198 1043 1242 1093 LC

278 1218 399 1292 opinor,
429 1216 605 1282 Antiochea,
635 1235 692 1272 non
716 1235 802 1272 verus
825 1216 1068 1291 Peripateticus),
1098 1228 1195 1273 tamen
1216 1205 1356 1292 ποιητικὰ

277 1299 329 1376 τῆς
357 1293 545 1375 εὐδαιμονίας
573 1319 608 1356 ea
635 1301 772 1357 dicebant
800 1300 867 1373 (boc
897 1302 997 1375 miror)
1025 1311 1055 1357 et
1077 1290 1308 1378 συμβάλλεσθαί
1326 1318 1356 1356 τι

277 1374 423 1461 παρόντα.
448 1384 538 1442 Stoici
557 1386 713 1459 negabant,
731 1385 889 1459 quidquam
908 1394 1025 1460 praeter
1036 1386 1174 1442 virtutem
1187 1386 1224 1441 ad
1237 1386 1355 1441 beatam

278 1470 367 1525 vitam
392 1469 595 1544 complendam
615 1471 774 1544 pertinere;
798 1470 850 1526 cfr.
869 1472 956 1526 Tusc.
968 1471 1006 1527 V.
1020 1472 1070 1538 47,
1094 1469 1172 1528 Gell.
1190 1471 1310 1538 XVIII,
1328 1472 1355 1538 1,

278 1554 363 1613 Stcb.
389 1555 450 1611 Ecl.
471 1554 537 1610 Eth.
561 1557 619 1610 142
644 1556 730 1610 Heer.
750 1545 849 1626 (ἀξίαν
873 1545 1031 1628 ἐκλεκτικὴν
1054 1549 1136 1629 ἔχειν,
1160 1544 1355 1630 coaptatam

278 1639 303 1696 δ’
329 1631 467 1712 οὐδαμῶς
489 1629 565 1713 πρὸς
586 1631 637 1694 τὸν
660 1630 822 1710 εὐδαίμονα
845 1632 961 1714 βιόκ)εῑ
977 1641 1046 1698 156.
1083 1639 1242 1695 Videamus
1265 1654 1354 1705 nune,

182 1780 185 1785 ,
277 1724 342 1780 leve
370 1724 434 1781 cod.
465 1723 617 1798 archetypi
641 1722 776 1780 mendum
800 1741 872 1795 quas
896 1724 996 1778 turbas
1018 1723 1166 1799 genuerit,
1197 1724 1354 1779 accedente

278 1809 513 1882 interpolatione.
559 1807 623 1866 Pal.
648 1812 676 1876 4,
701 1809 784 1864 Parr.
812 1810 837 1870 l,
863 1809 895 1877 2,
920 1807 998 1865 Guel.
1024 1810 1040 1864 2
1064 1809 1249 1864 retinuerunt
1270 1809 1357 1864 nostri

277 1913 343 1962 nom
366 1893 395 1950 in
419 1895 523 1951 ceteris
547 1894 697 1950 codicibus
719 1893 835 1949 adiecta
851 1893 1038 1949 adversativa
1056 1892 1200 1969 particula
1221 1891 1354 1966 negatio·

276 1998 341 2034 nem
366 1978 493 2052 expulit:
517 1983 602 2034 nostri
622 1997 692 2034 vero.
734 1977 848 2033 Deinde
872 1997 925 2052 pro
948 1978 1007 2033 his:
1031 1980 1106 2053 qaod
1126 1997 1159 2034 ea
1181 1981 1252 2032 enini
1272 1979 1353 2032 oesti-

277 2067 389 2119 rectione
415 2067 509 2137 otique
537 2066 646 2136 (libratim
679 2062 819 2135 scriptum
849 2072 907 2118 est:
941 2066 1014 2136 quod
1043 2066 1223 2119 aestimatione
1250 2064 1353 2117 omnmo

276 2151 369 2222 aliquo
393 2149 501 2219 diotimo
524 2148 610 2220 (Pall.
635 2156 714 2214 cett,
738 2147 800 2202 sine
823 2147 912 2203 dubio
935 2148 1020 2210 Dav,
1045 2147 1138 2214 Oxx.;
1163 2145 1257 2205 Gzius
1279 2145 1353 2201 nihil

240 2227 243 2232 ’
277 2233 431 2308 perspicue
454 2233 593 2308 scripsit).
639 2234 717 2289 Tum
739 2241 852 2298 autern,
883 2233 976 2305 quod,
1006 2233 1122 2289 sublato
1144 2231 1196 2288 illo
1218 2250 1251 2287 eo:
1272 2234 1351 2302 omisi,

276 2317 349 2373 nihil
373 2327 444 2384 crat,
469 2337 527 2391 quo
544 2316 705 2374 referretur
721 2319 854 2391 conepleri,
878 2318 1017 2391 scripturn
1042 2318 1072 2373 in
1095 2316 1306 2393 paucissisimis
1323 2324 1353 2371 et

276 2402 411 2478 pessimis
428 2403 521 2470 codd,
544 2412 577 2458 ut
595 2404 623 2458 in
642 2414 743 2458 nostro
758 2402 789 2469 L,
812 2404 948 2476 complecti
954 2422 960 2469 ;
984 2405 1121 2477 (compleri
1136 2402 1265 2457 retinent
1277 2400 1351 2458 Pall.

276 2505 387 2555 omnes,
411 2487 494 2543 Parr.
512 2491 537 2556 1,
552 2487 579 2555 3,
604 2487 710 2550 Mead,
736 2486 791 2552 El,
815 2485 893 2544 Oxx.
908 2485 975 2557 Εξ,
1000 2486 1116 2555 Gziani,
1139 2495 1172 2543 ut
1195 2486 1350 2557 videntur).

277 2573 381 2644 Itaque
394 2579 508 2627 veteres
526 2573 567 2629 sic
585 2571 725 2627 edebant:
748 2575 833 2627 reoatm'
848 2591 918 2636 uero,
943 2574 1017 2645 qood
1035 2605 1070 2614 -
1090 2575 1199 2644 <Itanum
1216 2575 1259 2639 sit,
1282 2589 1351 2627 eom·

274 2659 345 2732 pleri
356 2662 436 2713 vitem
450 2657 554 2712 beatam
563 2667 665 2730 putent,
679 2657 856 2712 recentiores
868 2656 935 2712 inde
948 2676 965 2712 a
978 2657 1119 2720 Victorio,
1133 2665 1257 2731 excepto
1270 2655 1351 2721 Ern,

276 2743 413 2815 complecti
429 2745 509 2797 as'tom
527 2743 630 2797 deatum
644 2752 746 2816 putent.
771 2741 828 2799 Sed
847 2741 1025 2798 contrarium
1044 2742 1098 2798 hoc
1113 2761 1175 2798 esse
1188 2741 1351 2798 sententiae

277 2825 442 2884 Stoicorum
461 2836 491 2882 et
508 2825 638 2889 Catonis,
662 2826 909 2882 animadverterat
927 2826 983 2882 iarn
1002 2827 1140 2882 librarius
1163 2826 1278 2900 aliquis.
1301 2825 1352 2899 qui

277 2911 306 2966 in
330 2911 374 2966 El.
390 2912 406 2965 2
422 2908 486 2984 (tt)
509 2911 641 2985 scripsit:
664 2914 799 2985 coneplecti
821 2913 924 2966 dentum
947 2915 1027 2967 vittam
1049 2931 1098 2967 oon
1120 2921 1214 2986 proteat
1235 2912 1351 2982 (beatam

278 2996 306 3050 in
330 3015 364 3050 eo
388 2996 487 3052 codice
511 2996 615 3065 omitti,
640 2995 732 3054 Gaius
755 2996 941 3068 somniavit).
965 2996 1052 3069 idque
1076 2996 1168 3053 sectati
1192 3007 1259 3052 stunt
1282 2997 1353 3051 Bre-

278 3080 352 3136 nuius
376 3090 405 3136 et
428 3080 536 3147 Gzius;
564 3081 611 3137 hic
640 3081 727 3136 etiam
757 3084 883 3155 compleri
904 3081 1063 3137 revocavit.
1109 3082 1208 3137 Facile
1231 3092 1355 3155 apparet

277 3166 464 3239 (quamquam
489 3184 739 3240 supervacaneum
758 3176 803 3221 est
825 3165 991 3222 huiusmodi
1009 3167 1265 3241 interpolationem
1288 3166 1354 3221 red-

277 3252 426 3324 arguere),
461 3251 645 3325 negationem
677 3251 706 3306 in
735 3250 790 3306 hac
818 3251 964 3325 scriptura
992 3271 1048 3307 non
1079 3271 1113 3307 eo
1142 3250 1260 3320 referri,
1295 3268 1354 3325 que

277 3335 391 3399 debeat,
415 3353 448 3391 ae
472 3335 568 3409 potius
592 3336 621 3391 id
644 3335 762 3392 omnino
781 3336 890 3400 omitti3
914 3336 969 3391 hoc
987 3337 1063 3393 enim
1088 3336 1144 3392 dici
1169 3336 1268 3392 debet:
1292 3335 1355 3391 vita

277 3419 364 3474 beata
393 3439 450 3476 non
479 3421 580 3494 utique
604 3439 640 3476 ex
664 3415 757 3485 omni,
789 3421 993 3493 quodcumque
1022 3422 1225 3477 aestimatione
1254 3420 1355 3494 aliqua
1441 3478 1444 3483 4

278 3503 395 3578 dignum
421 3516 478 3570 est,
503 3505 666 3579 completur
688 3505 750 3574 (sed
775 3515 887 3560 tantum
912 3525 949 3560 ex
973 3506 1101 3579 virtute).
1147 3506 1225 3562 Illud
1248 3506 1354 3561 mirum

277 3607 340 3644 esse
365 3598 494 3662 poterat,
524 3590 579 3645 nisi
608 3584 749 3646 desissem
777 3590 936 3663 quidquam
965 3591 994 3646 in
1025 3592 1080 3647 hoc
1108 3610 1214 3665 genere
1243 3590 1356 3659 mirari,

277 3672 428 3731 Ciceronis
452 3673 577 3729 editores
601 3684 720 3748 putasse
737 3674 793 3730 dici
813 3693 913 3749 posse:
936 3679 991 3731 m'tc
1008 3678 1161 3751 corripietur,
1184 3677 1258 3749 quod
1272 3678 1356 3732 oesti-

277 3762 390 3813 matione
411 3761 505 3832 olr'ptm
528 3760 635 3830 dz'pruem
659 3769 710 3824 eet,
735 3779 788 3833 pro
812 3779 861 3826 eo,
885 3760 963 3833 quod
988 3770 1044 3816 est:
1073 3764 1218 3835 completur
1239 3779 1268 3814 eo
1291 3760 1355 3817 sive

276 3862 309 3900 em
320 3863 357 3898 eo.
389 3844 483 3899 Docet
495 3861 548 3899 nos
561 3842 653 3901 Gzius
666 3844 929 3914 demonstrativum
943 3864 1030 3920 saepe
1043 3846 1148 3902 omitti.
1179 3845 1355 3902 Ablutivum

276 3927 443 3984 huiusmodi
472 3937 540 3983 ante
569 3928 780 3984 nominativum
809 3930 926 3985 relativi
951 3949 1007 3987 non
1032 3931 1141 3986 omitti.
1172 3929 1258 3986 facile
1282 3931 1356 3987 mihi

276 4014 426 4072 credetur:
457 4013 621 4068 addendum
652 4032 715 4068 csse
744 4013 772 4068 in
797 4033 832 4069 ca
854 4016 1000 4090 scriptura
1028 4035 1056 4070 eo
1080 4014 1215 4090 Gnyetus
1244 4025 1272 4070 et
1295 4015 1353 4077 Th.

277 4097 428 4154 Bentlcius
452 4097 668 4153 intellexerant.

362 4182 434 4257 Cap.
447 4182 536 4242 XIII,
551 4183 599 4239 tt.
625 4203 706 4256 qrrnm
724 4186 828 4239 illorum
847 4186 961 4259 ratione)
980 4186 1193 4259 Peripateticos
1216 4203 1234 4240 a
1246 4184 1355 4243 Stoicis

276 4267 432 4329 dissidere,
467 4285 531 4323 cum
562 4288 598 4323 ex
634 4269 700 4325 boni
730 4269 849 4325 notione
878 4271 1068 4338 ostendisset,
1104 4288 1180 4326 nttnc
1213 4288 1251 4326 ex
1285 4269 1355 4326 mali

276 4353 412 4420 ostendit,
437 4354 524 4426 quod,
549 4371 614 4409 cum
632 4354 675 4409 illi
693 4355 823 4410 dolorem
846 4355 874 4410 in
896 4356 979 4410 ruralis
997 4364 1200 4425 annumerent,
1224 4364 1256 4411 ut
1274 4354 1355 4411 vale·

276 4438 405 4494 tudinem
435 4439 465 4494 in
489 4438 588 4503 bonis,
619 4439 735 4495 illorum
759 4439 887 4505 ratione,
918 4440 946 4495 id
975 4450 1033 4509 est,
1063 4441 1222 4498 secundum
1252 4459 1353 4496 eorum
