<?xml version="1.0" encoding="UTF-8"?>
<!DOCTYPE html PUBLIC "-//W3C//DTD XHTML 1.0 Transitional//EN"
    "http://www.w3.org/TR/xhtml1/DTD/xhtml1-transitional.dtd">
<html xmlns="http://www.w3.org/1999/xhtml" xml:lang="en" lang="en">
 <head>
  <title>
</title>
<meta http-equiv="Content-Type" content="text/html;charset=utf-8" />
  <meta name='ocr-system' content='tesseract 3.04.00' />
  <meta name='ocr-capabilities' content='ocr_page ocr_carea ocr_par ocr_line ocrx_word'/>
</head>
<body>
  <div class='ocr_page' id='page_1' title='image "./mtulliiciceroni35cicegoog/mtulliiciceroni35cicegoog_0430.png"; bbox 0 0 3030 5086; ppageno 0'>
   <div class='ocr_carea' id='block_1_1' title="bbox 362 477 1247 559">
    <p class='ocr_par' dir='ltr' id='par_1_1' title="bbox 362 477 1247 559">
     <span class='ocr_line' id='line_1_1' title="bbox 362 477 1247 559; baseline 0 -17"><span class='ocrx_word' id='word_1_1' title='bbox 362 496 405 542; x_wconf 82' lang='lat' dir='ltr'>nu</span> <span class='ocrx_word' id='word_1_2' title='bbox 428 497 509 542; x_wconf 53' lang='lat' dir='ltr'>marl.</span> <span class='ocrx_word' id='word_1_3' title='bbox 533 497 594 542; x_wconf 80' lang='lat' dir='ltr'>nm.</span> <span class='ocrx_word' id='word_1_4' title='bbox 617 497 641 542; x_wconf 92' lang='lat' dir='ltr'>n</span> <span class='ocrx_word' id='word_1_5' title='bbox 664 497 737 544; x_wconf 76' lang='lat' dir='ltr'>cnr.</span> <span class='ocrx_word' id='word_1_6' title='bbox 757 500 866 544; x_wconf 78' lang='lat' dir='ltr'>as-aa.</span> <span class='ocrx_word' id='word_1_7' title='bbox 885 495 1051 559; x_wconf 85' lang='lat' dir='ltr'>(uo-ms.)</span> <span class='ocrx_word' id='word_1_8' title='bbox 1183 477 1247 543; x_wconf 82' lang='lat'>329</span> 
     </span>
    </p>
   </div>
   <div class='ocr_carea' id='block_1_2' title="bbox 140 662 1307 1966">
    <p class='ocr_par' dir='ltr' id='par_1_2' title="bbox 170 662 1285 1560">
     <span class='ocr_line' id='line_1_2' title="bbox 172 662 1247 746; baseline 0.002 -19"><span class='ocrx_word' id='word_1_9' title='bbox 172 664 374 744; x_wconf 80' lang='lat' dir='ltr'><strong>Hellesponto</strong></span> <span class='ocrx_word' id='word_1_10' title='bbox 401 663 521 743; x_wconf 86' lang='lat' dir='ltr'>iuncto,</span> <span class='ocrx_word' id='word_1_11' title='bbox 550 664 673 730; x_wconf 80' lang='lat' dir='ltr'><strong>Athone</strong></span> <span class='ocrx_word' id='word_1_12' title='bbox 700 664 858 746; x_wconf 78' lang='lat' dir='ltr'>perfosso,</span> <span class='ocrx_word' id='word_1_13' title='bbox 888 665 987 730; x_wconf 92' lang='lat' dir='ltr'>maria</span> <span class='ocrx_word' id='word_1_14' title='bbox 1016 662 1247 742; x_wconf 81' lang='lat' dir='ltr'><strong>ambulavisset,</strong></span> 
     </span>
     <span class='ocr_line' id='line_1_3' title="bbox 170 764 1247 848; baseline 0.002 -19"><span class='ocrx_word' id='word_1_15' title='bbox 170 776 286 830; x_wconf 90' lang='lat' dir='ltr'>terram</span> <span class='ocrx_word' id='word_1_16' title='bbox 309 764 528 845; x_wconf 85' lang='lat' dir='ltr'>navigavisset,</span> <span class='ocrx_word' id='word_1_17' title='bbox 551 767 587 844; x_wconf 85' lang='lat' dir='ltr'>si,</span> <span class='ocrx_word' id='word_1_18' title='bbox 610 784 679 831; x_wconf 88' lang='lat' dir='ltr'>oum</span> <span class='ocrx_word' id='word_1_19' title='bbox 702 774 789 831; x_wconf 90' lang='lat' dir='ltr'>tanto</span> <span class='ocrx_word' id='word_1_20' title='bbox 812 766 931 848; x_wconf 86' lang='lat' dir='ltr'>impetu</span> <span class='ocrx_word' id='word_1_21' title='bbox 952 766 983 831; x_wconf 95' lang='lat' dir='ltr'>in</span> <span class='ocrx_word' id='word_1_22' title='bbox 1007 765 1171 832; x_wconf 81' lang='lat' dir='ltr'>Graeciam</span> <span class='ocrx_word' id='word_1_23' title='bbox 1193 784 1247 831; x_wconf 87' lang='lat' dir='ltr'>ve-</span> 
     </span>
     <span class='ocr_line' id='line_1_4' title="bbox 171 866 1246 949; baseline 0 -19"><span class='ocrx_word' id='word_1_24' title='bbox 171 866 283 943; x_wconf 84' lang='lat' dir='ltr'>nisset,</span> <span class='ocrx_word' id='word_1_25' title='bbox 317 884 444 931; x_wconf 85' lang='lat' dir='ltr'>eausam</span> <span class='ocrx_word' id='word_1_26' title='bbox 474 867 544 948; x_wconf 86' lang='lat' dir='ltr'>quis</span> <span class='ocrx_word' id='word_1_27' title='bbox 578 887 615 932; x_wconf 85' lang='lat' dir='ltr'>ex</span> <span class='ocrx_word' id='word_1_28' title='bbox 643 886 679 932; x_wconf 92' lang='lat' dir='ltr'>eo</span> <span class='ocrx_word' id='word_1_29' title='bbox 708 876 874 949; x_wconf 91' lang='lat' dir='ltr'>quaereret</span> <span class='ocrx_word' id='word_1_30' title='bbox 899 877 1058 933; x_wconf 88' lang='lat' dir='ltr'>tantarum</span> <span class='ocrx_word' id='word_1_31' title='bbox 1087 867 1246 948; x_wconf 87' lang='lat' dir='ltr'>copiarum</span> 
     </span>
     <span class='ocr_line' id='line_1_5' title="bbox 171 966 1246 1052; baseline 0.002 -20"><span class='ocrx_word' id='word_1_32' title='bbox 171 969 311 1049; x_wconf 87' lang='lat' dir='ltr'>tantique</span> <span class='ocrx_word' id='word_1_33' title='bbox 333 966 418 1045; x_wconf 90' lang='lat' dir='ltr'>belli,</span> <span class='ocrx_word' id='word_1_34' title='bbox 446 968 506 1033; x_wconf 89' lang='lat' dir='ltr'>mel</span> <span class='ocrx_word' id='word_1_35' title='bbox 529 987 563 1034; x_wconf 86' lang='lat' dir='ltr'>sa</span> <span class='ocrx_word' id='word_1_36' title='bbox 585 970 711 1035; x_wconf 82' lang='lat' dir='ltr'>auferre</span> <span class='ocrx_word' id='word_1_37' title='bbox 733 988 770 1035; x_wconf 81' lang='lat' dir='ltr'>ex</span> <span class='ocrx_word' id='word_1_38' title='bbox 792 970 940 1052; x_wconf 84' lang='lat' dir='ltr'>Hymetto</span> <span class='ocrx_word' id='word_1_39' title='bbox 962 969 1098 1034; x_wconf 85' lang='lat' dir='ltr'>voluisse</span> <span class='ocrx_word' id='word_1_40' title='bbox 1120 969 1246 1047; x_wconf 87' lang='lat' dir='ltr'>diceret,</span> 
     </span>
     <span class='ocr_line' id='line_1_6' title="bbox 171 1070 1285 1152; baseline 0.002 -18"><span class='ocrx_word' id='word_1_41' title='bbox 171 1079 253 1135; x_wconf 85' lang='lat' dir='ltr'>certe</span> <span class='ocrx_word' id='word_1_42' title='bbox 275 1070 343 1136; x_wconf 90' lang='lat' dir='ltr'>sine</span> <span class='ocrx_word' id='word_1_43' title='bbox 365 1088 459 1134; x_wconf 83' lang='lat' dir='ltr'>causa</span> <span class='ocrx_word' id='word_1_44' title='bbox 482 1071 640 1136; x_wconf 86' lang='lat' dir='ltr'>videretur</span> <span class='ocrx_word' id='word_1_45' title='bbox 662 1078 751 1137; x_wconf 88' lang='lat' dir='ltr'>tanta</span> <span class='ocrx_word' id='word_1_46' title='bbox 767 1079 907 1151; x_wconf 79' lang='lat' dir='ltr'>conatae,</span> <span class='ocrx_word' id='word_1_47' title='bbox 930 1073 1046 1136; x_wconf 79' lang='lat' dir='ltr'>alanos</span> <span class='ocrx_word' id='word_1_48' title='bbox 1063 1071 1246 1152; x_wconf 85' lang='lat' dir='ltr'>sapientem,</span> <span class='ocrx_word' id='word_1_49' title='bbox 1264 1072 1285 1136; x_wconf 76' lang='grc' dir='ltr'>ἵ)</span> 
     </span>
     <span class='ocr_line' id='line_1_7' title="bbox 171 1172 1247 1255; baseline 0.004 -21"><span class='ocrx_word' id='word_1_50' title='bbox 171 1172 312 1253; x_wconf 86' lang='lat' dir='ltr'>plurimis</span> <span class='ocrx_word' id='word_1_51' title='bbox 342 1176 374 1235; x_wconf 93' lang='lat' dir='ltr'>et</span> <span class='ocrx_word' id='word_1_52' title='bbox 395 1172 589 1254; x_wconf 84' lang='lat' dir='ltr'>gravissimis</span> <span class='ocrx_word' id='word_1_53' title='bbox 612 1173 734 1239; x_wconf 88' lang='lat' dir='ltr'>artibus</span> <span class='ocrx_word' id='word_1_54' title='bbox 757 1183 851 1255; x_wconf 86' lang='lat' dir='ltr'>atque</span> <span class='ocrx_word' id='word_1_55' title='bbox 873 1173 1038 1238; x_wconf 88' lang='lat' dir='ltr'>virtutibus</span> <span class='ocrx_word' id='word_1_56' title='bbox 1060 1173 1247 1238; x_wconf 86' lang='lat' dir='ltr'>instructum</span> 
     </span>
     <span class='ocr_line' id='line_1_8' title="bbox 171 1275 1246 1357; baseline 0 -19"><span class='ocrx_word' id='word_1_57' title='bbox 171 1282 203 1338; x_wconf 89' lang='lat' dir='ltr'>et</span> <span class='ocrx_word' id='word_1_58' title='bbox 214 1280 365 1351; x_wconf 88' lang='lat' dir='ltr'>ornatum,</span> <span class='ocrx_word' id='word_1_59' title='bbox 383 1291 454 1353; x_wconf 92' lang='lat' dir='ltr'>non,</span> <span class='ocrx_word' id='word_1_60' title='bbox 472 1281 507 1340; x_wconf 90' lang='lat' dir='ltr'>ut</span> <span class='ocrx_word' id='word_1_61' title='bbox 519 1275 613 1354; x_wconf 85' lang='lat' dir='ltr'>illum,</span> <span class='ocrx_word' id='word_1_62' title='bbox 630 1276 730 1340; x_wconf 92' lang='lat' dir='ltr'>maria</span> <span class='ocrx_word' id='word_1_63' title='bbox 746 1275 878 1357; x_wconf 89' lang='lat' dir='ltr'>pedibus</span> <span class='ocrx_word' id='word_1_64' title='bbox 889 1281 1119 1357; x_wconf 81' lang='lat' dir='ltr'>peragrantem,</span> <span class='ocrx_word' id='word_1_65' title='bbox 1138 1275 1246 1340; x_wconf 86' lang='lat' dir='ltr'>classi·</span> 
     </span>
     <span class='ocr_line' id='line_1_9' title="bbox 171 1376 1248 1457; baseline 0.002 -19"><span class='ocrx_word' id='word_1_66' title='bbox 171 1377 227 1439; x_wconf 88' lang='lat' dir='ltr'>bus</span> <span class='ocrx_word' id='word_1_67' title='bbox 251 1381 380 1453; x_wconf 85' lang='lat' dir='ltr'>montes,</span> <span class='ocrx_word' id='word_1_68' title='bbox 403 1377 458 1440; x_wconf 87' lang='lat' dir='ltr'>sed</span> <span class='ocrx_word' id='word_1_69' title='bbox 482 1394 573 1442; x_wconf 88' lang='lat' dir='ltr'>omne</span> <span class='ocrx_word' id='word_1_70' title='bbox 595 1377 715 1442; x_wconf 82' lang='lat' dir='ltr'>eaelum</span> <span class='ocrx_word' id='word_1_71' title='bbox 737 1383 897 1457; x_wconf 89' lang='lat' dir='ltr'>totamque</span> <span class='ocrx_word' id='word_1_72' title='bbox 918 1394 988 1441; x_wconf 90' lang='lat' dir='ltr'>cum</span> <span class='ocrx_word' id='word_1_73' title='bbox 1005 1376 1151 1441; x_wconf 85' lang='lat' dir='ltr'>universo</span> <span class='ocrx_word' id='word_1_74' title='bbox 1168 1377 1248 1441; x_wconf 89' lang='lat' dir='ltr'>mari</span> 
     </span>
     <span class='ocr_line' id='line_1_10' title="bbox 170 1477 1246 1560; baseline 0.003 -20"><span class='ocrx_word' id='word_1_75' title='bbox 170 1485 285 1540; x_wconf 88' lang='lat' dir='ltr'>terram</span> <span class='ocrx_word' id='word_1_76' title='bbox 315 1483 416 1540; x_wconf 90' lang='lat' dir='ltr'>mente</span> <span class='ocrx_word' id='word_1_77' title='bbox 443 1478 648 1560; x_wconf 82' lang='lat' dir='ltr'>complexum,</span> <span class='ocrx_word' id='word_1_78' title='bbox 682 1478 874 1559; x_wconf 85' lang='lat' dir='ltr'>voluptatem</span> <span class='ocrx_word' id='word_1_79' title='bbox 908 1483 1016 1558; x_wconf 83' lang='lat' dir='ltr'>petere</span> <span class='ocrx_word' id='word_1_80' title='bbox 1045 1477 1072 1542; x_wconf 91' lang='lat' dir='ltr'>si</span> <span class='ocrx_word' id='word_1_81' title='bbox 1100 1477 1246 1556; x_wconf 81' lang='lat' dir='ltr'>dicamne,</span> 
     </span>
    </p>

    <p class='ocr_par' dir='ltr' id='par_1_3' title="bbox 140 1578 1307 1966">
     <span class='ocr_line' id='line_1_11' title="bbox 140 1578 1307 1662; baseline 0.003 -21"><span class='ocrx_word' id='word_1_82' title='bbox 140 1654 142 1658; x_wconf 12' lang='grc' dir='ltr'><em>Α</em></span> <span class='ocrx_word' id='word_1_83' title='bbox 171 1578 269 1642; x_wconf 89' lang='lat' dir='ltr'>mellis</span> <span class='ocrx_word' id='word_1_84' title='bbox 292 1596 387 1642; x_wconf 82' lang='lat' dir='ltr'>eausa</span> <span class='ocrx_word' id='word_1_85' title='bbox 404 1578 541 1644; x_wconf 81' lang='lat' dir='ltr'>dicemus</span> <span class='ocrx_word' id='word_1_86' title='bbox 559 1586 647 1644; x_wconf 90' lang='lat' dir='ltr'>tanta</span> <span class='ocrx_word' id='word_1_87' title='bbox 664 1580 812 1645; x_wconf 92' lang='lat' dir='ltr'>molitum.</span> <span class='ocrx_word' id='word_1_88' title='bbox 859 1581 928 1645; x_wconf 88' lang='grc'><strong>113.</strong></span> <span class='ocrx_word' id='word_1_89' title='bbox 951 1579 1003 1642; x_wconf 77' lang='lat' dir='ltr'>Ad</span> <span class='ocrx_word' id='word_1_90' title='bbox 1019 1578 1134 1644; x_wconf 88' lang='lat' dir='ltr'>altiora</span> <span class='ocrx_word' id='word_1_91' title='bbox 1150 1598 1246 1662; x_wconf 91' lang='lat' dir='ltr'>qnae·</span> <span class='ocrx_word' id='word_1_92' title='bbox 1269 1581 1307 1644; x_wconf 90' lang='lat'>10</span> 
     </span>
     <span class='ocr_line' id='line_1_12' title="bbox 171 1677 1246 1762; baseline 0.002 -19"><span class='ocrx_word' id='word_1_93' title='bbox 171 1680 242 1743; x_wconf 91' lang='lat' dir='ltr'>dam</span> <span class='ocrx_word' id='word_1_94' title='bbox 266 1688 297 1743; x_wconf 90' lang='lat' dir='ltr'>et</span> <span class='ocrx_word' id='word_1_95' title='bbox 318 1677 594 1762; x_wconf 84' lang='lat' dir='ltr'>magnificentiora,</span> <span class='ocrx_word' id='word_1_96' title='bbox 617 1682 690 1746; x_wconf 92' lang='lat' dir='ltr'>mihi</span> <span class='ocrx_word' id='word_1_97' title='bbox 712 1683 818 1760; x_wconf 86' lang='lat' dir='ltr'>creda,</span> <span class='ocrx_word' id='word_1_98' title='bbox 842 1681 1016 1762; x_wconf 88' lang='lat' dir='ltr'>Torquate,</span> <span class='ocrx_word' id='word_1_99' title='bbox 1039 1680 1105 1744; x_wconf 90' lang='lat' dir='ltr'>nati</span> <span class='ocrx_word' id='word_1_100' title='bbox 1126 1699 1246 1761; x_wconf 83' lang='lat' dir='ltr'>sumus3</span> 
     </span>
     <span class='ocr_line' id='line_1_13' title="bbox 171 1781 1248 1865; baseline 0.002 -21"><span class='ocrx_word' id='word_1_101' title='bbox 171 1799 227 1846; x_wconf 85' lang='lat' dir='ltr'>nea</span> <span class='ocrx_word' id='word_1_102' title='bbox 253 1782 286 1844; x_wconf 89' lang='lat' dir='ltr'>id</span> <span class='ocrx_word' id='word_1_103' title='bbox 308 1799 345 1845; x_wconf 83' lang='lat' dir='ltr'>ex</span> <span class='ocrx_word' id='word_1_104' title='bbox 369 1781 462 1845; x_wconf 91' lang='lat' dir='ltr'>animi</span> <span class='ocrx_word' id='word_1_105' title='bbox 485 1783 584 1847; x_wconf 85' lang='lat' dir='ltr'>solum</span> <span class='ocrx_word' id='word_1_106' title='bbox 606 1783 762 1865; x_wconf 87' lang='lat' dir='ltr'>partibus,</span> <span class='ocrx_word' id='word_1_107' title='bbox 790 1783 822 1847; x_wconf 93' lang='lat' dir='ltr'>in</span> <span class='ocrx_word' id='word_1_108' title='bbox 851 1782 963 1863; x_wconf 88' lang='lat' dir='ltr'>quibus</span> <span class='ocrx_word' id='word_1_109' title='bbox 990 1782 1073 1846; x_wconf 89' lang='lat' dir='ltr'>inest</span> <span class='ocrx_word' id='word_1_110' title='bbox 1098 1782 1248 1847; x_wconf 89' lang='lat' dir='ltr'>memoria</span> 
     </span>
     <span class='ocr_line' id='line_1_14' title="bbox 172 1882 1248 1966; baseline 0.002 -20"><span class='ocrx_word' id='word_1_111' title='bbox 172 1901 275 1947; x_wconf 89' lang='lat' dir='ltr'>rerum</span> <span class='ocrx_word' id='word_1_112' title='bbox 292 1883 568 1964; x_wconf 88' lang='lat' dir='ltr'>innumerabilium,</span> <span class='ocrx_word' id='word_1_113' title='bbox 587 1885 617 1950; x_wconf 95' lang='lat' dir='ltr'>in</span> <span class='ocrx_word' id='word_1_114' title='bbox 636 1892 667 1949; x_wconf 92' lang='lat' dir='ltr'>te</span> <span class='ocrx_word' id='word_1_115' title='bbox 684 1885 808 1966; x_wconf 91' lang='lat' dir='ltr'>quidem</span> <span class='ocrx_word' id='word_1_116' title='bbox 825 1882 954 1963; x_wconf 86' lang='lat' dir='ltr'>infinita,</span> <span class='ocrx_word' id='word_1_117' title='bbox 971 1884 1053 1948; x_wconf 89' lang='lat' dir='ltr'>inest</span> <span class='ocrx_word' id='word_1_118' title='bbox 1069 1883 1248 1949; x_wconf 84' lang='lat' dir='ltr'>coniectura</span> 
     </span>
    </p>
   </div>
   <div class='ocr_carea' id='block_1_3' title="bbox 171 2051 1249 2320">
    <p class='ocr_par' dir='ltr' id='par_1_4' title="bbox 171 2051 1249 2320">
     <span class='ocr_line' id='line_1_15' title="bbox 245 2051 1249 2120; baseline 0.002 -20"><span class='ocrx_word' id='word_1_119' title='bbox 245 2059 265 2100; x_wconf 92' lang='lat' dir='ltr'>l.</span> <span class='ocrx_word' id='word_1_120' title='bbox 285 2051 397 2117; x_wconf 74' lang='lat' dir='ltr'>[Anione</span> <span class='ocrx_word' id='word_1_121' title='bbox 416 2053 444 2120; x_wconf 79' lang='lat' dir='ltr'>ll]</span> <span class='ocrx_word' id='word_1_122' title='bbox 467 2054 561 2103; x_wconf 75' lang='lat' dir='ltr'>arnono</span> <span class='ocrx_word' id='word_1_123' title='bbox 580 2055 601 2102; x_wconf 82' lang='grc' dir='ltr'><strong>Ε</strong></span> <span class='ocrx_word' id='word_1_124' title='bbox 620 2056 711 2104; x_wconf 79' lang='lat' dir='ltr'>Albave</span> <span class='ocrx_word' id='word_1_125' title='bbox 729 2055 757 2103; x_wconf 87' lang='lat' dir='ltr'>bd</span> <span class='ocrx_word' id='word_1_126' title='bbox 811 2060 834 2103; x_wconf 79' lang='lat'>2.</span> <span class='ocrx_word' id='word_1_127' title='bbox 852 2064 986 2118; x_wconf 74' lang='lat' dir='ltr'>terramque</span> <span class='ocrx_word' id='word_1_128' title='bbox 1004 2053 1071 2117; x_wconf 82' lang='lat' dir='ltr'><strong>(P)C</strong></span> <span class='ocrx_word' id='word_1_129' title='bbox 1111 2054 1249 2119; x_wconf 66' lang='grc' dir='ltr'>οαοίραοεα</span> 
     </span>
     <span class='ocr_line' id='line_1_16' title="bbox 171 2120 1248 2187; baseline 0.001 -18"><span class='ocrx_word' id='word_1_130' title='bbox 171 2120 333 2184; x_wconf 71' lang='lat' dir='ltr'>(LPMJCOr.</span> <span class='ocrx_word' id='word_1_131' title='bbox 372 2126 394 2170; x_wconf 80' lang='lat'>³.</span> <span class='ocrx_word' id='word_1_132' title='bbox 414 2123 652 2186; x_wconf 54' lang='lat' dir='ltr'>consonantesque}</span> <span class='ocrx_word' id='word_1_133' title='bbox 671 2123 790 2174; x_wconf 77' lang='lat' dir='ltr'>LPMCR</span> <span class='ocrx_word' id='word_1_134' title='bbox 826 2130 848 2170; x_wconf 82' lang='lat' dir='ltr'>l.</span> <span class='ocrx_word' id='word_1_135' title='bbox 867 2125 957 2187; x_wconf 76' lang='lat' dir='ltr'>offerre</span> <span class='ocrx_word' id='word_1_136' title='bbox 975 2122 1095 2173; x_wconf 84' lang='lat' dir='ltr'>LPMCR</span> <span class='ocrx_word' id='word_1_137' title='bbox 1130 2127 1152 2173; x_wconf 79' lang='lat'>5,</span> <span class='ocrx_word' id='word_1_138' title='bbox 1172 2122 1248 2171; x_wconf 72' lang='lat' dir='ltr'>voela</span> 
     </span>
     <span class='ocr_line' id='line_1_17' title="bbox 171 2189 1247 2320; baseline 0.002 -83"><span class='ocrx_word' id='word_1_139' title='bbox 171 2189 346 2320; x_wconf 32' lang='lat' dir='ltr'>adelwidis&amp;</span> <span class='ocrx_word' id='word_1_140' title='bbox 385 2194 422 2240; x_wconf 85' lang='grc'>13,</span> <span class='ocrx_word' id='word_1_141' title='bbox 443 2190 496 2239; x_wconf 80' lang='lat' dir='ltr'>inde</span> <span class='ocrx_word' id='word_1_142' title='bbox 515 2193 572 2255; x_wconf 90' lang='lat' dir='ltr'>(pro</span> <span class='ocrx_word' id='word_1_143' title='bbox 590 2190 614 2240; x_wconf 82' lang='lat' dir='ltr'>r&#39;n</span> <span class='ocrx_word' id='word_1_144' title='bbox 631 2193 664 2252; x_wconf 83' lang='lat' dir='ltr'>te)</span> <span class='ocrx_word' id='word_1_145' title='bbox 682 2193 705 2241; x_wconf 84' lang='lat' dir='ltr'>E</span> <span class='ocrx_word' id='word_1_146' title='bbox 722 2191 786 2241; x_wconf 80' lang='lat' dir='ltr'>vitae</span> <span class='ocrx_word' id='word_1_147' title='bbox 805 2190 871 2255; x_wconf 79' lang='lat' dir='ltr'>(oda)</span> <span class='ocrx_word' id='word_1_148' title='bbox 890 2191 1010 2240; x_wconf 83' lang='lat' dir='ltr'><strong>LPMCR</strong></span> <span class='ocrx_word' id='word_1_149' title='bbox 1030 2199 1051 2239; x_wconf 84' lang='lat' dir='ltr'>et</span> <span class='ocrx_word' id='word_1_150' title='bbox 1068 2207 1098 2239; x_wconf 81' lang='lat' dir='ltr'>eu</span> <span class='ocrx_word' id='word_1_151' title='bbox 1116 2190 1160 2242; x_wconf 87' lang='lat' dir='ltr'>Or.</span> <span class='ocrx_word' id='word_1_152' title='bbox 1180 2190 1247 2253; x_wconf 86' lang='lat' dir='ltr'>(aum</span> 
     </span>
    </p>
   </div>
   <div class='ocr_carea' id='block_1_4' title="bbox 137 2397 1322 4409">
    <p class='ocr_par' dir='ltr' id='par_1_5' title="bbox 171 2397 1249 2814">
     <span class='ocr_line' id='line_1_18' title="bbox 256 2397 1249 2472; baseline 0 -19"><span class='ocrx_word' id='word_1_153' title='bbox 256 2397 360 2453; x_wconf 83' lang='lat' dir='ltr'>Atbone</span> <span class='ocrx_word' id='word_1_154' title='bbox 377 2398 516 2472; x_wconf 77' lang='lat' dir='ltr'>perfosso)</span> <span class='ocrx_word' id='word_1_155' title='bbox 540 2397 615 2457; x_wconf 88' lang='lat' dir='ltr'>Cum</span> <span class='ocrx_word' id='word_1_156' title='bbox 628 2399 706 2460; x_wconf 89' lang='lat' dir='ltr'>Vict.</span> <span class='ocrx_word' id='word_1_157' title='bbox 732 2397 873 2455; x_wconf 79' lang='lat' dir='ltr'>edidisset</span> <span class='ocrx_word' id='word_1_158' title='bbox 896 2399 999 2455; x_wconf 80' lang='lat' dir='ltr'>Arboua</span> <span class='ocrx_word' id='word_1_159' title='bbox 1021 2397 1112 2471; x_wconf 90' lang='lat' dir='ltr'>(quod</span> <span class='ocrx_word' id='word_1_160' title='bbox 1137 2398 1249 2454; x_wconf 89' lang='lat' dir='ltr'>eratin</span> 
     </span>
     <span class='ocr_line' id='line_1_19' title="bbox 171 2481 1248 2559; baseline 0 -21"><span class='ocrx_word' id='word_1_161' title='bbox 171 2483 264 2539; x_wconf 85' lang='lat' dir='ltr'>tribus</span> <span class='ocrx_word' id='word_1_162' title='bbox 288 2482 375 2542; x_wconf 84' lang='lat' dir='ltr'>Pali„</span> <span class='ocrx_word' id='word_1_163' title='bbox 398 2482 442 2539; x_wconf 84' lang='lat' dir='ltr'>El.</span> <span class='ocrx_word' id='word_1_164' title='bbox 461 2486 485 2552; x_wconf 91' lang='lat' dir='ltr'>l,</span> <span class='ocrx_word' id='word_1_165' title='bbox 509 2484 592 2541; x_wconf 91' lang='lat' dir='ltr'>Parr.</span> <span class='ocrx_word' id='word_1_166' title='bbox 611 2489 635 2553; x_wconf 86' lang='lat'>1,</span> <span class='ocrx_word' id='word_1_167' title='bbox 649 2484 678 2554; x_wconf 85' lang='lat'>3,</span> <span class='ocrx_word' id='word_1_168' title='bbox 690 2496 726 2559; x_wconf 87' lang='grc' dir='ltr'>ψ,</span> <span class='ocrx_word' id='word_1_169' title='bbox 751 2481 829 2554; x_wconf 83' lang='lat' dir='ltr'>Gzii,</span> <span class='ocrx_word' id='word_1_170' title='bbox 853 2492 886 2540; x_wconf 91' lang='lat' dir='ltr'>ut</span> <span class='ocrx_word' id='word_1_171' title='bbox 908 2483 1033 2552; x_wconf 84' lang='lat' dir='ltr'>videtur,</span> <span class='ocrx_word' id='word_1_172' title='bbox 1057 2494 1175 2558; x_wconf 85' lang='lat' dir='ltr'>praeter</span> <span class='ocrx_word' id='word_1_173' title='bbox 1187 2482 1248 2559; x_wconf 82' lang='lat' dir='ltr'>Eri.</span> 
     </span>
     <span class='ocr_line' id='line_1_20' title="bbox 171 2566 1249 2641; baseline -0.001 -18"><span class='ocrx_word' id='word_1_174' title='bbox 171 2577 201 2624; x_wconf 86' lang='lat' dir='ltr'>et</span> <span class='ocrx_word' id='word_1_175' title='bbox 217 2566 296 2625; x_wconf 89' lang='lat' dir='ltr'>Gud.</span> <span class='ocrx_word' id='word_1_176' title='bbox 315 2568 355 2640; x_wconf 80' lang='lat'>2),</span> <span class='ocrx_word' id='word_1_177' title='bbox 380 2567 531 2625; x_wconf 84' lang='lat' dir='ltr'>Manutius</span> <span class='ocrx_word' id='word_1_178' title='bbox 548 2569 674 2626; x_wconf 90' lang='lat' dir='ltr'>alterum</span> <span class='ocrx_word' id='word_1_179' title='bbox 691 2568 829 2637; x_wconf 83' lang='lat' dir='ltr'>restituit,</span> <span class='ocrx_word' id='word_1_180' title='bbox 853 2568 930 2641; x_wconf 91' lang='lat' dir='ltr'>qnod</span> <span class='ocrx_word' id='word_1_181' title='bbox 948 2567 1051 2624; x_wconf 88' lang='lat' dir='ltr'>habuit</span> <span class='ocrx_word' id='word_1_182' title='bbox 1074 2567 1161 2625; x_wconf 89' lang='lat' dir='ltr'>etiam</span> <span class='ocrx_word' id='word_1_183' title='bbox 1186 2566 1249 2624; x_wconf 85' lang='lat' dir='ltr'>eod.</span> 
     </span>
     <span class='ocr_line' id='line_1_21' title="bbox 171 2648 1248 2731; baseline 0 -22"><span class='ocrx_word' id='word_1_184' title='bbox 171 2653 246 2709; x_wconf 88' lang='lat' dir='ltr'>Mor.</span> <span class='ocrx_word' id='word_1_185' title='bbox 271 2649 315 2731; x_wconf 89' lang='lat' dir='ltr'>[et</span> <span class='ocrx_word' id='word_1_186' title='bbox 328 2648 376 2730; x_wconf 89' lang='lat' dir='ltr'>B].</span> <span class='ocrx_word' id='word_1_187' title='bbox 413 2653 543 2710; x_wconf 77' lang='lat' dir='ltr'>Athonem</span> <span class='ocrx_word' id='word_1_188' title='bbox 565 2653 669 2713; x_wconf 86' lang='lat' dir='ltr'>Cicero</span> <span class='ocrx_word' id='word_1_189' title='bbox 692 2654 769 2711; x_wconf 84' lang='lat' dir='ltr'>dixit</span> <span class='ocrx_word' id='word_1_190' title='bbox 791 2654 827 2710; x_wconf 88' lang='lat' dir='ltr'>de</span> <span class='ocrx_word' id='word_1_191' title='bbox 850 2654 884 2710; x_wconf 89' lang='lat' dir='ltr'>R.</span> <span class='ocrx_word' id='word_1_192' title='bbox 897 2653 943 2724; x_wconf 72' lang='lat' dir='ltr'>P,</span> <span class='ocrx_word' id='word_1_193' title='bbox 967 2653 1086 2710; x_wconf 72' lang='lat' dir='ltr'>Athones</span> <span class='ocrx_word' id='word_1_194' title='bbox 1108 2652 1248 2710; x_wconf 76' lang='lat' dir='ltr'>Lucilius</span> 
     </span>
     <span class='ocr_line' id='line_1_22' title="bbox 171 2736 885 2814; baseline -0.001 -20"><span class='ocrx_word' id='word_1_195' title='bbox 171 2737 205 2794; x_wconf 90' lang='lat' dir='ltr'>In</span> <span class='ocrx_word' id='word_1_196' title='bbox 231 2753 288 2814; x_wconf 84' lang='lat' dir='ltr'>mg.</span> <span class='ocrx_word' id='word_1_197' title='bbox 313 2736 393 2795; x_wconf 89' lang='lat' dir='ltr'>Crat.</span> <span class='ocrx_word' id='word_1_198' title='bbox 416 2739 488 2794; x_wconf 80' lang='lat' dir='ltr'>Atio</span> <span class='ocrx_word' id='word_1_199' title='bbox 511 2747 639 2811; x_wconf 88' lang='lat' dir='ltr'>notatur,</span> <span class='ocrx_word' id='word_1_200' title='bbox 663 2740 713 2796; x_wconf 82' lang='lat' dir='ltr'>vix</span> <span class='ocrx_word' id='word_1_201' title='bbox 737 2757 753 2795; x_wconf 90' lang='lat' dir='ltr'>e</span> <span class='ocrx_word' id='word_1_202' title='bbox 776 2737 885 2795; x_wconf 85' lang='lat' dir='ltr'>codiee.</span> 
     </span>
    </p>

    <p class='ocr_par' dir='ltr' id='par_1_6' title="bbox 171 2822 1322 3238">
     <span class='ocr_line' id='line_1_23' title="bbox 258 2822 1248 2900; baseline 0 -22"><span class='ocrx_word' id='word_1_203' title='bbox 258 2833 357 2879; x_wconf 82' lang='lat' dir='ltr'>terram</span> <span class='ocrx_word' id='word_1_204' title='bbox 385 2824 578 2898; x_wconf 64' lang='lat' dir='ltr'>nominavisset)</span> <span class='ocrx_word' id='word_1_205' title='bbox 602 2824 757 2900; x_wconf 86' lang='lat' dir='ltr'>Asyndeto</span> <span class='ocrx_word' id='word_1_206' title='bbox 786 2823 879 2880; x_wconf 88' lang='lat' dir='ltr'>utitur</span> <span class='ocrx_word' id='word_1_207' title='bbox 905 2823 935 2878; x_wconf 91' lang='lat' dir='ltr'>iu</span> <span class='ocrx_word' id='word_1_208' title='bbox 965 2822 1053 2879; x_wconf 85' lang='lat' dir='ltr'>aeleri</span> <span class='ocrx_word' id='word_1_209' title='bbox 1077 2840 1248 2897; x_wconf 84' lang='lat' dir='ltr'>magnarum</span> 
     </span>
     <span class='ocr_line' id='line_1_24' title="bbox 172 2904 1322 2989; baseline -0.002 -25"><span class='ocrx_word' id='word_1_210' title='bbox 172 2926 269 2977; x_wconf 87' lang='lat' dir='ltr'>rorum</span> <span class='ocrx_word' id='word_1_211' title='bbox 294 2918 323 2963; x_wconf 90' lang='lat' dir='ltr'>et</span> <span class='ocrx_word' id='word_1_212' title='bbox 345 2909 428 2982; x_wconf 83' lang='lat' dir='ltr'>gravi</span> <span class='ocrx_word' id='word_1_213' title='bbox 452 2908 619 2979; x_wconf 85' lang='lat' dir='ltr'>notatione;</span> <span class='ocrx_word' id='word_1_214' title='bbox 642 2929 708 2966; x_wconf 91' lang='lat' dir='ltr'>nam</span> <span class='ocrx_word' id='word_1_215' title='bbox 733 2909 775 2965; x_wconf 88' lang='lat' dir='ltr'>sic</span> <span class='ocrx_word' id='word_1_216' title='bbox 799 2907 886 2989; x_wconf 71' lang='lat' dir='ltr'>Vict,</span> <span class='ocrx_word' id='word_1_217' title='bbox 902 2908 986 2978; x_wconf 77' lang='lat' dir='ltr'>Dav.</span> <span class='ocrx_word' id='word_1_218' title='bbox 1010 2925 1047 2964; x_wconf 90' lang='lat' dir='ltr'>ex</span> <span class='ocrx_word' id='word_1_219' title='bbox 1070 2906 1115 2963; x_wconf 90' lang='lat' dir='ltr'>El.</span> <span class='ocrx_word' id='word_1_220' title='bbox 1139 2904 1250 2979; x_wconf 81' lang='lat' dir='ltr'>(ulroi)</span> <span class='ocrx_word' id='word_1_221' title='bbox 1318 2969 1322 2980; x_wconf 34' lang='lat'>¹</span> 
     </span>
     <span class='ocr_line' id='line_1_25' title="bbox 172 2986 1249 3069; baseline -0.002 -20"><span class='ocrx_word' id='word_1_222' title='bbox 172 3005 201 3049; x_wconf 87' lang='lat' dir='ltr'>et</span> <span class='ocrx_word' id='word_1_223' title='bbox 230 2992 347 3051; x_wconf 88' lang='lat' dir='ltr'>Mead..</span> <span class='ocrx_word' id='word_1_224' title='bbox 382 2991 475 3051; x_wconf 87' lang='lat' dir='ltr'>Gzius</span> <span class='ocrx_word' id='word_1_225' title='bbox 510 2992 596 3051; x_wconf 87' lang='lat' dir='ltr'>etiam</span> <span class='ocrx_word' id='word_1_226' title='bbox 627 3013 664 3051; x_wconf 87' lang='lat' dir='ltr'>ex</span> <span class='ocrx_word' id='word_1_227' title='bbox 698 2993 769 3067; x_wconf 85' lang='lat' dir='ltr'>(Ox.</span> <span class='ocrx_word' id='word_1_228' title='bbox 793 3014 810 3069; x_wconf 82' lang='grc' dir='ltr'><em>χ</em></span> <span class='ocrx_word' id='word_1_229' title='bbox 832 2995 873 3065; x_wconf 86' lang='lat' dir='ltr'>et)</span> <span class='ocrx_word' id='word_1_230' title='bbox 897 2992 975 3067; x_wconf 79' lang='lat' dir='ltr'>Spin.</span> <span class='ocrx_word' id='word_1_231' title='bbox 998 2989 1063 3069; x_wconf 92' lang='lat' dir='ltr'>[B]</span> <span class='ocrx_word' id='word_1_232' title='bbox 1112 2993 1148 3049; x_wconf 91' lang='lat' dir='ltr'>In</span> <span class='ocrx_word' id='word_1_233' title='bbox 1177 2986 1192 3059; x_wconf 82' lang='grc' dir='ltr'><em>ξ</em></span> <span class='ocrx_word' id='word_1_234' title='bbox 1220 3004 1249 3047; x_wconf 90' lang='lat' dir='ltr'>et</span> 
     </span>
     <span class='ocr_line' id='line_1_26' title="bbox 171 3077 1250 3138; baseline -0.002 -3"><span class='ocrx_word' id='word_1_235' title='bbox 171 3077 250 3135; x_wconf 88' lang='lat' dir='ltr'>Gud.</span> <span class='ocrx_word' id='word_1_236' title='bbox 276 3078 292 3133; x_wconf 81' lang='lat'>2</span> <span class='ocrx_word' id='word_1_237' title='bbox 328 3089 391 3134; x_wconf 89' lang='lat' dir='ltr'>erat</span> <span class='ocrx_word' id='word_1_238' title='bbox 425 3081 466 3135; x_wconf 83' lang='lat' dir='ltr'>uel</span> <span class='ocrx_word' id='word_1_239' title='bbox 494 3089 600 3135; x_wconf 75' lang='lat' dir='ltr'>taram.</span> <span class='ocrx_word' id='word_1_240' title='bbox 652 3078 788 3138; x_wconf 85' lang='lat' dir='ltr'>Colorem</span> <span class='ocrx_word' id='word_1_241' title='bbox 823 3077 1003 3135; x_wconf 88' lang='lat' dir='ltr'>simillimum</span> <span class='ocrx_word' id='word_1_242' title='bbox 1039 3077 1181 3133; x_wconf 89' lang='lat' dir='ltr'>orationis</span> <span class='ocrx_word' id='word_1_243' title='bbox 1214 3077 1250 3134; x_wconf 88' lang='lat' dir='ltr'>de</span> 
     </span>
     <span class='ocr_line' id='line_1_27' title="bbox 171 3161 1248 3238; baseline 0.002 -20"><span class='ocrx_word' id='word_1_244' title='bbox 171 3163 271 3218; x_wconf 87' lang='lat' dir='ltr'>eadem</span> <span class='ocrx_word' id='word_1_245' title='bbox 291 3181 321 3219; x_wconf 85' lang='lat' dir='ltr'>re</span> <span class='ocrx_word' id='word_1_246' title='bbox 336 3163 462 3222; x_wconf 85' lang='lat' dir='ltr'>Ursinus</span> <span class='ocrx_word' id='word_1_247' title='bbox 480 3163 692 3222; x_wconf 86' lang='lat' dir='ltr'>demonstravit</span> <span class='ocrx_word' id='word_1_248' title='bbox 710 3165 739 3220; x_wconf 88' lang='lat' dir='ltr'>in</span> <span class='ocrx_word' id='word_1_249' title='bbox 752 3165 875 3221; x_wconf 84' lang='lat' dir='ltr'>Isocrat.</span> <span class='ocrx_word' id='word_1_250' title='bbox 887 3163 1034 3238; x_wconf 82' lang='lat' dir='ltr'>Panegyr.</span> <span class='ocrx_word' id='word_1_251' title='bbox 1048 3181 1077 3236; x_wconf 91' lang='lat' dir='ltr'>p.</span> <span class='ocrx_word' id='word_1_252' title='bbox 1092 3162 1131 3219; x_wconf 82' lang='lat'>58</span> <span class='ocrx_word' id='word_1_253' title='bbox 1145 3161 1248 3236; x_wconf 87' lang='lat' dir='ltr'>Stepb.</span> 
     </span>
    </p>

    <p class='ocr_par' dir='ltr' id='par_1_7' title="bbox 137 3236 1250 3750">
     <span class='ocr_line' id='line_1_28' title="bbox 137 3236 1250 3324; baseline -0.004 -20"><span class='ocrx_word' id='word_1_254' title='bbox 137 3272 142 3281; x_wconf 58' lang='lat'><em>¹</em></span> <span class='ocrx_word' id='word_1_255' title='bbox 171 3251 197 3318; x_wconf 65' lang='grc' dir='ltr'>(ἓ</span> <span class='ocrx_word' id='word_1_256' title='bbox 228 3249 265 3304; x_wconf 85' lang='grc'>89</span> <span class='ocrx_word' id='word_1_257' title='bbox 303 3247 422 3320; x_wconf 87' lang='lat' dir='ltr'>Bekk.):</span> <span class='ocrx_word' id='word_1_258' title='bbox 461 3236 536 3304; x_wconf 81' lang='lat' dir='ltr'>aiore</span> <span class='ocrx_word' id='word_1_259' title='bbox 574 3247 615 3321; x_wconf 75' lang='grc' dir='ltr'>τῷ</span> <span class='ocrx_word' id='word_1_260' title='bbox 649 3243 841 3324; x_wconf 77' lang='grc' dir='ltr'><strong><em>στρατοπέδῳ</em></strong></span> <span class='ocrx_word' id='word_1_261' title='bbox 873 3244 998 3303; x_wconf 79' lang='grc' dir='ltr'><strong><em>πλεῦσαι</em></strong></span> <span class='ocrx_word' id='word_1_262' title='bbox 1030 3239 1083 3320; x_wconf 71' lang='grc' dir='ltr'>μὲν</span> <span class='ocrx_word' id='word_1_263' title='bbox 1117 3237 1166 3303; x_wconf 82' lang='grc' dir='ltr'>διὰ</span> <span class='ocrx_word' id='word_1_264' title='bbox 1198 3244 1250 3320; x_wconf 82' lang='grc' dir='ltr'>τῆς</span> 
     </span>
     <span class='ocr_line' id='line_1_29' title="bbox 173 3319 1249 3428; baseline -0.002 -41"><span class='ocrx_word' id='word_1_265' title='bbox 173 3324 302 3407; x_wconf 71' lang='grc' dir='ltr'><strong><em>ἠπείρου,</em></strong></span> <span class='ocrx_word' id='word_1_266' title='bbox 324 3326 463 3398; x_wconf 80' lang='grc' dir='ltr'><strong><em>πεζεῦσαι</em></strong></span> <span class='ocrx_word' id='word_1_267' title='bbox 486 3322 517 3387; x_wconf 75' lang='lat' dir='ltr'>di·</span> <span class='ocrx_word' id='word_1_268' title='bbox 541 3323 590 3389; x_wconf 68' lang='lat' dir='ltr'>aab</span> <span class='ocrx_word' id='word_1_269' title='bbox 612 3331 665 3428; x_wconf 64' lang='grc' dir='ltr'>τῇς</span> <span class='ocrx_word' id='word_1_270' title='bbox 687 3320 859 3406; x_wconf 77' lang='grc' dir='ltr'><strong><em>θαλάττης,</em></strong></span> <span class='ocrx_word' id='word_1_271' title='bbox 888 3321 940 3388; x_wconf 76' lang='grc' dir='ltr'>τὸν</span> <span class='ocrx_word' id='word_1_272' title='bbox 962 3321 1015 3404; x_wconf 69' lang='grc' dir='ltr'>μὲν</span> <span class='ocrx_word' id='word_1_273' title='bbox 1035 3319 1249 3405; x_wconf 72' lang='grc' dir='ltr'><strong><em>Ἑλλήσποντον</em></strong></span> 
     </span>
     <span class='ocr_line' id='line_1_30' title="bbox 173 3404 1247 3497; baseline -0.001 -26"><span class='ocrx_word' id='word_1_274' title='bbox 173 3404 291 3487; x_wconf 78' lang='grc' dir='ltr'><strong><em>ζεύξας,</em></strong></span> <span class='ocrx_word' id='word_1_275' title='bbox 320 3407 370 3471; x_wconf 78' lang='grc' dir='ltr'>τὸν</span> <span class='ocrx_word' id='word_1_276' title='bbox 399 3416 422 3472; x_wconf 84' lang='lat' dir='ltr'>d&#39;</span> <span class='ocrx_word' id='word_1_277' title='bbox 440 3405 533 3474; x_wconf 71' lang='grc' dir='ltr'>Ἄθω</span> <span class='ocrx_word' id='word_1_278' title='bbox 556 3416 704 3493; x_wconf 55' lang='lat' dir='ltr'>ornantur.</span> <span class='ocrx_word' id='word_1_279' title='bbox 755 3414 939 3497; x_wconf 88' lang='lat' dir='ltr'>[Admodum</span> <span class='ocrx_word' id='word_1_280' title='bbox 963 3415 1157 3492; x_wconf 84' lang='lat' dir='ltr'>probabiliter</span> <span class='ocrx_word' id='word_1_281' title='bbox 1181 3414 1247 3472; x_wconf 88' lang='lat' dir='ltr'>Bai-</span> 
     </span>
     <span class='ocr_line' id='line_1_31' title="bbox 171 3501 1249 3576; baseline 0 -21"><span class='ocrx_word' id='word_1_282' title='bbox 171 3509 252 3556; x_wconf 90' lang='lat' dir='ltr'>terus</span> <span class='ocrx_word' id='word_1_283' title='bbox 280 3502 309 3557; x_wconf 90' lang='lat' dir='ltr'>in</span> <span class='ocrx_word' id='word_1_284' title='bbox 333 3501 377 3556; x_wconf 90' lang='lat' dir='ltr'>ed.</span> <span class='ocrx_word' id='word_1_285' title='bbox 408 3502 477 3558; x_wconf 91' lang='lat' dir='ltr'>min.</span> <span class='ocrx_word' id='word_1_286' title='bbox 506 3506 577 3559; x_wconf 80' lang='lat' dir='ltr'>orori</span> <span class='ocrx_word' id='word_1_287' title='bbox 603 3504 806 3571; x_wconf 77' lang='lat' dir='ltr'>ornbuloor&#39;aaet,</span> <span class='ocrx_word' id='word_1_288' title='bbox 835 3512 908 3559; x_wconf 77' lang='lat' dir='ltr'>terro</span> <span class='ocrx_word' id='word_1_289' title='bbox 931 3505 1123 3576; x_wconf 61' lang='lat' dir='ltr'>uoviyom&#39;saen</span> <span class='ocrx_word' id='word_1_290' title='bbox 1154 3518 1249 3574; x_wconf 87' lang='lat' dir='ltr'>neque</span> 
     </span>
     <span class='ocr_line' id='line_1_32' title="bbox 172 3584 1249 3664; baseline 0 -24"><span class='ocrx_word' id='word_1_291' title='bbox 172 3585 249 3641; x_wconf 88' lang='lat' dir='ltr'>enim</span> <span class='ocrx_word' id='word_1_292' title='bbox 284 3588 421 3642; x_wconf 73' lang='lat' dir='ltr'>nnnzbzrlure</span> <span class='ocrx_word' id='word_1_293' title='bbox 454 3607 528 3643; x_wconf 77' lang='lat' dir='ltr'>onore</span> <span class='ocrx_word' id='word_1_294' title='bbox 560 3588 658 3663; x_wconf 85' lang='lat' dir='ltr'>placet</span> <span class='ocrx_word' id='word_1_295' title='bbox 690 3587 768 3644; x_wconf 90' lang='lat' dir='ltr'>ultra</span> <span class='ocrx_word' id='word_1_296' title='bbox 802 3584 945 3663; x_wconf 86' lang='lat' dir='ltr'>poetieam</span> <span class='ocrx_word' id='word_1_297' title='bbox 981 3605 1074 3664; x_wconf 86' lang='lat' dir='ltr'>paene</span> <span class='ocrx_word' id='word_1_298' title='bbox 1101 3585 1249 3643; x_wconf 87' lang='lat' dir='ltr'>licentiam</span> 
     </span>
     <span class='ocr_line' id='line_1_33' title="bbox 172 3667 386 3750; baseline 0.005 -24"><span class='ocrx_word' id='word_1_299' title='bbox 172 3667 386 3750; x_wconf 81' lang='lat' dir='ltr'>progressum]</span> 
     </span>
    </p>

    <p class='ocr_par' dir='ltr' id='par_1_8' title="bbox 169 3753 1250 4088">
     <span class='ocr_line' id='line_1_34' title="bbox 257 3753 1250 3836; baseline -0.002 -24"><span class='ocrx_word' id='word_1_300' title='bbox 257 3776 367 3813; x_wconf 71' lang='lat' dir='ltr'>corconna</span> <span class='ocrx_word' id='word_1_301' title='bbox 391 3757 464 3831; x_wconf 78' lang='lat' dir='ltr'>qaia)</span> <span class='ocrx_word' id='word_1_302' title='bbox 484 3757 533 3815; x_wconf 84' lang='lat' dir='ltr'>Sia</span> <span class='ocrx_word' id='word_1_303' title='bbox 550 3757 638 3814; x_wconf 87' lang='lat' dir='ltr'>etiam</span> <span class='ocrx_word' id='word_1_304' title='bbox 651 3757 729 3833; x_wconf 81' lang='lat' dir='ltr'>Spin.</span> <span class='ocrx_word' id='word_1_305' title='bbox 742 3753 806 3836; x_wconf 62' lang='lat' dir='ltr'>[al</span> <span class='ocrx_word' id='word_1_306' title='bbox 829 3767 859 3814; x_wconf 87' lang='lat' dir='ltr'>et</span> <span class='ocrx_word' id='word_1_307' title='bbox 876 3757 1011 3814; x_wconf 85' lang='lat' dir='ltr'>viderant</span> <span class='ocrx_word' id='word_1_308' title='bbox 1028 3756 1084 3814; x_wconf 90' lang='lat' dir='ltr'>Tb.</span> <span class='ocrx_word' id='word_1_309' title='bbox 1098 3754 1250 3812; x_wconf 85' lang='lat' dir='ltr'>Bentlaius</span> 
     </span>
     <span class='ocr_line' id='line_1_35' title="bbox 172 3840 1249 3916; baseline 0 -20"><span class='ocrx_word' id='word_1_310' title='bbox 172 3849 201 3897; x_wconf 91' lang='lat' dir='ltr'>et</span> <span class='ocrx_word' id='word_1_311' title='bbox 224 3840 365 3898; x_wconf 84' lang='lat' dir='ltr'>Davisius</span> <span class='ocrx_word' id='word_1_312' title='bbox 389 3842 544 3898; x_wconf 88' lang='lat' dir='ltr'>delendum</span> <span class='ocrx_word' id='word_1_313' title='bbox 568 3861 631 3899; x_wconf 87' lang='lat' dir='ltr'>esse</span> <span class='ocrx_word' id='word_1_314' title='bbox 654 3846 724 3912; x_wconf 60' lang='lat' dir='ltr'>eiam</span> <span class='ocrx_word' id='word_1_315' title='bbox 753 3861 818 3899; x_wconf 88' lang='lat' dir='ltr'>eum</span> <span class='ocrx_word' id='word_1_316' title='bbox 848 3857 1021 3916; x_wconf 83' lang='lat' dir='ltr'>sequeretur</span> <span class='ocrx_word' id='word_1_317' title='bbox 1048 3851 1185 3897; x_wconf 82' lang='lat' dir='ltr'>tantorum</span> <span class='ocrx_word' id='word_1_318' title='bbox 1206 3858 1249 3897; x_wconf 83' lang='lat' dir='ltr'>co-</span> 
     </span>
     <span class='ocr_line' id='line_1_36' title="bbox 169 3925 1250 4005; baseline -0.001 -24"><span class='ocrx_word' id='word_1_319' title='bbox 169 3929 286 4000; x_wconf 78' lang='lat' dir='ltr'>piarum.</span> <span class='ocrx_word' id='word_1_320' title='bbox 333 3928 405 3983; x_wconf 84' lang='lat' dir='ltr'>Mox</span> <span class='ocrx_word' id='word_1_321' title='bbox 428 3930 536 4000; x_wconf 57' lang='lat' dir='ltr'>aufferre</span> <span class='ocrx_word' id='word_1_322' title='bbox 553 3927 641 3984; x_wconf 85' lang='lat' dir='ltr'>etiam</span> <span class='ocrx_word' id='word_1_323' title='bbox 656 3928 720 3986; x_wconf 90' lang='lat' dir='ltr'>Pal.</span> <span class='ocrx_word' id='word_1_324' title='bbox 738 3931 764 3997; x_wconf 92' lang='lat'>1,</span> <span class='ocrx_word' id='word_1_325' title='bbox 789 3928 865 4003; x_wconf 87' lang='lat' dir='ltr'>Spir.</span> <span class='ocrx_word' id='word_1_326' title='bbox 878 3925 944 4005; x_wconf 86' lang='lat' dir='ltr'>[B],</span> <span class='ocrx_word' id='word_1_327' title='bbox 967 3926 1031 3983; x_wconf 85' lang='lat' dir='ltr'>cod.</span> <span class='ocrx_word' id='word_1_328' title='bbox 1046 3927 1133 3994; x_wconf 68' lang='lat' dir='ltr'>Mor,</span> <span class='ocrx_word' id='word_1_329' title='bbox 1157 3935 1195 3994; x_wconf 88' lang='lat' dir='ltr'>et,</span> <span class='ocrx_word' id='word_1_330' title='bbox 1217 3933 1250 3981; x_wconf 91' lang='lat' dir='ltr'>ut</span> 
     </span>
     <span class='ocr_line' id='line_1_37' title="bbox 172 4006 1249 4088; baseline -0.001 -22"><span class='ocrx_word' id='word_1_331' title='bbox 172 4010 318 4081; x_wconf 84' lang='lat' dir='ltr'>videntur,</span> <span class='ocrx_word' id='word_1_332' title='bbox 342 4006 398 4080; x_wconf 80' lang='grc' dir='ltr'>Εξ;</span> <span class='ocrx_word' id='word_1_333' title='bbox 422 4013 626 4088; x_wconf 83' lang='lat' dir='ltr'>corrigendum</span> <span class='ocrx_word' id='word_1_334' title='bbox 650 4032 715 4070; x_wconf 86' lang='lat' dir='ltr'>esse</span> <span class='ocrx_word' id='word_1_335' title='bbox 737 4022 891 4069; x_wconf 86' lang='lat' dir='ltr'>monuerat</span> <span class='ocrx_word' id='word_1_336' title='bbox 907 4014 988 4069; x_wconf 88' lang='lat' dir='ltr'>Mau.</span> <span class='ocrx_word' id='word_1_337' title='bbox 1022 4009 1121 4069; x_wconf 83' lang='lat' dir='ltr'>Ceteri</span> <span class='ocrx_word' id='word_1_338' title='bbox 1143 4012 1249 4084; x_wconf 78' lang='lat' dir='ltr'>offerre.</span> 
     </span>
    </p>

    <p class='ocr_par' dir='ltr' id='par_1_9' title="bbox 172 4096 1251 4409">
     <span class='ocr_line' id='line_1_38' title="bbox 262 4096 1251 4173; baseline -0.002 -19"><span class='ocrx_word' id='word_1_339' title='bbox 262 4098 330 4154; x_wconf 83' lang='lat'>113.</span> <span class='ocrx_word' id='word_1_340' title='bbox 359 4116 405 4154; x_wconf 84' lang='lat' dir='ltr'>neo</span> <span class='ocrx_word' id='word_1_341' title='bbox 432 4100 462 4153; x_wconf 86' lang='lat' dir='ltr'>id</span> <span class='ocrx_word' id='word_1_342' title='bbox 483 4117 516 4154; x_wconf 83' lang='lat' dir='ltr'>aa</span> <span class='ocrx_word' id='word_1_343' title='bbox 538 4101 622 4154; x_wconf 79' lang='lat' dir='ltr'>animi</span> <span class='ocrx_word' id='word_1_344' title='bbox 642 4101 727 4156; x_wconf 81' lang='lat' dir='ltr'>solum</span> <span class='ocrx_word' id='word_1_345' title='bbox 745 4096 886 4173; x_wconf 73' lang='lat' dir='ltr'>portibus)</span> <span class='ocrx_word' id='word_1_346' title='bbox 909 4096 1073 4154; x_wconf 84' lang='lat' dir='ltr'>Additume</span> <span class='ocrx_word' id='word_1_347' title='bbox 1097 4105 1173 4152; x_wconf 89' lang='lat' dir='ltr'>erat:</span> <span class='ocrx_word' id='word_1_348' title='bbox 1202 4096 1251 4152; x_wconf 83' lang='lat' dir='ltr'>aed</span> 
     </span>
     <span class='ocr_line' id='line_1_39' title="bbox 172 4180 1249 4259; baseline 0 -22"><span class='ocrx_word' id='word_1_349' title='bbox 172 4186 251 4238; x_wconf 79' lang='lat' dir='ltr'>etiarn</span> <span class='ocrx_word' id='word_1_350' title='bbox 279 4203 311 4238; x_wconf 78' lang='lat' dir='ltr'>aa</span> <span class='ocrx_word' id='word_1_351' title='bbox 340 4202 449 4257; x_wconf 82' lang='lat' dir='ltr'>corpore</span> <span class='ocrx_word' id='word_1_352' title='bbox 476 4185 592 4256; x_wconf 61' lang='lat' dir='ltr'>intellegi</span> <span class='ocrx_word' id='word_1_353' title='bbox 607 4194 710 4259; x_wconf 79' lang='lat' dir='ltr'>polest,</span> <span class='ocrx_word' id='word_1_354' title='bbox 739 4195 790 4240; x_wconf 89' lang='lat' dir='ltr'>aut</span> <span class='ocrx_word' id='word_1_355' title='bbox 818 4182 941 4252; x_wconf 83' lang='lat' dir='ltr'>similia,</span> <span class='ocrx_word' id='word_1_356' title='bbox 970 4181 1022 4238; x_wconf 85' lang='lat' dir='ltr'>aed</span> <span class='ocrx_word' id='word_1_357' title='bbox 1051 4180 1186 4257; x_wconf 86' lang='lat' dir='ltr'>pluribus</span> <span class='ocrx_word' id='word_1_358' title='bbox 1214 4180 1249 4237; x_wconf 85' lang='lat' dir='ltr'>de</span> 
     </span>
     <span class='ocr_line' id='line_1_40' title="bbox 172 4265 1251 4345; baseline 0 -23"><span class='ocrx_word' id='word_1_359' title='bbox 172 4267 270 4323; x_wconf 91' lang='lat' dir='ltr'>animo</span> <span class='ocrx_word' id='word_1_360' title='bbox 294 4267 491 4342; x_wconf 85' lang='lat' dir='ltr'>interpositis,</span> <span class='ocrx_word' id='word_1_361' title='bbox 516 4268 658 4326; x_wconf 85' lang='lat' dir='ltr'>orationis</span> <span class='ocrx_word' id='word_1_362' title='bbox 680 4286 867 4345; x_wconf 84' lang='lat' dir='ltr'>progressum</span> <span class='ocrx_word' id='word_1_363' title='bbox 892 4267 1017 4325; x_wconf 83' lang='lat' dir='ltr'>mutavit</span> <span class='ocrx_word' id='word_1_364' title='bbox 1039 4266 1068 4323; x_wconf 90' lang='lat' dir='ltr'>in</span> <span class='ocrx_word' id='word_1_365' title='bbox 1093 4265 1166 4323; x_wconf 88' lang='lat' dir='ltr'>illia:</span> <span class='ocrx_word' id='word_1_366' title='bbox 1189 4284 1251 4340; x_wconf 72' lang='lat' dir='ltr'>erqo</span> 
     </span>
     <span class='ocr_line' id='line_1_41' title="bbox 174 4353 316 4409; baseline 0.007 -2"><span class='ocrx_word' id='word_1_367' title='bbox 174 4353 238 4409; x_wconf 73' lang='lat' dir='ltr'>baar</span> <span class='ocrx_word' id='word_1_368' title='bbox 261 4362 316 4409; x_wconf 84' lang='lat' dir='ltr'>cet.</span> 
     </span>
    </p>
   </div>
   <div class='ocr_carea' id='block_1_5' title="bbox 259 4431 1250 4515">
    <p class='ocr_par' dir='ltr' id='par_1_10' title="bbox 259 4431 1250 4515">
     <span class='ocr_line' id='line_1_42' title="bbox 259 4431 1250 4515; baseline -0.001 -21"><span class='ocrx_word' id='word_1_369' title='bbox 259 4441 285 4494; x_wconf 87' lang='lat' dir='ltr'>in</span> <span class='ocrx_word' id='word_1_370' title='bbox 309 4448 332 4494; x_wconf 86' lang='lat' dir='ltr'>te</span> <span class='ocrx_word' id='word_1_371' title='bbox 354 4440 460 4511; x_wconf 74' lang='lat' dir='ltr'>quodem</span> <span class='ocrx_word' id='word_1_372' title='bbox 483 4438 600 4515; x_wconf 78' lang='lat' dir='ltr'>infinita)</span> <span class='ocrx_word' id='word_1_373' title='bbox 623 4438 672 4498; x_wconf 84' lang='lat' dir='ltr'>Sic</span> <span class='ocrx_word' id='word_1_374' title='bbox 694 4448 796 4515; x_wconf 83' lang='lat' dir='ltr'>aperte</span> <span class='ocrx_word' id='word_1_375' title='bbox 819 4439 884 4497; x_wconf 83' lang='lat' dir='ltr'>Pal.</span> <span class='ocrx_word' id='word_1_376' title='bbox 905 4442 931 4507; x_wconf 90' lang='lat'>1,</span> <span class='ocrx_word' id='word_1_377' title='bbox 949 4431 973 4508; x_wconf 85' lang='grc' dir='ltr'>ξ,</span> <span class='ocrx_word' id='word_1_378' title='bbox 991 4436 1037 4496; x_wconf 85' lang='lat' dir='ltr'>ed,</span> <span class='ocrx_word' id='word_1_379' title='bbox 1055 4437 1131 4495; x_wconf 82' lang='lat' dir='ltr'>Ven.</span> <span class='ocrx_word' id='word_1_380' title='bbox 1154 4435 1250 4506; x_wconf 80' lang='lat'>1480;</span> 
     </span>
    </p>
   </div>
   <div class='ocr_carea' id='block_1_6' title="bbox 0 0 1522 5086">
    <p class='ocr_par' dir='ltr' id='par_1_11' title="bbox 0 0 1522 5086">
     <span class='ocr_line' id='line_1_43' title="bbox 0 0 1522 5086; baseline 0 0"><span class='ocrx_word' id='word_1_381' title='bbox 0 0 1522 5086; x_wconf 95' lang='lat' dir='ltr'> </span> 
     </span>
    </p>
   </div>
  </div>
 </body>
</html>
