3030 5086
278 480 343 546 864

323 669 398 740 515,
432 687 451 725 6
478 667 595 725 nomine
623 667 791 725 interventu

321 753 485 812 coniunctis
512 760 564 809 aut
591 751 723 810 adverbii
745 771 790 811 se·

322 848 426 914 parate
441 840 511 906 218,
530 837 697 895 interventu
715 838 790 896 alius

322 923 449 981 nominis
483 922 584 980 eodem
614 941 686 980 oasu
713 925 790 996 401,

321 1007 496 1084 interposita
518 1007 595 1065 inter
617 1008 791 1066 16616166-

322 1093 460 1151 ieotivum
486 1094 560 1162 651,
590 1111 667 1167 quae
696 1093 791 1151 eidem

322 1177 534 1255 praepositioni
568 1196 673 1253 parere
704 1178 791 1236 debe·

323 1265 403 1334 bant,
427 1263 570 1321 dissoluta
592 1264 662 1322 798.
755 1280 759 1289 ·

281 1350 483 1419 Praescribam,
512 1351 690 1424 praesorptr'o
720 1349 792 1420 140,

280 1520 417 1576 Praesens
439 1527 469 1575 et
490 1536 583 1575 aarum
607 1519 677 1577 106.

280 1604 427 1662 Praesens
449 1602 627 1661 coniunctivi
655 1621 709 1678 pro
739 1603 792 1660 im·

324 1687 456 1765 perfeeto
484 1688 513 1744 io
542 1688 688 1745 sententia
715 1706 792 1745 nexa

324 1792 340 1832 e
360 1772 554 1832 condicionali
575 1773 629 1841 58,
653 1792 792 1849 praesens

324 1868 355 1917 et
380 1857 585 1934 imperfectum
609 1857 733 1915 mixtum
762 1859 790 1916 in

324 1942 507 2020 exponendis
550 1942 792 2018 philosophorum

325 2028 478 2086 sententiis
503 2028 572 2098 117,
596 2027 669 2086 459.

283 2114 456 2184 Promertim,
473 2131 533 2170 eum
544 2115 707 2188 praesertim
720 2116 791 2173 188.

282 2199 399 2257 Praesto
418 2199 484 2271 ‘liert
510 2215 569 2255 non
592 2198 793 2256 6161166445.

282 2285 481 2358 Praeterquam
501 2314 540 2326 -
559 2292 702 2359 praeterea
721 2285 792 2343 711.

283 2371 414 2428 Praestas
436 2368 611 2426 membrorum
635 2368 706 2426 525.

283 2455 385 2514 Prima
407 2462 530 2511 naturae
550 2454 623 2527 202,
637 2454 708 2526 633,
722 2455 793 2525 708,

326 2558 390 2599 exe.
414 2541 470 2609 IV,
494 2540 554 2598 815
573 2558 637 2614 sqq.
681 2539 794 2613 (Primi-

322 2628 402 2700 9em'o
425 2624 511 2699 817.)

282 2711 393 2768 Primor
415 2711 486 2768 436.

283 2796 406 2854 Primum
417 2812 475 2852 non
488 2803 630 2868 sequente
641 2795 793 2866 66616637,

320 2879 531 2957 primumquod
549 2911 585 2923 -
608 2879 703 2938 driade
720 2880 791 2940 796.

283 2968 395 3024 Primus
423 2968 537 3040 quaeque
557 2967 692 3040 (primum
714 2967 794 3040 quid·

325 3053 404 3127 quid)
418 3050 492 3119 318,
510 3053 595 3125 primi
609 3051 726 3109 iomanes
738 3051 792 3122 24,

319 3148 342 3194 ‘o
360 3140 451 3212 primo
475 3134 544 3191 397.

282 3218 423 3297 Principio
462 3239 540 3293 opere
583 3239 641 3278 non
686 3219 794 3278 dieitur

326 3307 401 3377 731,
420 3307 558 3381 principio
579 3308 717 3363 naturale
733 3306 792 3364 vid.

322 3395 412 3468 primo
434 3399 555 3447 noturus.

281 3478 340 3535 Pro
361 3495 410 3534 suo
432 3476 511 3548 (meo)
533 3477 592 3532 iure
614 3476 685 3533 737.

282 3564 405 3621 Proelioe
427 3568 457 3617 et
474 3561 590 3635 procliui
611 3560 683 3620 754.

282 3638 478 3737 Προηγμξνον
501 3645 577 3715 432,
602 3645 673 3707 435.
697 3648 768 3704 440.

282 3732 428 3808 Προκοπη
451 3730 523 3800 420,
548 3731 619 3789 578.

281 3801 443 3890 Πρόληψις
467 3817 516 3873 63.

281 3900 460 3972 Promulpure
469 3919 530 3957 rem
540 3899 712 3957 inusitatum
723 3901 792 3958 162.

281 3983 447 4041 Pronomen
472 3985 620 4061 singulare
643 3984 680 4042 ad
698 3985 793 4043 notio·

324 4086 389 4125 nem
418 4069 584 4145 generalem
616 4069 645 4126 in
675 4070 793 4128 nomine

324 4154 432 4230 plurali
461 4155 599 4212 latentem
624 4158 699 4225 248,
729 4155 793 4230 plu·

323 4239 385 4296 rele
397 4240 433 4295 66
447 4257 552 4297 nomen
565 4240 792 4315 singular05663

323 4343 485 4400 pronomen
514 4324 641 4383 refertur
664 4325 702 4382 66
725 4327 794 4383 sub·

323 4410 443 4468 stantivi
467 4410 617 4469 notionem
643 4411 672 4468 in
696 4411 792 4468 adiec-

553 496 659 544 mnnx
681 496 798 545 RERUM
819 497 863 543 uu
887 495 1076 545 munaum.

885 668 947 726 tivo
976 667 1120 725 inclusam
1151 668 1190 728 38
1219 678 1249 727 et
1278 670 1354 740 629,

885 761 990 811 neutro
1012 771 1120 830 genere
1149 761 1216 830 post
1238 752 1355 812 femini·

885 856 954 896 num
981 857 1088 896 nomen
1110 837 1148 895 66
1170 857 1354 897 communem

885 922 1033 980 notionem
1045 923 1171 981 relatum
1182 925 1252 996 374,
1270 943 1355 1001 pree·

886 1008 976 1065 dicati
999 1008 1092 1065 vicem
1116 1009 1264 1067 sustinens
1285 1011 1355 1078 558,

887 1093 947 1151 579
961 1093 1057 1166 (591),
1075 1093 1252 1152 infinitivum
1270 1113 1356 1171 prae·

886 1178 1025 1236 nuntians
1055 1178 1131 1249 635,
1171 1180 1355 1238 substantivo

886 1263 1056 1320 adiunctum
1074 1282 1128 1339 pro
1145 1265 1284 1341 genetivo
1299 1266 1356 1337 (lie

886 1350 971 1419 dolor,
994 1349 1025 1405 id
1047 1358 1100 1418 est,
1124 1350 1203 1407 iuius
1220 1350 1270 1423 ree)
1285 1351 1355 1415 256,

887 1435 963 1504 406,
983 1433 1136 1491 abundans
1153 1434 1232 1510 apud
1248 1434 1354 1494 influit.

886 1520 973 1592 (tuum
989 1528 1028 1576 est
1045 1522 1080 1591 te)
1096 1519 1171 1590 356,
1194 1538 1355 1594 pronomen

887 1603 1103 1661 substantivum
1127 1612 1157 1661 et
1178 1604 1355 1662 adieetivum

887 1698 991 1747 neutro
1014 1707 1122 1764 genere
1145 1692 1195 1759 40,
1213 1692 1262 1759 80,
1282 1690 1356 1762 443,

888 1773 959 1831 633.
1004 1773 1192 1832 Pronominis
1220 1774 1303 1833 loeus
1327 1775 1356 1831 in

888 1857 1035 1916 sententia
1057 1858 1171 1916 infinite
1195 1862 1264 1919 100.

845 1944 1014 2002 Pronomen
1034 1944 1070 2001 ad
1090 1944 1225 2020 superius
1242 1944 1357 2003 subiec-

888 2037 951 2086 tum
972 2029 1097 2086 relatum
1116 2047 1186 2087 num
1204 2030 1359 2087 omittatur

887 2113 918 2170 in
951 2113 1067 2171 infinita
1093 2114 1240 2171 sententia
1265 2113 1358 2173 futuri

888 2198 987 2269 activi,
1011 2201 1081 2258 660.

845 2284 1012 2343 Pronomen
1042 2284 1305 2342 demonstrativum
1328 2285 1359 2341 in

889 2368 1088 2427 continuanda
1126 2369 1253 2426 relativa
1292 2387 1357 2426 een·

889 2454 982 2511 tentia
994 2457 1048 2527 88,
1069 2454 1202 2513 subiecta
1214 2454 1359 2529 particula

888 2542 956 2596 enim
980 2540 1056 2611 387,
1090 2539 1141 2597 ubi
1175 2558 1232 2597 non
1265 2539 1360 2616 possit

889 2624 985 2682 omitti
1008 2633 1076 2682 ante
1098 2624 1266 2695 relativum,
1286 2627 1358 2696 414,

890 2711 967 2781 421,
987 2709 1141 2767 abundans
1157 2716 1225 2787 post
1243 2716 1358 2767 senten-

889 2793 960 2851 tiam
994 2794 1148 2852 relativam
1181 2796 1259 2866 641,
1293 2803 1361 2871 poet

889 2879 1137 2954 comparationem
1156 2880 1252 2937 aliave
1269 2879 1359 2937 inter·

890 2964 985 3040 posita
1019 2965 1096 3036 731,
1138 2965 1219 3042 'apud
1252 2966 1360 3039 quedem

891 3050 966 3120 545,
990 3069 1150 3125 pronomen
1174 3050 1283 3126 plurali
1305 3044 1359 3108 nu·

890 3153 984 3204 mero,
1013 3135 1064 3192 ubi
1092 3154 1151 3192 una
1173 3153 1220 3193 res
1242 3134 1359 3192 videtur

889 3219 984 3294 sequi,
1008 3221 1079 3281 797.
1124 3219 1186 3280 cfr.
1211 3221 1250 3277 Is.

845 3304 1014 3363 Pronomen
1032 3305 1188 3363 relativum
1203 3324 1262 3362 non
1273 3322 1358 3363 aeau-

887 3397 951 3448 rato
979 3390 1210 3448 demonstrativo
1237 3408 1358 3465 respon·

888 3474 960 3532 dens
979 3478 1050 3544 212,
1069 3476 1128 3534 465
1148 3477 1193 3549 (ea
1210 3493 1239 3532 eo
1254 3494 1357 3550 penore,

888 3563 983 3634 quae);
1023 3568 1164 3635 sequente
1201 3560 1359 3637 epexegesi

890 3646 964 3715 155,
985 3644 1021 3702 66
1037 3645 1176 3703 universo
1192 3663 1301 3722 genere
1312 3664 1358 3702 re-

888 3729 979 3787 latum
1004 3731 1040 3787 66
1060 3731 1147 3788 unius
1166 3731 1209 3787 rei
1227 3731 1358 3806 appella·

888 3815 997 3875 tionem
1012 3816 1088 3886 555,
1112 3816 1142 3873 in
1162 3833 1252 3873 eausa
1269 3816 1358 3891 signi·

888 3899 1003 3957 licenda
1032 3903 1107 3971 702,
1147 3900 1261 3977 plurale
1292 3911 1358 3976 post

888 4004 993 4042 nomen
1011 3985 1159 4062 singulare
1177 3994 1298 4061 propter
1308 4004 1358 4060 ge·

888 4070 967 4128 neris
1006 4070 1250 4148 significationem
1287 4074 1357 4138 778,

889 4155 941 4213 cfr.
973 4158 1051 4227 723,
1076 4158 1151 4226 725,
1186 4157 1223 4212 66
1254 4157 1357 4214 obseu-

888 4259 952 4297 ram
982 4260 1173 4315 personarum
1208 4241 1356 4299 notionem

888 4326 1139 4384 accommodatum
1155 4329 1208 4396 14,
1232 4326 1294 4383 eius
1306 4325 1357 4400 qui

888 4429 974 4470 casus
1007 4412 1044 4469 ab
1072 4431 1122 4484 eo,
1159 4412 1209 4487 qui
1242 4411 1357 4488 positus
