3030 5086
211 465 276 530 452
605 483 649 528 nn
671 483 804 530 mamus
826 483 897 529 aon.

211 669 281 717 esse
304 668 430 716 manere
452 651 482 714 in
506 650 579 728 vita
604 651 632 714 si
655 650 767 715 sintin
792 651 909 715 maiore
931 658 1023 731 parte
1044 670 1152 716 earum
1175 669 1292 730 rerum,

211 772 290 833 quas
308 753 478 817 secundum
497 763 641 816 naturam
659 771 729 817 esse
748 751 887 817 dicimus.
921 752 961 816 Et
978 753 1123 833 quoniam
1136 752 1290 818 excedens

211 873 229 919 e
252 855 315 918 vita
338 864 369 918 et
391 871 520 918 manens
543 873 643 933 aeque
666 855 760 919 miser
783 859 840 931 est,
864 872 919 918 nec
936 854 1125 919 diuturnitas
1142 854 1243 935 magis
1261 854 1291 918 ei

211 957 306 1020 vitem
329 953 508 1035 fugiendam
531 954 613 1032 feeit,
638 975 698 1019 non
722 956 788 1020 sine
811 974 906 1020 causa
928 956 1050 1034 dicitur,
1072 955 1121 1035 iis,
1144 957 1196 1037 qui
1219 956 1291 1037 plu-

172 1058 297 1123 bribus
321 1056 515 1121 naturalibus
538 1056 599 1120 frui
622 1057 753 1137 possint,
776 1076 845 1122 esse
867 1057 899 1121 in
922 1057 987 1122 vita
1009 1059 1206 1123 manendum.
1241 1085 1244 1089 ¹

296 1160 379 1223 XIX.
408 1161 457 1223 dn.
488 1155 650 1222 Pertinere
672 1166 775 1223 autern
794 1160 834 1224 ad
852 1178 917 1224 rem
935 1159 1128 1224 arbitrantur
1144 1159 1291 1241 intellegi,

212 1259 427 1337 restoration,
455 1267 490 1323 ut
518 1260 605 1323 liberi
628 1280 647 1322 a
670 1261 853 1340 parentibus
877 1269 1034 1340 amentur3
1064 1280 1083 1324 a
1111 1280 1172 1343 quo
1201 1260 1291 1326 initio

211 1360 383 1443 profectam
396 1381 587 1425 conmmnem
600 1361 724 1425 hunreni
736 1363 858 1443 generis
871 1363 1051 1428 societatem
1062 1363 1291 1444 persequimur.

211 1465 303 1544 Quod
326 1464 460 1544 primum
482 1463 618 1544 intellegi
642 1462 737 1527 debet
759 1464 859 1544 figura
881 1466 1090 1546 membrisque
1113 1482 1291 1545 corporum,

154 1566 194 1631 10
211 1584 291 1648 quae
309 1566 378 1645 ipse
390 1565 558 1635 declarent,
579 1565 764 1646 procreandi
782 1584 801 1629 a
819 1575 932 1631 natura
948 1567 1083 1632 habitem
1104 1584 1173 1630 esse
1192 1567 1291 1629 ratio·

212 1686 290 1733 nem.
335 1667 444 1747 Neque
467 1685 540 1730 vero
563 1666 640 1730 haec
662 1665 743 1730 inter
767 1686 800 1731 se
823 1686 995 1749 congruere
1012 1673 1151 1749 possent
1174 1674 1211 1730 ut
1234 1687 1291 1731 na-

211 1779 284 1833 tura
311 1777 343 1833 et
369 1768 528 1848 procreari
557 1767 648 1832 vellet
682 1774 713 1831 et
740 1768 825 1847 diligi
853 1781 1035 1850 procreatos
1064 1787 1125 1832 non
1154 1778 1290 1833 curaret.

285 2030 303 2073 l.
326 2021 412 2090 [rerum
431 2039 511 2072 earum
531 2021 563 2086 tt]
604 2029 627 2070 3.
649 2031 670 2070 et
688 2022 763 2086 trroqr's
783 2024 805 2071 F.
824 2024 847 2071 ei
862 2024 936 2088 inopis
956 2023 997 2072 Or.
1039 2027 1062 2074 4.
1082 2022 1178 2073 dictu
1214 2023 1251 2073 οὐ
1271 2024 1291 2073 1.

212 2097 231 2141 b,
251 2092 406 2156 possuntEL
444 2095 466 2140 7.
482 2090 560 2139 eutii
597 2098 611 2136 8
637 2091 801 2153 persectomE
837 2108 924 2139 orariam
943 2096 1000 2155 tpro
1018 2091 1200 2154 contmonenqc
1236 2109 1291 2156 per·

210 2170 338 2224 sequuntur
357 2161 378 2209 lt
417 2164 455 2208 to.
472 2158 618 2223 procreandi
635 2174 675 2207 om
703 2159 721 2205 P
757 2158 871 2207 rationem
889 2160 970 2208 essel'
1011 2165 1047 2209 ll.
1064 2160 1157 2224 possint
1177 2159 1292 2226 [antrib

297 2384 369 2458 Cap.
393 2383 487 2450 x1x,
513 2383 561 2438 62.
607 2383 745 2438 Pertinere
766 2393 854 2439 autem
883 2384 922 2439 od
949 2402 1004 2439 rem
1026 2385 1196 2439 arbitrantur
1219 2385 1290 2459 eet.)

212 2471 295 2543 Quae
318 2469 365 2525 hie
389 2469 424 2524 ds
447 2467 655 2523 communitate
679 2478 708 2523 et
727 2468 866 2524 societate
887 2468 1014 2524 humana
1032 2479 1231 2543 exponuntur,
1255 2488 1290 2526 ea

211 2555 289 2629 apud
309 2553 451 2619 Graecos,
475 2552 524 2625 qui
543 2563 707 2626 supersunt.
731 2552 759 2607 in
779 2552 943 2610 Stoicorum
963 2554 1088 2610 decretis
1105 2554 1291 2628 explicandis

211 2639 272 2698 iere
296 2639 426 2695 breviter
448 2637 646 2711 attinguntur
676 2637 744 2710 quia
774 2656 831 2693 non
856 2656 990 2713 magnam
1020 2638 1130 2694 babent
1158 2638 1289 2714 proprie·

212 2734 316 2792 tatem3
341 2723 418 2798 apud
443 2722 615 2781 Ciceronem
639 2722 756 2796 saepius
779 2741 812 2778 οι
815 2733 881 2779 nate
904 2723 1099 2797 explicantur,
1124 2733 1157 2779 ut
1179 2724 1255 2780 lrbro
1275 2725 1289 2783 1

211 2811 248 2867 de
271 2810 385 2885 legibus
409 2808 541 2881 pluribus
561 2807 632 2862 loeis
650 2809 728 2881 (part
717 2807 850 2863 tinebant
866 2809 943 2864 eninr
962 2809 1033 2864 haee
1052 2809 1170 2864 adeam
1189 2808 1290 2907 dispu-

212 2896 367 2962 tationem,
392 2912 449 2966 qua
473 2891 565 2950 Stoici
590 2892 815 2957 confirmabant
840 2883 875 2947 τὸ
898 2885 1010 2948 δίκαιον
1034 2882 1120 2964 edon
1144 2886 1219 2948 εἶναι
1241 2884 1290 2952 καὶ

212 2971 251 3054 μὴ
281 2973 379 3044 θέσει
409 2977 466 3034 tid.
496 2977 532 3033 ad
556 2980 570 3044 §
595 2978 647 3049 71)
671 2977 757 3033 etde
781 2975 839 3034 Off.
863 2978 894 3040 Ι
920 2978 959 3032 50
983 2996 1061 3050 sqq..
1092 2977 1141 3033 ubi
1166 2978 1290 3036 Beierus

214 3065 298 3140 plura
326 3063 471 3136 ascripsit.
524 3061 639 3119 Similia
667 3062 857 3136 Peripatetici
887 3062 1084 3128 disserebant
1119 3080 1184 3118 eum
1215 3056 1291 3128 ζῶον

212 3137 359 3205 πολιτικόν
383 3147 530 3204 hominem
554 3165 617 3202 esse
641 3147 799 3215 docebant3
823 3147 881 3203 vid.
899 3148 936 3213 V
950 3148 1066 3220 bosqq.
1112 3147 1202 3221 Apud
1223 3147 1290 3205 Sto·

213 3232 317 3288 beeam
334 3232 393 3288 Lcl.
407 3232 473 3288 Eth.
488 3251 514 3305 p.
529 3232 589 3286 250
602 3250 666 3304 sqq
688 3232 778 3287 multa
801 3251 912 3297 eorum
936 3251 1011 3305 quae
1036 3231 1082 3286 bie
1104 3243 1134 3287 et
1153 3232 1290 3306 proximo

212 3317 309 3391 capite
337 3327 539 3390 exponuntur,
569 3316 718 3374 simillima
748 3316 884 3412 leguntur
913 3327 1059 3390 tamquam
1073 3317 1291 3412 Peripatetico

213 3402 307 3473 (velut
334 3402 425 3457 hoe
417 3421 527 3499 {psum
551 3386 614 3456 Οτι
643 3392 699 3476 γὰρ
730 3391 764 3455 οὐ
791 3391 883 3494 μόνον
912 3391 1017 3474 alperti
1045 3391 1083 3455 roi
1111 3394 1199 3457 τέκνα
1226 3403 1291 3466 τοῖς

212 3479 391 3585 γειναμένοις
414 3476 474 3542 ἐστὶ
498 3475 547 3543 dcci
569 3472 624 3549 eric
646 3478 758 3560 χρείας
783 3474 930 3540 ἀλλὰκαὶ
954 3483 991 3540 dc
1015 3472 1109 3540 ἑαυτά
1114 3470 1290 3560 ,γνώριμον

214 3588 243 3626 εκ
271 3568 323 3644 τῆς
352 3563 514 3645 irreptum).
559 3571 669 3626 Veram
699 3571 797 3627 omnia
826 3568 877 3625 illa
901 3568 1061 3625 Antiochia
1089 3586 1152 3626 esse
1180 3569 1289 3635 iudico

213 3655 242 3710 id
266 3665 319 3722 est,
344 3672 477 3751 tungriam
503 3664 614 3729 partem
634 3653 742 3712 Stoice.
787 3655 913 3728 Propria
936 3672 1063 3710 maxime
1076 3654 1203 3710 Zenonis
1227 3663 1292 3711 erat

214 3740 310 3813 imago
338 3739 467 3796 civitatis
496 3740 660 3796 intrudanae
688 3729 717 3811 (q
739 3729 814 3794 stoici
839 3732 1053 3827 θαυμαζομένη
1077 3732 1212 3792 πολιτεία
1235 3735 1292 3793 τοῦ

211 3843 264 3898 την
282 3815 415 3898 Ermiierir
440 3842 550 3899 αιρεσιν
574 3816 818 3897 καταβαλομινον
837 3807 976 3895 Ζήνωνος
998 3822 1165 3897 appellatur
1188 3823 1291 3879 aPlu-

214 3910 315 3966 tarclro
339 3909 373 3964 do
398 3910 476 3965 lert.
501 3907 713 3970 Alexandril
739 3908 807 3980 dp.
828 3907 887 3961 329
909 3908 959 3976 Α)
983 3926 1041 3979 qua
1063 3908 1291 3964 continebantur

213 3994 300 4050 etiam
326 3994 369 4061 di;
394 3994 451 4049 vid.
473 3996 550 4062 §64
596 3994 666 4048 Mox
691 3992 844 4047 Ernestius
863 3995 980 4064 profecti
1001 3993 1089 4048 scribi
1109 3993 1180 4062 vult,
1205 3993 1291 4066 quasi

213 4098 271 4136 non
295 4098 387 4152 aeque
417 4079 490 4133 bene
518 4079 583 4152 ipsa
605 4077 730 4133 societas
758 4077 794 4132 ab
824 4078 878 4131 hoc
901 4076 985 4132 initio
1010 4078 1154 4152 proficisci
1178 4088 1208 4134 et
1230 4096 1291 4135 ser·

214 4184 283 4239 pere
306 4165 428 4220 dicatur.
474 4164 507 4219 In
528 4167 716 4238 perseqm'rrmr
738 4161 876 4232 (ridendo
901 4172 929 4216 et
952 4162 1140 4236 explicando)
1164 4181 1194 4219 se
1214 4162 1290 4221 Cato

211 4248 444 4323 cornprelrendit,
469 4267 533 4304 cum
557 4249 586 4304 in
609 4249 776 4303 arbitrantur
793 4247 922 4301 scholam
941 4247 1150 4319 significassem
1174 4248 1233 4306 vid.
1252 4247 1290 4304 ad

220 4338 270 4402 183
296 4336 369 4391 Dav.
388 4334 482 4390 exiii.
498 4332 561 4406 2(?)
575 4342 775 4407 persequuntur
792 4326 846 4401 (Εξ
862 4336 1052 4405 persequitur).
1088 4333 1164 4389 'sum
1185 4333 1288 4391 Lamb.

213 4439 247 4475 ee
262 4422 370 4493 fiyrrro3
394 4419 452 4475 vid.
476 4419 512 4474 ad
536 4419 576 4486 ΙΙ,
603 4420 651 4475 90.
697 4414 864 4496 [Cbnqruere
884 4420 988 4491 possint
1011 4418 1100 4474 etiam
1124 4414 1175 4496 B.]
