3030 5086
254 455 316 520 192
643 471 687 516 na
710 468 841 517 nisiaea
863 470 934 515 nou.

252 640 391 705 Primum
420 639 526 704 divisit
546 639 752 720 inelegantem
782 640 843 703 duo
871 638 951 702 enim
980 656 1096 717 genera
1123 642 1330 717 quaeserunt,

253 742 326 808 lecit
347 742 417 806 tria.
462 742 531 805 Hoc
553 752 601 806 est
623 761 683 805 nou
708 741 862 818 dividere,
892 741 947 804 sed
970 738 1123 820 frangere.
1145 778 1149 783 -
1169 737 1230 818 Qui
1251 737 1332 803 haec

255 844 439 922 didicerunt,
455 862 537 924 quae
552 842 603 907 ille
620 841 797 920 contemnit„
814 842 859 906 sic
873 841 987 906 solent:
1007 840 1096 913 „Duo
1112 859 1230 921 genera
1241 838 1331 921 cupi-

255 946 401 1024 ditatum,
429 944 589 1009 naturales
612 953 643 1008 et
665 943 786 1022 inanes3
817 943 1005 1007 naturalium
1028 944 1103 1021 duo,
1131 940 1333 1007 necessariae

215 1050 368 1115 batnon
391 1046 615 1112 necessariae.“
652 1044 868 1111 Coniecturae
885 1055 975 1110 esset.
1010 1044 1164 1108 Vitiosum
1181 1052 1231 1108 est
1247 1042 1332 1108 enim

254 1148 286 1213 in
303 1148 476 1213 dividenda
487 1157 609 1229 partem
625 1148 656 1210 iu
673 1167 788 1228 genere
807 1166 977 1211 uumcraro.
1023 1147 1073 1210 at.
1097 1147 1158 1211 Sed
1176 1144 1236 1211 hoc
1252 1160 1332 1209 sane

328 1359 346 1401 l.
369 1352 431 1419 [erat
450 1352 499 1417 Al]
545 1351 646 1416 'asscel
664 1368 712 1403 om.
734 1352 754 1400 1⁴3
781 1364 901 1415 ,frangere
923 1368 971 1399 rem
990 1349 1109 1399 LPMOR
1148 1348 1197 1405 Qut
1216 1348 1277 1399 laec
1297 1374 1330 1385 -

253 1419 328 1470 soleat
347 1432 440 1485 truusp.
461 1430 518 1484 post
534 1423 646 1483 contecta
663 1438 701 1468 rea
719 1428 779 1468 esset
796 1422 839 1468 Or.
859 1436 908 1468 om.
928 1418 1048 1468 Lt’mclt
1096 1423 1119 1468 3.
1138 1416 1181 1481 pai
1195 1416 1220 1467 εἰ
1233 1415 1333 1477 dr'amt,

254 1488 407 1553 cupiditatum
426 1505 476 1536 esse
494 1488 540 1536 duo
556 1505 644 1552 genera
663 1489 825 1538 LPMCROr.
875 1495 897 1537 4,
918 1486 988 1536 usaue
1007 1487 1028 1534 l:
1072 1484 1218 1535 riuturudium
1236 1500 1333 1549 quoqu

256 1558 308 1606 t'tem
331 1557 377 1606 duo
401 1557 563 1606 Ll‘mcam.
600 1555 750 1605 ›tecwaart‘as
778 1564 799 1605 et
823 1573 868 1604 aoa
895 1555 1047 1604 rreceasun'as
1070 1554 1211 1604 LPMttOr.
1248 1570 1333 1603 asces-

254 1626 409 1687 scrinulum.
430 1635 451 1673 et
469 1642 514 1673 aori
532 1626 625 1688 aea)C
661 1631 683 1675 b.
703 1626 809 1673 essenti«)
847 1628 868 1674 6.
889 1623 912 1671 ia
926 1622 1052 1673 diuidendo
1066 1622 1147 1674 om.L
1175 1622 1333 1672 aomiunnld

255 1792 279 1838 et
297 1800 416 1856 prorsus
434 1782 543 1854 requiri
560 1782 597 1837 ad
616 1781 809 1837 membrorum
829 1780 1052 1853 aequalitatem
1072 1790 1101 1835 et
1118 1792 1162 1835 est
1179 1777 1332 1837 Graecum

60 1874 66 1883 “
120 1895 154 1937 g
255 1854 377 1937 φυσικαὶ
410 1855 458 1921 καὶ
493 1857 545 1921 οὐκ
575 1857 740 1940 ἀναγκαῖαι.
796 1861 973 1943 [Confirmat
1006 1883 1082 1921 nune
1111 1868 1154 1929 A.
1188 1864 1245 1921 etsi
1276 1882 1334 1920 nora

254 1949 371 2005 omittit.
417 1951 511 2007 'serui
533 1950 649 2026 generis
672 1950 901 2024 appellationem
925 1968 981 2006 om.
1007 1951 1032 2006 B
1055 1959 1088 2005 ut
1109 1945 1186 2027 Era]

340 2034 512 2109 ineleganter)
536 2035 709 2107 Neglepeuter
730 2035 794 2092 cod.
821 2036 910 2104 Mon,
939 2053 976 2091 ex
999 2034 1237 2109 interpolatione.
1282 2034 1333 2092 De

255 2120 482 2194 reprehensione
504 2119 558 2178 cfr.
582 2120 619 2176 ad
642 2120 666 2187 Ι,
691 2121 740 2175 45.
785 2116 877 2199 [Fecit
899 2139 956 2177 om.
980 2120 1067 2176 ctiam
1092 2115 1141 2197 B.]

333 2207 473 2278 frarrpere.
512 2204 567 2273 Qui
587 2206 652 2261 ltaec
673 2206 824 2261 ‹lidiceruut
842 2204 911 2276 cet.)
929 2204 1060 2261 Primum
1080 2224 1142 2263 reta
1165 2203 1244 2277 quaed
1262 2214 1334 2278 post

248 2292 379 2362 Jrougere
401 2290 573 2357 addebatur,
597 2288 758 2345 excludunt
779 2290 866 2347 etiam
891 2290 956 2347 Pal.
978 2295 1004 2357 1,
1028 2289 1074 2346 El.
1101 2290 1129 2355 2,
1153 2288 1241 2364 Spin,
1264 2282 1333 2367 [B].

257 2394 312 2449 mg.
327 2373 416 2433 Crat..
429 2375 657 2447 damnatumque
669 2374 705 2429 ab
718 2374 784 2431 aliis
796 2374 915 2431 sustulit
926 2373 1029 2432 Gzius.
1059 2373 1174 2431 Deinde
1186 2374 1230 2431 sio
1241 2373 1332 2441 edidi,

256 2471 289 2515 ιιι
306 2470 350 2515 est
367 2460 396 2515 in
414 2459 533 2534 optimis
550 2459 644 2525 codd,
662 2459 726 2516 Pal.
737 2463 762 2525 l,
780 2455 1032 2539 Er1.,Spir.,[B,]
1050 2479 1106 2535 mg.
1119 2457 1199 2517 Crat.
1213 2461 1332 2532 (quam-

255 2562 343 2618 quam
372 2563 409 2600 ex
439 2543 502 2602 l’al.
530 2548 543 2600 l
575 2556 604 2600 et
631 2544 709 2618 Spin.
740 2542 886 2602 Gruterus
914 2556 942 2601 et
970 2544 1063 2602 Gaius
1091 2554 1205 2600 tautum
1233 2554 1331 2599 trans-

255 2629 430 2704 positionem
454 2629 663 2685 sententiarum
687 2640 717 2685 et
739 2648 775 2686 ex
789 2629 866 2703 Spir.
889 2628 1077 2686 omissionem
1097 2646 1200 2685 vocum
1224 2646 1333 2703 quoquc

255 2717 315 2770 item
337 2724 525 2783 annotarunt,
549 2716 586 2771 ad
609 2723 706 2770 cetera
729 2733 786 2771 non
810 2713 1019 2786 attenderunt).
1064 2712 1136 2772 Cod.
1160 2713 1235 2769 Mor.
1258 2730 1331 2769 eun·

256 2799 321 2855 dem
345 2798 472 2855 habebat
494 2799 640 2873 ordinem,
664 2799 715 2855 sod
738 2798 908 2855 exciderant
930 2798 959 2854 in
984 2818 1019 2855 eo
1042 2799 1147 2855 verba:
1177 2799 1333 2855 didicerant

257 2915 296 2926 —
319 2886 457 2941 uatrrrules
478 2894 516 2953 et;
545 2884 650 2940 deinde
678 2895 739 2940 erat
768 2886 888 2956 confecta
910 2894 956 2940 eat.
1001 2883 1154 2940 Facillime
1177 2883 1207 2939 in
1230 2882 1332 2940 verbis

254 2971 373 3042 confecta
391 2989 434 3025 res
451 2979 518 3025 esset
535 2969 688 3043 suppletur
704 2968 852 3025 condicio:
873 2968 916 3033 „si
933 2968 975 3025 sic
992 2969 1107 3025 loeutus
1124 2975 1232 3039 osset“‚
1250 2968 1332 3043 quod

256 3054 351 3128 ipsum
374 3053 555 3129 significatur
577 3054 650 3110 illie:
679 3053 733 3121 Qui
750 3085 787 3095 -
811 3057 850 3110 sic
871 3055 963 3109 soleat.
1008 3052 1153 3130 [Confecto
1174 3070 1222 3109 res
1244 3071 1329 3109 num·

256 3157 343 3212 quam
372 3158 424 3213 per
452 3158 482 3195 so
511 3139 617 3195 dicitur
640 3158 692 3213 pro
716 3149 796 3195 certa
823 3148 852 3193 et
874 3138 1054 3206 indubitata,
1083 3137 1329 3212 quemadmodum

255 3223 349 3298 accipi
371 3224 466 3280 voluit
489 3223 613 3280 Heinius
637 3223 744 3281 Plrilol.
763 3224 873 3281 XXIV
886 3242 913 3296 p.
928 3221 1013 3300 tta]
1047 3222 1198 3282 Orationis
1215 3240 1332 3279 summa

256 3307 386 3364 brevitas
419 3308 572 3383 aptissima
600 3319 658 3377 est,
692 3307 831 3382 quoniam
861 3306 965 3366 Cicero
998 3307 1236 3383 indignabundus
1262 3324 1331 3363 cum

256 3403 426 3468 contemptu
449 3393 659 3449 correctionem
683 3393 872 3451 demonstrat.
918 3394 953 3450 In
976 3393 1147 3469 vulgaribus
1169 3392 1254 3449 codd.
1278 3410 1331 3448 ax·

256 3477 391 3534 ciderunt
413 3479 517 3534 verba:
544 3476 598 3546 Qui
619 3480 684 3535 leaeo
706 3480 857 3536 didicerunt
875 3509 912 3519 -
931 3481 969 3535 sic
991 3479 1083 3548 soleret,
1106 3477 1157 3534 sed
1180 3477 1211 3533 in
1228 3476 1332 3552 paucis

257 3563 431 3636 quibusdam
454 3563 531 3635 (Pal.
553 3564 580 3632 3,
604 3563 701 3620 Mead.
725 3564 812 3631 Dav..
836 3562 892 3621 Ox.
917 3558 943 3636 ξ)
967 3582 1005 3620 ex
1027 3562 1183 3638 marginali
1206 3571 1331 3619 annota-

257 3649 336 3704 tione
364 3648 475 3704 inserta
502 3658 570 3704 sunt
598 3649 686 3723 paulo
715 3659 781 3723 post
808 3648 885 3704 inter
908 3649 1012 3705 verba:
1045 3650 1165 3721 consecto
1191 3667 1236 3704 res
1262 3656 1333 3704 esset

256 3746 285 3789 et
311 3734 443 3789 l’r'tr'osruu.
478 3729 505 3805 (ξ
527 3735 576 3789 doc
598 3743 628 3789 at
649 3735 734 3806 solet.)
768 3733 832 3790 Illis
855 3733 980 3803 omissis
1004 3752 1069 3789 cum
1093 3733 1194 3790 deesse
1217 3730 1333 3806 aliquid

257 3817 343 3874 frtcile
374 3830 502 3893 pateret,
536 3818 566 3874 id
599 3818 642 3875 sic
669 3818 835 3893 suppletum
872 3828 917 3874 est
949 3829 1105 3892 ceteraque
1133 3816 1332 3893 supplementi

256 3921 345 3959 carisa
368 3914 481 3959 uuuata
503 3906 546 3974 (at
569 3903 635 3959 vide
657 3903 809 3960 audaciam
818 3905 852 3975 !):
885 3902 940 3970 Qut
965 3907 990 3959 si
1010 3906 1123 3968 (lueret,
1152 3903 1332 3977 cupiditatum

256 4008 312 4045 ease
345 3990 399 4045 dico
424 4008 535 4061 periero.
569 3991 706 4045 naturales
740 3998 764 4044 et
796 3991 901 4047 ittonae.
936 3991 1098 4045 traturolium
1132 4006 1238 4061 quoque
1269 3989 1330 4045 item

257 4072 348 4145 (Gud.
375 4075 392 4129 2
417 4085 446 4129 et
470 4074 536 4130 Bas.
560 4092 615 4129 om.
639 4077 711 4146 itera)
734 4075 801 4139 duo,
829 4077 995 4131 accessorius
1023 4084 1048 4129 et
1075 4092 1126 4128 uou
1153 4073 1330 4140 necessarios,

256 4161 375 4231 coru'ectu
403 4178 445 4214 res
473 4169 549 4217 esset.
596 4157 679 4231 Quae
708 4169 805 4234 potest
832 4178 897 4215 esse
927 4158 1058 4234 apertior
1080 4168 1162 4214 ortae
1185 4175 1200 4213 e
1224 4156 1330 4213 mendo

257 4255 286 4299 et
319 4262 490 4319 progressae
524 4243 760 4318 interpolationis
789 4242 930 4301 historia?
981 4244 1019 4300 Et
1052 4252 1149 4299 tamen
1183 4242 1330 4298 neminem
1394 4314 1400 4323 .

256 4328 351 4384 adhuc
374 4329 484 4385 veritas
507 4329 606 4386 movit.
