3030 5086
391 501 434 546 nr
459 499 538 545 man.
562 498 625 543 urs.
648 497 681 543 nv
704 496 777 543 one.
795 497 903 543 sr-ss.
923 495 1055 558 (ro-rs.)
1198 478 1260 543 597

272 667 417 732 XXVIII.
442 668 491 731 77.
533 666 674 746 Urguent
695 671 799 729 tamen
821 671 854 728 et
874 663 949 728 nihil
972 663 1142 729 remittunt
1178 666 1262 744 Quo-

187 771 280 849 niam,
296 769 450 848 inquiunt
468 786 559 833 omne
575 773 736 848 peccatum
752 765 970 831 imbecillitatis
987 774 1019 831 et
1034 766 1263 831 inconstantiae

188 879 245 950 est,
267 869 344 935 hsec
365 878 468 934 sutem
491 869 568 932 vitia
588 869 620 932 in
644 867 785 932 omnibus
808 867 912 932 stultis
933 886 1033 948 aeque
1049 886 1165 948 magna
1181 874 1263 946 sunt,

189 990 316 1037 necesse
338 977 387 1036 est
407 971 498 1051 paria
520 988 590 1034 esse
611 976 747 1050 paccata.
782 968 879 1048 Quasi
896 987 971 1033 vero
993 975 1049 1033 aut
1064 970 1264 1048 concedatur,

187 1075 219 1138 in
242 1073 386 1138 omnibus
408 1072 511 1137 stultis
532 1089 634 1152 aeque
655 1089 769 1151 magna
791 1088 862 1135 esse
884 1071 960 1135 vitia
983 1080 1015 1135 et
1036 1070 1145 1135 eadem
1167 1070 1303 1136 tmbes

189 1175 316 1239 cillitate
339 1181 372 1238 et
391 1172 599 1238 inconstantia
621 1174 655 1236 L.
668 1172 822 1236 'l‘ubulum
844 1170 952 1251 luisse,
974 1190 1037 1252 qua
1057 1172 1154 1250 illum,
1176 1173 1265 1237 cuius

188 1277 214 1341 is
238 1276 463 1340 condemnatus
485 1283 534 1339 est
555 1275 726 1356 rogatione,
749 1274 783 1339 P.
801 1274 995 1353 Scaevolam
1023 1281 1055 1338 et
1076 1274 1167 1354 quasi
1189 1273 1266 1339 nibil

189 1379 270 1442 inter
292 1395 343 1441 res
365 1395 489 1456 qnoque
510 1376 605 1456 ipsas,
627 1376 659 1439 iu
676 1375 788 1456 quibus
805 1384 961 1456 peccatur,
983 1375 1114 1454 intersit,
1138 1383 1179 1454 ut,
1202 1394 1264 1456 quo

188 1479 249 1543 hae
266 1479 400 1542 maiores
416 1478 591 1543 minoresve
608 1477 679 1555 sint
696 1494 743 1555 eo,
766 1495 847 1561 quae
863 1486 1030 1557 peccentur
1046 1478 1078 1540 in
1095 1477 1144 1541 his
1161 1477 1264 1557 rebus,

189 1589 245 1644 ant
266 1580 385 1642 maiora
407 1579 469 1642 sint
490 1585 545 1642 aut
567 1578 702 1642 minorat
748 1580 798 1642 78.
820 1579 931 1660 Itaque
948 1579 1024 1654 (iam
1042 1579 1123 1643 enim
1140 1579 1264 1644 conclu·
1284 1580 1326 1644 10

189 1683 283 1746 datur
305 1680 419 1760 oratio)
441 1679 500 1743 hnc
522 1699 584 1743 uno
601 1680 675 1744 vitio
697 1680 830 1744 maxime
845 1680 920 1743 milri
937 1681 1036 1760 premi
1056 1680 1203 1744 videntur
1219 1680 1266 1744 tui

190 1781 294 1860 stoici,
316 1782 402 1862 quod
424 1799 458 1846 se
481 1799 574 1861 posse
596 1788 710 1861 putant
732 1782 810 1845 duas
827 1782 1002 1846 contrarias
1018 1781 1191 1846 sentenbas
1208 1782 1264 1846 ob-

261 2006 281 2052 l.
300 2018 371 2064 quam
389 2005 447 2065 (pro
465 2000 626 2064 quomum)E
662 2006 685 2049 ³.
704 2010 783 2052 autem
800 2011 855 2050 sunt
872 2001 970 2050 ostioli
1005 2001 1030 2050 in
1048 2017 1098 2055 om.
1117 2001 1138 2049 1.
1173 2008 1196 2050 4.
1215 2017 1267 2051 esso

186 2070 262 2134 pario
278 2069 409 2134 psccutnL
428 2086 478 2118 ease
493 2077 596 2133 peceato
610 2070 717 2132 ponbss
743 2070 816 2134 quum
831 2078 856 2119 ut
873 2069 1046 2120 concedeturc
1083 2075 1105 2121 5.
1123 2077 1159 2119 est
1172 2069 1266 2119 orisbIa

191 2143 214 2187 o.
235 2155 305 2201 quam
324 2137 387 2187 illum
398 2137 465 2187 Pcrt
501 2141 522 2188 7.
541 2137 664 2188 ratmneC
682 2147 767 2203 ropatu
777 2143 881 2203 (trunsp.
896 2139 962 2188 iuter
979 2137 999 2186 t's
1017 2147 1041 2186 et
1055 2147 1090 2188 est
1103 2138 1233 2199 condemn.)
1244 2139 1268 2187 R

191 2211 215 2254 8.
235 2224 280 2269 quo
304 2223 332 2255 ne
354 2206 496 2254 maioresll
518 2223 564 2270 qno
586 2206 631 2255 boe
649 2207 737 2256 omL
790 2212 813 2255 9.
832 2223 904 2271 copus
919 2215 1021 2271 peccato
1039 2206 1103 2256 inlr
1127 2225 1153 2256 eo
1176 2223 1267 2271 quoque

188 2284 289 2338 peccota
309 2274 332 2322 in
351 2274 396 2323 CR
431 2273 460 2322 ib
479 2275 501 2322 B
539 2279 575 2326 lo,
594 2283 649 2323 sunt
667 2275 710 2323 ΒΡ
745 2274 793 2323 ium
811 2290 859 2324 om.
880 2275 900 2322 P

191 2481 311 2548 tuerint,
334 2442 363 2537 id
387 2500 423 2537 ne
446 2481 501 2538 hoc
524 2481 641 2555 quidem
666 2483 752 2539 modo
774 2480 851 2538 effici
874 2483 920 2552 (ut
941 2442 1062 2549 11‚'37:
1087 2501 1119 2538 ne
1140 2483 1185 2538 illo
1207 2484 1267 2555 qui·

191 2569 251 2623 dem
278 2567 375 2639 modo).
421 2566 534 2623 Dubito
561 2567 598 2623 de
626 2568 781 2641 scriptura.
829 2563 982 2646 [Baiterus
1009 2585 1074 2624 cnm
1104 2566 1208 2623 Lamb.
1236 2585 1268 2624 ns

192 2653 240 2708 boc
263 2654 370 2726 quidem
393 2653 470 2707 modo
488 2648 597 2730 parim]
642 2653 702 2709 Sr'nt
724 2671 778 2726 pro
800 2662 863 2708 sunt
885 2651 972 2708 etiarn
998 2652 1076 2729 Spir.
1099 2648 1163 2731 [B].

277 2735 349 2810 Cap.
364 2737 517 2805 XXVIII,
538 2738 588 2795 77.
639 2737 727 2804 Quasi
748 2756 810 2793 vero
831 2746 879 2792 atet
900 2739 1074 2811 concedatur)
1098 2737 1147 2795 Sic
1170 2736 1267 2794 dicere

191 2821 317 2882 orditur,
341 2831 374 2876 ut
396 2831 548 2895 expectes:
571 2832 618 2878 out
641 2823 707 2878 nibil
729 2855 769 2862 —-
792 2825 909 2889 intersim
932 2821 968 2878 de
992 2832 1103 2879 mutata
1125 2822 1268 2880 orationis

190 2905 286 2961 forma
309 2905 417 2962 dictum
441 2916 486 2962 est
508 2906 536 2976 in
561 2924 686 2962 excursu
709 2906 850 2976 ad1,23.
886 2907 932 2962 De
949 2907 1059 2963 Tubuli
1082 2906 1191 2963 iudicio
1214 2926 1265 2963 ex·

191 2990 318 3064 positum
343 3001 387 3045 est
409 2991 446 3047 ud
466 2992 506 3053 ΙΙ,
526 2992 574 3046 54.
609 2992 664 3047 Res
687 3010 793 3065 quoque
813 2994 889 3065 spano
912 2991 984 3048 dicit
1007 2992 1168 3055 motorium,
1192 3005 1268 3064 quas

191 3076 305 3149 agendo
329 3086 480 3140 tractetur,
504 3094 579 3149 quae
598 3075 635 3132 ad
653 3077 745 3150 ipsius
768 3075 983 3133 inconstantiae
1006 3086 1033 3132 et
1057 3075 1269 3134 imbecillitatis

192 3161 290 3217 varios
312 3159 421 3235 gradus
444 3161 555 3234 aliquid
579 3161 756 3218 discriminis
772 3161 877 3229 addam
899 3161 999 3235 itaque
1016 3161 1093 3218 idern
1111 3162 1268 3237 significat,

191 3246 269 3319 qnod
292 3246 381 3319 paulo
403 3259 472 3303 anto
496 3247 524 3302 in
548 3264 621 3302 auro
644 3246 795 3321 paleaque.
821 3257 904 3321 patre
927 3256 956 3301 et
979 3265 1064 3303 servo
1087 3246 1267 3304 declaratum

191 3340 245 3387 est.
293 3330 420 3402 (Necesse
442 3341 481 3387 est
503 3350 560 3387 esse
578 3336 661 3406 porta
683 3331 771 3388 etiam
796 3329 875 3390 Gud.
897 3342 1021 3405 uterque
1044 3341 1073 3389 et
1096 3333 1176 3405 llas.)

277 3434 319 3483 eo,
348 3434 418 3488 quoe
435 3426 579 3490 peccentur
601 3421 627 3473 in
651 3418 692 3472 llis
714 3416 807 3490 rebus)
831 3415 880 3474 Sic
904 3417 1054 3473 Manutius
1077 3428 1107 3473 et
1128 3417 1269 3493 deinceps

191 3499 307 3571 reliqui,
331 3509 361 3554 et
377 3502 531 3557 confirmat
542 3497 582 3579 [B
600 3497 642 3579 et]
660 3502 723 3557 cod.
738 3503 812 3559 Mor.
847 3501 920 3560 Cum
944 3520 998 3576 pro
1020 3522 1049 3558 eo
1070 3521 1142 3577 quae
1157 3502 1267 3559 scribe·
1343 3564 1347 3570 ,

191 3595 272 3640 retur
295 3602 376 3657 eoque
394 3582 487 3659 (ξχψ),
512 3586 686 3661 corrigendo
704 3596 803 3642 natum
822 3596 867 3642 est
885 3597 998 3661 peccato
1015 3588 1080 3660 (χψ,
1101 3588 1146 3643 ed.
1159 3587 1229 3644 vict
1241 3589 1268 3658 );

191 3687 256 3726 cum
275 3688 311 3725 ne
331 3670 507 3742 sicquidem
526 3671 621 3727 oratio
639 3681 797 3740 constaret,
820 3670 929 3728 factum
954 3680 999 3728 est
1014 3691 1043 3728 eo
1060 3691 1166 3746 qnoque
1187 3672 1267 3743 (edd.

192 3757 287 3826 vett).
325 3749 367 3821 Εξ
390 3774 419 3810 eo
440 3774 492 3827 que
509 3767 643 3830 peccetur.
677 3756 787 3826 (Grut.
813 3757 899 3824 llam,
923 3756 1016 3814 Gzius
1034 3749 1154 3830 tacent.)
1183 3758 1268 3815 Hunc

191 3840 377 3908 sententiam,
396 3858 470 3913 quae
488 3841 592 3916 incipit
606 3841 643 3897 ab
656 3851 693 3909 ut,
712 3840 815 3898 referri
832 3841 870 3897 ad
888 3842 981 3898 solum
994 3845 1105 3908 intersit,
1124 3853 1157 3899 ut
1173 3843 1268 3917 expli·

191 3933 282 3987 cetur,
301 3925 371 3997 quid
389 3943 426 3980 ex
445 3924 611 3982 differentia
628 3937 835 4000 consequatur,
854 3944 912 3982 non
930 3927 967 3983 sd
984 3927 1170 4002 negationem
1188 3931 1270 4001 qrmss'

192 4010 259 4065 nibil
286 4014 403 4076 intersit,
433 4020 465 4066 nt
492 4010 645 4068 dicendum
675 4021 790 4085 putem,
819 4010 913 4069 Gzius
935 4010 1020 4076 iacit,
1049 4030 1101 4082 ne,
1130 4013 1208 4086 quod
1230 4013 1267 4083 oi,

191 4094 257 4150 aliis
280 4113 397 4167 qnoque
420 4096 543 4152 accidat.
588 4096 637 4153 sie
660 4096 696 4152 de
719 4086 793 4152 Fato
817 4098 857 4151 44
879 4106 909 4152 ut
931 4097 969 4167 (si
994 4100 1081 4154 omnio
1102 4100 1167 4171 foto
1186 4099 1267 4170 fiant,

190 4184 277 4234 onrrria
306 4183 396 4236 corana
417 4182 489 4252 fient
516 4181 729 4237 antecedentibus
755 4190 780 4237 et
806 4183 976 4254 necessariis)
999 4200 1056 4239 non
1080 4181 1208 4240 refertur
1230 4182 1267 4239 sd

191 4284 275 4338 neque
301 4297 334 4306 -
361 4268 498 4333 sesemet,
529 4266 581 4322 sed
609 4267 646 4322 ad
668 4266 799 4324 concedet.
847 4262 937 4346 [Eum
961 4267 1057 4324 locum
1081 4267 1269 4325 numeraliter

191 4350 290 4418 edunt,
314 4348 497 4408 discedentes
520 4351 703 4425 aLambIno,
726 4350 776 4425 qui
793 4370 878 4425 neque
894 4369 1049 4423 erroreex
1067 4351 1166 4427 priore
1183 4371 1268 4428 neque
1372 4405 1374 4408 ,

191 4445 287 4491 ortum
310 4452 375 4491 esse
398 4435 521 4493 viderat.
556 4435 615 4494 Sed
637 4453 695 4492 non
712 4444 758 4494 est
774 4435 861 4494 buius
878 4436 936 4494 loci
954 4455 1019 4494 sam
1037 4435 1267 4512 disputationem
