3030 5086
378 472 383 477 ’
405 512 449 557 an
473 511 553 558 nar„
577 511 640 556 um.
663 511 686 555 n
708 511 781 557 car.
803 514 839 558 rs.
856 509 989 574 (sa-ss.)
1175 494 1235 557 217

158 681 458 762 Pyrrhoni-omnino
476 679 544 743 visa
560 688 632 744 suut
649 697 708 759 pro
726 678 830 757 nihilo,
852 686 887 745 ut
902 678 984 754 inter
1000 679 1118 761 optime
1133 678 1238 744 valere

159 791 192 849 et
219 783 403 865 gravissime
436 788 602 864 aegrotare
634 780 709 845 nihil
742 798 874 861 prorsus
907 780 1046 845 dicerent
1077 782 1237 860 interesse,

65 900 70 906 ·
159 891 245 950 recte
271 885 334 949 iam
361 885 484 967 pridem
512 890 621 948 contra
642 901 697 947 eos
719 884 852 948 desitum
875 889 924 947 est
945 883 1110 963 disputari.
1153 883 1237 948 Dum

158 987 242 1052 enim
264 986 295 1051 in
319 1006 382 1051 una
397 973 513 1049 uirtute
530 985 574 1049 sic
591 985 694 1049 omnia
711 1003 781 1051 esse
797 986 971 1062 voluerunt,
994 994 1028 1049 ut
1045 1003 1114 1049 eam
1131 1004 1237 1050 rerum

158 1088 328 1154 selectione
350 1088 543 1169 expoliarent
564 1103 621 1151 nec
643 1087 671 1151 ei
693 1087 876 1169 quidquam,
905 1095 961 1151 aut
987 1089 1071 1152 unde
1093 1085 1275 1167 oriretur,5

159 1192 286 1268 darent,
314 1197 371 1255 aut
391 1189 444 1254 ubi
466 1189 633 1262 niteretur,
657 1190 803 1254 virtutem
825 1189 940 1269 ipsam,
963 1208 1055 1270 quam
1078 1189 1236 1271 amplexa-

106 1281 114 1290 ’
158 1292 283 1369 bantur,
306 1291 507 1357 sustulerunt
540 1290 658 1356 Erillus
679 1298 794 1369 autem,
816 1292 856 1354 ad
879 1291 1038 1356 scientiam
1062 1291 1164 1355 omnia
1186 1310 1236 1356 re·

232 1465 252 1510 1.
275 1458 385 1528 [pirrons'
401 1459 429 1527 d]
469 1460 562 1522 cannuba
579 1461 669 1513 om.L
709 1469 764 1510 sunt
781 1461 876 1511 vrbaE
923 1467 945 1512 2.
965 1461 1077 1511 interesse
1094 1460 1236 1511 dicerentla
1281 1520 1285 1527 ι

160 1534 183 1577 3.
203 1528 301 1578 datium
319 1539 354 1579 est
372 1539 455 1578 contra
473 1547 513 1579 eos
531 1531 554 1578 E
591 1536 615 1582 4.
633 1547 684 1580 esse
702 1529 781 1579 omnia
799 1529 819 1578 l·
855 1546 937 1580 earum
958 1530 1073 1579 rerurnL
1111 1535 1132 1578 b.
1155 1528 1237 1596 [expo-

159 1596 278 1647 liaverunt
296 1598 325 1664 Α]
350 1597 460 1648 electense
477 1597 677 1662 spoliaveruntll
713 1615 753 1647 ore
767 1597 899 1647 retunderet
917 1600 974 1663 (pro
989 1597 1091 1648 oriretur
1103 1597 1236 1661 duraulll

160 1671 182 1715 b.
203 1667 324 1732 aprumque
342 1666 415 1732 ampl.
434 1669 457 1717 E
494 1671 515 1718 7.
538 1666 676 1734 [Herium
692 1668 741 1718 sid.
761 1668 793 1715 ad
813 1668 869 1729 §³5
888 1666 950 1733 not]

158 1823 215 1879 teri
244 1822 283 1880 sit
305 1823 442 1882 desitum.
489 1824 555 1880 Dici
583 1833 715 1900 poterat:
747 1843 818 1897 quoe
843 1841 903 1880 cum
927 1855 964 1864 —
988 1826 1048 1880 visa
1075 1832 1175 1890 essent,
1204 1829 1237 1880 ut

159 1908 364 1965 ostenderetur
386 1909 502 1965 occasio
525 1909 733 1984 disputationis
756 1916 854 1978 ortae,
878 1926 953 1982 quae
976 1918 1079 1982 postea
1101 1908 1235 1966 desisset.

159 1991 218 2051 Sed
242 1993 421 2052 indicativus
443 2006 471 2049 et
495 2002 610 2069 tempus
633 1994 716 2051 verbi
739 1994 943 2064 ostendebant,
966 1994 1107 2069 scriptum
1131 2011 1196 2050 esse
1219 2011 1237 2049 a

158 2077 302 2136 Cicerone
325 2081 412 2153 quode
438 2080 533 2146 ,Nam
557 2079 635 2154 qnod
658 2078 695 2134 ad
714 2079 876 2155 Pyrrhonis
899 2088 929 2135 et
946 2078 1096 2135 Aristonis
1119 2089 1236 2135 senten·

158 2162 230 2219 tiam
254 2163 373 2230 attinet,
402 2164 509 2238 quibus
537 2164 610 2221 hacc
632 2170 707 2221 cet.“
754 2165 800 2220 Ex
823 2166 898 2238 qnod
918 2164 1035 2238 saepius
1057 2163 1169 2221 iactum
1191 2173 1237 2220 est

157 2267 233 2318 cam3
256 2248 316 2306 vid.
341 2247 450 2324 Opusc.
474 2250 568 2308 Acad.
591 2251 607 2307 Ι
629 2269 656 2324 p.
671 2250 742 2308 510.

244 2334 368 2390 Aristoni
393 2344 418 2390 et
439 2333 593 2412 Pyrrhoni)
617 2335 662 2391 De
686 2334 835 2391 Aristonis
858 2333 1017 2396 sententia,
1046 2352 1104 2408 qun
1127 2333 1235 2404 omnia,

158 2436 234 2492 quae
255 2419 334 2476 inter
356 2419 510 2477 honestum
539 2432 569 2478 et
591 2430 676 2494 turpe
699 2419 853 2476 interiecta
876 2427 987 2488 essent,
1016 2403 1171 2492 ἀδιάφορα
1193 2419 1235 2475 sic

158 2503 411 2578 relinquebantur,
435 2515 467 2561 ut
485 2505 556 2562 nihil
576 2505 661 2562 alteri
685 2513 915 2579 praeponeretur
938 2503 999 2560 nlla
1021 2502 1235 2572 aestimatione,

158 2589 314 2665 ipsumque
337 2609 480 2647 summum
505 2591 613 2648 bonum
637 2590 666 2646 in
687 2580 852 2664 ἀδιαφορίᾳ
874 2588 965 2645 animi
989 2606 1133 2661 nusquam
1151 2588 1236 2644 incli-

159 2674 259 2732 nantis
280 2675 446 2749 ponebatur
468 2676 544 2749 (111,
571 2678 605 2733 11
632 2685 661 2731 et
688 2675 738 2736 12,
767 2674 822 2739 IV,
847 2675 902 2742 43,
927 2675 965 2744 V,
989 2675 1044 2741 73,
1073 2671 1132 2731 Off.
1158 2674 1181 2742 l,
1207 2675 1235 2742 6,

159 2759 254 2815 Acad.
277 2760 318 2827 ΙΙ,
346 2760 432 2833 130),
461 2770 593 2817 veterum
617 2759 785 2816 testimonia
808 2758 926 2835 collegit
951 2759 1082 2815 Ritterus
1104 2756 1133 2812 in
1158 2759 1236 2816 ilisa

159 2844 273 2902 Philus.
296 2844 354 2902 vol.
373 2845 551 2921 111p507.
598 2845 642 2901 Da
666 2844 829 2920 Pyrrhone,
853 2844 913 2918 qui,
935 2862 1000 2899 cum
1025 2843 1124 2901 omnia
1145 2843 1236 2899 addu-

159 2929 297 2991 bitasset,
321 2930 439 2987 virtutis
463 2940 560 2989 tamen
584 2940 613 2987 et
636 2929 700 2985 vitii
723 2929 872 2985 notionem
895 2929 972 2984 tueri
994 2938 1117 2985 conatus
1141 2938 1184 2985 est
1207 2936 1237 2984 et

160 3013 274 3071 beatam
299 3015 389 3071 vitam
415 3006 550 3090 ἀπαθείᾳ
578 3016 703 3089 quadarn
727 3014 816 3070 animi
840 3014 994 3086 consequi,
1026 3014 1102 3069 idern
1127 3033 1154 3088 p.
1173 3015 1233 3069 427

159 3117 223 3172 sqq.
267 3098 373 3158 Cicero
395 3100 505 3174 ubique
529 3119 593 3156 eurn
618 3118 682 3156 cunr
707 3100 848 3156 Aristone
871 3099 1036 3175 coniungit;
1066 3099 1114 3154 hic
1137 3098 1236 3174 negle-

158 3184 276 3260 gentius
303 3185 456 3261 postponit
483 3185 569 3260 longe
592 3185 759 3260 posteriori.
804 3183 887 3256 Quae
910 3186 1121 3241 Tennenianno
1146 3184 1236 3254 (Hist.

158 3269 237 3327 Phil.
261 3271 307 3327 lv
330 3290 358 3344 p.
379 3271 454 3343 219)
482 3272 559 3327 inter
587 3271 663 3327 htnnc
692 3271 786 3326 locum
811 3279 840 3326 et
863 3288 912 3335 ea,
946 3288 1022 3343 quae
1046 3269 1100 3338 IV,
1125 3270 1165 3325 43
1200 3270 1235 3325 de

160 3354 301 3411 Aristone
329 3355 480 3413 dicuntur,
514 3355 712 3429 discrepantia
741 3373 804 3410 esse
834 3355 963 3422 videtur,
997 3352 1084 3410 facile
1107 3354 1235 3421 tollitur3

158 3457 226 3496 nam
249 3459 286 3496 ne
315 3440 354 3497 ibi
379 3440 495 3513 quidem
520 3440 661 3497 interesse
685 3441 843 3514 quidquam
868 3439 945 3496 inter
967 3439 1098 3515 singulas
1120 3458 1181 3508 res,
1211 3438 1236 3496 si

158 3525 394 3592 aestimarentur,
414 3535 532 3600 putasse
545 3526 659 3583 dicitnr.
694 3525 787 3584 Gzius
804 3544 858 3582 sno
876 3525 968 3581 utitur
979 3524 1113 3586 artificio,
1130 3533 1163 3580 ut
1179 3544 1234 3580 orn·

63 3635 65 3638 ’
157 3613 219 3666 abac
242 3621 329 3685 neget
351 3611 488 3686 coniungi
512 3629 576 3668 cum
601 3611 700 3668 verbis
717 3630 771 3686 pro
793 3611 884 3678 nubilo,
908 3610 959 3666 sed
983 3629 1061 3666 esse:
1084 3612 1109 3665 si
1129 3613 1156 3665 iu
1177 3613 1234 3665 attri-

156 3714 262 3751 versum
284 3715 339 3752 rem
361 3706 476 3771 spectes,
507 3696 630 3766 oblitus,
654 3697 789 3771 proximo
813 3713 899 3752 versu
923 3694 979 3751 dici
1002 3695 1069 3751 uidit
1086 3713 1235 3769 prorsus

158 3786 293 3838 interesse.

243 3869 311 3922 inter
326 3869 422 3940 optime
432 3863 534 3942 valere)
546 3865 660 3924 Notant
671 3865 855 3940 grammatici
873 3864 1058 3921 insolentiam
1079 3864 1236 3920 locutionis

156 3949 188 4006 in
206 3949 354 4007 infinitivo
374 3951 585 4026 praepositioni
602 3952 735 4008 subiecto
753 3961 782 4006 et
794 3958 911 4025 praeter
923 3950 1061 4008 Ovidium
1075 3949 1235 4018 (add.Hor.

157 4033 220 4094 Sat.
238 4036 278 4102 II,
293 4037 321 4106 5,
335 4037 387 4110 69)
410 4036 512 4092 eodem
536 4036 623 4093 modo
640 4037 728 4094 etiarn
748 4035 889 4094 Senecam
907 4035 1017 4091 dixisse
1035 4035 1237 4092 demonstrant

156 4119 193 4176 ds
216 4120 320 4178 Benef.
344 4123 382 4190 V,
410 4122 461 4182 10,
487 4122 504 4176 2
528 4124 650 4192 (assultum
673 4133 702 4178 et
726 4134 785 4177 tuin
809 4122 877 4176 nilnl
897 4123 1005 4176 interest
1026 4123 1095 4175 inter
1122 4121 1190 4176 dure
1211 4130 1236 4176 et

156 4208 297 4280 occipere).
328 4203 442 4285 [Nigid.
456 4207 519 4281 Fig.
534 4207 612 4281 apud
626 4205 705 4264 Gell.
720 4207 776 4275 XI,
794 4208 840 4267 ll,
858 4209 882 4273 l,
896 4206 1040 4279 Pompon.
1054 4204 1121 4281 Dig.
1137 4205 1169 4271 L,
1187 4206 1234 4274 16,

158 4286 222 4369 89]
257 4290 348 4348 Aliud
372 4292 448 4348 enirn
467 4291 597 4347 futurum
617 4301 681 4348 erat
702 4297 770 4348 inter
791 4292 993 4363 coarctandum.
1028 4290 1099 4345 Mox
1122 4290 1153 4345 in
1171 4289 1233 4348 Erl.

157 4370 207 4454 [et.
218 4371 258 4454 B]
282 4377 387 4433 mendo
410 4377 481 4433 latet
504 4387 633 4446 orerentr,
657 4387 690 4433 ut
712 4395 799 4451 saepe
822 4377 852 4433 in
871 4376 948 4432 Livii
972 4374 1055 4432 codd.
1080 4374 1234 4443 scribitur3

156 4460 208 4517 sed
230 4461 320 4518 iidem
345 4461 383 4519 69
407 4465 531 4521 oriretur.
