3030 5086
484 389 529 436 au·
551 389 633 436 neam
656 388 719 435 ara.
743 389 756 434 1
778 388 852 435 cnr.
872 391 895 436 e.
914 389 1046 449 (rr-ra)
1259 370 1303 435 39

217 553 313 622 finito
339 557 438 636 inani,
471 558 503 622 in
532 575 594 637 quo
621 556 698 622 nihil
724 575 781 621 nec
808 575 962 621 summurn
990 573 1046 620 nec
1072 553 1213 621 intimum
1245 573 1303 620 nec

219 659 360 725 medium
388 677 444 724 nec
464 659 607 724 ultimum
634 670 698 722 nec·
713 666 884 722 extremum
907 659 961 737 sit,
988 657 1032 722 ita
1053 656 1143 737 ferri,
1170 666 1206 722 ut
1228 675 1302 721 con·

220 761 421 826 cursionibus
437 760 520 825 inter
535 778 571 825 se
587 759 817 837 cohaerescant,
836 778 873 823 ex
891 778 951 840 quo
964 757 1140 824 efficiantur
1155 777 1202 836 ea,
1219 777 1301 839 quae

223 864 289 928 siut
309 880 451 944 quaeque
472 870 654 940 cernantur,
683 861 801 939 omnia;
831 880 963 942 eumque
985 870 1102 926 motum
1125 867 1302 925 atomorum

223 965 312 1029 nullo
328 984 349 1029 a
364 963 526 1044 principio,
543 962 600 1027 sed
617 981 654 1026 ex
671 969 799 1026 aeterno
818 975 959 1044 tempore
974 961 1111 1041 intellegi
1126 960 1301 1026 convenire.
1320 962 1341 1026 5

225 1067 276 1131 18.
304 1065 457 1146 Epicurus
479 1072 598 1143 autem,
625 1064 657 1128 in
685 1063 798 1144 quibus
821 1064 961 1145 sequitur
982 1063 1209 1141 Democritum,
1237 1079 1300 1127 non

298 1243 317 1286 1.
341 1234 465 1284 innotuit
510 1239 532 1285 2.
552 1233 653 1283 οᾱὺαατη
671 1234 728 1298 (pro
746 1237 881 1297 cenenum)
900 1232 945 1287 Or.
980 1232 1103 1297 defendit
1127 1231 1171 1298 [ito
1194 1232 1257 1298 ferri
1277 1241 1302 1281 ut

223 1320 275 1354 om.
293 1301 341 1370 ΑΙ]
379 1308 402 1351 5.
420 1301 465 1352 sd
480 1311 582 1351 extrem
600 1302 622 1350 E
640 1301 685 1351 sed
704 1303 839 1351 mauolt
868 1337 872 1344 -

221 1445 363 1519 quoniam
384 1442 427 1499 ibi
443 1458 503 1500 non
520 1442 603 1517 ipsae
620 1442 714 1499 solnm
732 1442 833 1512 atomi,
857 1441 910 1499 sed
925 1439 1021 1515 prime
1036 1438 1181 1513 quaedam
1198 1458 1300 1496 earum

222 1523 427 1623 συγκρίματα,
441 1545 485 1593 ea,
503 1545 579 1600 quae
597 1527 701 1623 vulgo
704 1526 850 1583 elementa
867 1525 1063 1602 appellantur,
1082 1524 1219 1581 dicuntur
1235 1543 1300 1582 esse

222 1603 332 1686 αἀαθῆ
347 1629 396 1666 και
387 1599 597 1666 ἀναλλοίωτα
609 1601 701 1668 deci
669 1631 721 1686 την
733 1599 938 1686 στερρότητα.)
960 1609 1185 1685 imperitissime
1197 1607 1300 1679 Gaius,

221 1696 369 1753 individui
385 1705 414 1752 et
431 1695 518 1753 solidi
535 1696 671 1753 notiones
687 1694 880 1764 confundens,
899 1714 1022 1769 quarum
1040 1694 1135 1751 altera
1151 1712 1189 1750 ex
1206 1695 1301 1751 eltera

220 1781 302 1856 spnd
313 1780 517 1839 Democritum
539 1790 568 1836 et
580 1781 740 1856 Epicurum
758 1782 897 1847 nascitur,
919 1779 958 1836 ad
975 1780 1168 1855 tautologiam
1187 1780 1301 1837 scilicet

221 1866 374 1923 vitandam
396 1863 528 1922 defendit
550 1866 711 1923 editionum
735 1865 918 1940 quarundam
940 1865 1207 1940 interpunctionem
1230 1882 1300 1922 casu

220 1961 334 2008 orum:
360 1969 476 2026 corporo
502 1951 657 2019 indiuidua,
680 1962 795 2026 propter
821 1952 980 2007 soliditates
1002 1960 1088 2020 censet
1115 1960 1187 2019 cet,
1215 1951 1301 2024 qnasi

220 2036 358 2093 soliditas
379 2035 540 2111 quidquam
568 2036 606 2092 ad
627 2036 775 2093 infinitum
803 2045 832 2093 et
854 2047 1019 2093 atomorum
1047 2035 1077 2092 in
1101 2054 1136 2091 eo
1159 2035 1299 2092 verticem

220 2123 379 2196 pertineat.
424 2121 530 2192 Neque
552 2120 713 2196 Epicurus,
742 2121 848 2178 nedum
872 2121 1074 2191 Democritus,
1104 2129 1214 2177 motum
1237 2128 1299 2176 ato-

220 2224 337 2264 morum
360 2205 518 2263 soliditate
541 2206 593 2263 sed
615 2206 744 2282 pondere
767 2205 845 2263 effici
867 2205 1000 2274 dicebat3
1023 2206 1082 2262 iam
1105 2216 1209 2274 motas,
1232 2223 1299 2262 cnm

218 2290 440 2358 colliderentur,
458 2291 587 2383 repelli
579 2305 640 2348 rctu
656 2301 686 2348 ot
702 2292 791 2389 plage
810 2301 931 2366 propter
942 2290 1121 2347 soliditatem
1133 2291 1297 2360 statuebat3

218 2366 251 2450 (ἡ
281 2365 439 2468 στερεότης
472 2367 488 2450 ἡ
515 2361 691 2451 ὑπαρχουσα
720 2368 826 2441 αυταῐς
858 2394 935 2431 κατα
964 2365 1017 2450 τὴν
1044 2392 1218 2452 συγκρουσιν
1245 2366 1298 2431 τὸν

219 2449 402 2532 decemper
423 2463 509 2524 ποιεῖ,
535 2460 620 2536 Diog.
647 2461 742 2518 Lacr-t
766 2462 807 2530 Χ
831 2463 882 2531 44,
904 2459 973 2517 eoll
998 2460 1115 2518 Lucret.
1140 2460 1181 2529 Π,
1206 2460 1246 2517 84
1269 2470 1299 2516 et

217 2545 286 2616 85).
338 2541 432 2600 Nec'
424 2563 487 2600 rure
510 2545 672 2602 Matthiseo
700 2547 773 2603 haec
800 2546 900 2602 omnia
921 2544 1013 2601 verba
1041 2555 1177 2620 suspecta
1200 2556 1297 2614 erant;

217 2629 411 2703 nequeenim
425 2628 530 2688 Cicero
551 2650 599 2687 res
611 2628 763 2704 Torquato
785 2631 902 2706 ignotas
925 2629 1064 2705 explicat,
1087 2630 1138 2687 sed
1154 2630 1298 2687 lectorum

217 2714 366 2771 rationem
388 2714 493 2781 habet,
516 2725 550 2772 nt
570 2716 612 2785 11,
638 2719 651 2771 l
678 2729 707 2771 et
730 2718 785 2786 20,
814 2734 909 2790 neque
932 2733 1039 2772 nomen
1061 2725 1175 2772 tanturn
1198 2715 1297 2786 vertit,

217 2799 273 2856 sed
296 2816 413 2856 causam
436 2800 564 2857 nominis
585 2811 615 2858 et
637 2802 732 2897 ipsam
756 2800 904 2859 notionem
927 2800 1018 2857 atomi
1037 2800 1174 2858 ostendit.

306 2887 334 2940 t'n
355 2885 487 2957 infinito
476 2889 562 2956 mani)
580 2879 609 2941 ἐν
632 2883 674 2957 τῷ
696 2877 808 2963 απείρῳ
830 2882 910 2958 κενῷ
941 2884 1020 2942 Nam
1032 2884 1127 2943 Omne
1146 2875 1192 2958 (τό
1216 2873 1297 2959 ὅλον)

218 2969 410 3026 Democritus
437 2969 562 3027 docebat
588 2981 723 3027 constare
751 2968 793 3042 τῷ
814 2968 899 3042 κενῷ,
928 2971 1025 3044 spatio
1052 2989 1106 3045 per
1132 2988 1164 3026 se
1193 2987 1297 3038 vacuo,

220 3053 301 3128 qnod
327 3054 474 3111 infinitum
497 3074 719 3129 quoquoversus
742 3066 869 3129 pateret.
900 3066 930 3111 et
952 3055 1072 3124 atomis,
1100 3074 1175 3128 quae
1204 3055 1234 3112 in
1262 3074 1298 3112 eo

220 3150 413 3215 vagarentur,
446 3141 691 3214 corporibusque,
723 3159 798 3215 quae
821 3141 889 3197 inde
919 3149 1081 3198 orerentur.
1129 3141 1253 3216 Semper
1279 3159 1298 3196 a

219 3224 392 3282 Democrito
410 3225 580 3299 etEpicuro
597 3226 732 3283 notiones
755 3226 843 3301 spatii
866 3234 895 3281 et
917 3225 1003 3282 vacui
1025 3224 1252 3283 confunduntur.

284 3328 352 3366 -aec
374 3309 532 3384 extremum)
555 3311 624 3368 Non
647 3311 765 3367 videtur
792 3310 848 3367 hoc
870 3310 1018 3367 diversum
1042 3329 1106 3369 esse
1129 3311 1167 3366 ab
1191 3312 1298 3378 ultimo3

219 3394 328 3468 itaque,
351 3411 417 3449 cnm
441 3394 597 3471 diligenter
619 3396 667 3452 hic
689 3396 829 3471 distingvi
847 3396 982 3452 notiones
999 3405 1112 3470 putent,
1136 3396 1296 3470 corrigunt,

220 3478 405 3538 Goerenaius
427 3491 456 3535 et
473 3479 604 3538 Orellius
626 3499 663 3537 ex
676 3480 778 3540 Ursini
801 3481 864 3538 cod.
890 3491 920 3537 et
941 3480 1056 3538 duobus
1078 3480 1297 3537 Parisiensibus

219 3564 419 3634 Lallemandi,
447 3565 477 3620 id
505 3577 563 3635 est,
593 3566 762 3622 coniectura
787 3566 903 3636 Ursini,
931 3569 1048 3622 citimum
1076 3585 1129 3640 pro
1152 3576 1297 3622 ertrernum

219 3649 397 3715 scribentes,
432 3650 571 3708 Davisius
594 3654 713 3725 pn'orunr
742 3670 797 3726 pro
826 3654 954 3708 ultimum.
999 3651 1058 3710 Sed
1086 3651 1117 3706 in
1145 3651 1200 3706 hac
1228 3669 1296 3707 eoa-

218 3734 389 3791 cervatione
411 3735 463 3790 vix
485 3747 544 3792 tam
568 3735 693 3811 diligens
711 3734 816 3794 Cicero
838 3736 908 3805 fuir,
932 3737 1014 3793 nulla
1036 3746 1081 3792 eet
1103 3735 1181 3791 enim
1204 3735 1296 3801 notio,

218 3837 294 3894 qnae
317 3828 396 3875 recte
417 3819 528 3877 includi
545 3821 639 3895 possit
656 3820 712 3877 nisi
724 3824 823 3896 parom
845 3824 960 3879 citiorum
982 3821 1021 3877 sd
1038 3840 1102 3877 eam
1120 3820 1296 3876 divisionem

218 3904 350 3961 locorum
373 3904 508 3978 pertinet,
531 3924 606 3979 quae
624 3906 712 3962 etiam
735 3907 766 3962 in
789 3906 903 3963 infinito
925 3907 988 3963 fieri
1011 3916 1117 3981 potest,
1140 3904 1218 3961 siin
1237 3923 1296 3962 uno

218 3988 318 4063 aliquo
341 3989 405 4046 eius
427 3991 492 4047 loco
515 3991 578 4066 ipse
603 3992 653 4049 sis.
701 3992 804 4066 ltaque
827 3992 1035 4066 amplificatam
1058 4009 1122 4048 esse
1145 3989 1295 4047 notionem

218 4086 298 4149 puto,
322 4076 567 4148 quemadmodum
591 4076 607 4133 1
629 4077 667 4134 N.
694 4077 731 4133 Ι).
758 4078 797 4134 37
821 4079 920 4150 (quem
943 4076 1039 4134 locum
1052 4075 1189 4132 Bromius
1211 4075 1295 4148 citat)

219 4168 263 4216 est
285 4161 394 4215 ultimus
421 4171 445 4215 et
473 4164 621 4218 altissimus
648 4171 730 4235 atque
757 4164 875 4235 rrrrdiquc
902 4164 1081 4235 circumsecus
1109 4169 1134 4217 et
1161 4169 1295 4216 ectrermts

219 4245 310 4301 ardor.
347 4244 490 4303 Ultimum
514 4255 567 4305 est.
591 4247 669 4319 quod
692 4248 730 4303 ab
753 4247 837 4303 initio
860 4247 1098 4317 remotissimum,
1121 4255 1295 4314 extremum,

220 4330 297 4403 quod
318 4340 418 4386 cetere
439 4331 503 4388 finit
526 4343 556 4388 et
577 4331 679 4407 cingit.
