3030 5086
255 490 316 553 158
645 508 689 552 on
712 507 843 579 stainos
866 506 938 553 aon,

250 677 446 756 'voluptas
481 676 561 739 Huic
578 676 811 752 vorboomnes,
834 676 888 755 qui
909 662 1023 755 ubique
1044 682 1126 753 sunt
1149 675 1202 756 qui
1218 674 1334 740 Latirm

255 777 365 856 sciunt
388 779 466 842 duas
489 796 539 841 res
557 777 720 855 subiciunt
741 777 892 842 laetitiam
911 777 940 840 iu
959 776 1071 855 animo,
1094 776 1333 842 commotionem

254 898 381 944 svavem
403 879 605 944 iucunditatis
627 879 658 943 in
680 897 822 959 corpere.
855 879 936 942 Nam
953 885 984 943 et
1000 877 1052 942 ille
1068 878 1156 959 apud
1174 877 1333 943 Trabeam

253 981 492 1061 voluptatem
510 981 623 1044 animi
641 980 792 1045 nimiam
810 980 959 1044 laetitiam
978 980 1061 1057 dicit,
1078 980 1218 1058 eandem,
1237 998 1332 1061 quam

215 1082 534 1161 omousianorum,
564 1083 617 1164 qui
645 1082 818 1146 omnibus
846 1081 1012 1147 laetitiis
1040 1083 1181 1145 laetum
1203 1100 1275 1146 esse
1296 1098 1333 1147 se

254 1191 370 1248 narrat
415 1183 477 1249 Sed
511 1183 570 1248 hoc
596 1184 752 1260 interest‚'
768 1184 852 1265 qued
875 1184 1020 1264 voluptas
1047 1183 1161 1248 dicitur
1182 1183 1276 1247 etiam
1299 1183 1331 1246 in

252 1287 357 1349 animo
380 1285 506 1361 (vitiosa
528 1304 589 1363 ree,
612 1292 646 1349 ut
669 1285 762 1350 Stoici
785 1294 913 1365 putant,
936 1285 989 1365 qui
1011 1305 1079 1349 eaor
1102 1286 1147 1349 sic
1169 1282 1332 1364 definiunt,

327 1498 343 1536 Ι.
363 1490 405 1553 qni
420 1489 477 1540 Lat.
498 1507 530 1537 rc.
551 1490 593 1552 qai
608 1490 644 1540 nb.
663 1490 758 1539 anntE
812 1495 834 1540 2.
854 1488 968 1538 laetitiam
992 1504 1042 1541 om.
1067 1488 1088 1539 C
1127 1487 1331 1539 ratiocinationem

253 1568 309 1620 tpro
327 1557 510 1621 coronationem)
531 1558 575 1606 PR
619 1563 642 1609 8.
662 1557 753 1607 iacnnd.
773 1559 910 1608 navemn
933 1557 1087 1606 iucunditatis
1105 1572 1153 1606 om.
1174 1558 1194 1605 L
1231 1565 1254 1606 4.
1273 1556 1329 1609 laet.

251 1627 305 1676 nim.
326 1627 445 1676 Ll’ntctl
480 1630 502 1677 6.
522 1643 569 1689 qno
588 1626 609 1673 L
648 1629 668 1675 7,
688 1626 723 1675 sic
741 1641 789 1675 om.
809 1627 831 1675 E

338 1815 410 1872 ilion
432 1826 456 1872 et
478 1818 521 1872 iile
541 1818 617 1891 apud
640 1814 785 1892 Trabeam)
810 1817 910 1883 Dect,
933 1817 979 1872 eui
1003 1816 1180 1891 respondere
1203 1816 1330 1873 debebat

250 1901 374 1957 alterum
393 1911 417 1958 ct
434 1902 463 1958 in
482 1920 517 1958 en
534 1899 689 1963 sententia.
713 1919 771 1975 qua
794 1901 829 1958 de
847 1918 970 1977 corpore
988 1901 1196 1976 explicaretur,
1219 1901 1329 1957 dictum

251 1996 296 2043 est
319 1986 347 2043 in
371 2004 434 2043 exc.
452 1987 488 2043 ad
506 1988 530 2047 Ι,
545 1988 594 2047 ⁶23.
629 1988 763 2044 'l'rabeae
782 1987 885 2044 comici
900 2004 1002 2043 versus
1019 1986 1081 2043 fore
1099 1987 1213 2060 integer
1230 1986 1330 2061 prodit

251 2090 266 2127 e
295 2072 383 2128 Tusc.
411 2073 466 2135 lv,
497 2074 551 2129 35:
585 2082 615 2128 nt
642 2075 699 2139 ilie,
734 2077 783 2145 qui
816 2075 1023 2146 uoluptatem
1056 2074 1162 2127 animi
1192 2073 1328 2127 nimiam

250 2177 407 2213 cinnamum
436 2177 508 2213 ease
538 2176 684 2213 errorem
712 2159 877 2225 arbitratum
904 2156 1019 2213 initium
1044 2158 1102 2212 tale
1125 2155 1232 2213 fuisse:
1266 2156 1329 2230 Epo

250 2244 409 2317 oobrptntcm
431 2245 516 2298 animi
536 2245 653 2299 animiam.
676 2251 800 2318 apparet
821 2260 858 2298 ex
882 2242 913 2299 ΙΙ
936 2241 972 2298 ad
995 2242 1078 2298 Fam.
1103 2243 1130 2310 9‚
1154 2243 1182 2297 2.
1216 2242 1329 2299 Recen-

251 2328 340 2384 tiores
358 2327 494 2391 editores,
518 2336 644 2403 excepto
656 2328 711 2385 Th.
726 2327 871 2390 Bentleio,
895 2328 968 2383 haec
985 2327 1026 2384 sic
1043 2327 1207 2383 litterarum
1224 2325 1329 2383 formis

250 2412 448 2488 distinguunt,
477 2413 562 2486 quasi
585 2415 712 2470 laetitiam
734 2413 869 2469 Trabeae
893 2412 1014 2469 verbum
1037 2413 1090 2480 sit,
1113 2430 1199 2486 quem
1223 2410 1329 2470 Cicero

249 2497 476 2573 interpretatur,
505 2517 571 2555 curn
595 2499 776 2575 voluptatem
806 2499 894 2555 animi
918 2498 1038 2554 nimiam
1063 2497 1156 2566 dieat,
1183 2496 1327 2554 laetitiam

249 2582 429 2659 intellegere.
479 2584 660 2641 Annotanda
688 2583 819 2640 brevitas
847 2584 875 2640 in
905 2584 1013 2640 (licendi
1038 2583 1144 2646 verbo,
1176 2600 1235 2657 qua
1261 2582 1328 2658 ipsa

249 2668 365 2725 dicendi
387 2679 417 2726 et
440 2669 623 2744 significandi
646 2668 894 2745 intellegendique
917 2677 1048 2743 potestas
1065 2668 1217 2724 conflatur.
1250 2662 1328 2747 [cfr.

250 2754 318 2809 Son.
337 2753 372 2809 de
384 2755 424 2811 Ir.
444 2749 565 2832 1,3‚5.]
588 2755 746 2833 ‘Laetitimn
763 2757 871 2810 nimiam
887 2753 1136 2828 transponebatur
1151 2761 1220 2809 ante
1232 2752 1328 2821 viem

248 2838 273 2895 ie
296 2857 312 2894 e
335 2839 398 2895 cod.
422 2839 598 2906 emendavit,
622 2839 773 2913 secutique
796 2839 886 2895 ceteri
910 2847 991 2904 eunt,
1015 2839 1050 2894 da
1073 2836 1157 2895 codd.
1181 2846 1326 2906 tacentem

248 2934 373 2998 apparet
395 2943 432 2980 ex
445 2924 506 2980 erl.
525 2923 570 3000 [et¹
589 2922 660 3000 AB]
683 2924 712 2980 in
736 2924 907 2980 melioribus
929 2934 1039 2979 rectum
1063 2923 1165 2980 fnisse.
1203 2921 1326 2980 Caecilii

247 3027 364 3083 quoque
385 3008 472 3067 Statii
495 3027 611 3065 versum
633 3008 737 3067 Cicero
760 3009 789 3065 in
813 3009 914 3064 eadem
938 3008 1065 3084 epistula
1088 3008 1248 3082 significat:
1271 3008 1326 3063 Re-

243 3104 323 3169 pente
343 3113 405 3150 vero
427 3097 524 3151 incesti
539 3095 690 3150 omnibns
710 3096 873 3161 loetr'tiie;
897 3093 946 3149 ubi
965 3093 1081 3150 etiamsi
1097 3096 1194 3149 incessi
1209 3098 1326 3166 quoque

247 3198 265 3234 a
289 3185 376 3253 poeta
398 3189 545 3254 sumptum
570 3187 703 3255 putetur,
726 3179 800 3235 nihil
823 3190 921 3235 tamen
944 3188 1001 3240 est.
1025 3197 1077 3235 cur
1099 3177 1252 3235 credamus
1275 3186 1328 3234 aut

247 3262 425 3339 perfectum,
459 3265 537 3339 quod
566 3263 670 3322 Cicero
703 3265 740 3320 ad
769 3283 851 3320 suam
880 3283 939 3319 rem
970 3262 1189 3320 accommodate
1217 3263 1326 3339 posuit,

247 3349 325 3424 apud
353 3356 470 3423 poetam
499 3348 592 3405 fnisse
621 3359 672 3406 aut
701 3350 730 3406 id
759 3350 879 3406 verbum
916 3348 963 3405 hic
991 3367 1108 3422 qnoque
1136 3366 1154 3404 a
1182 3347 1326 3407 Cicerone

247 3434 373 3510 positum
398 3453 472 3494 esee.
518 3434 594 3491 Dico
616 3443 738 3510 propter
760 3433 877 3493 Gaium.

332 3523 381 3593 qni
396 3539 452 3576 eom
470 3523 508 3576 eie
525 3522 661 3593 definient,
681 3522 867 3593 stillationem)
880 3519 1007 3575 Videtur
1024 3523 1062 3575 aie
1079 3517 1240 3587 abundare,
1258 3534 1323 3574 cum

247 3605 310 3678 ipae
328 3606 514 3661 accusativus
526 3606 696 3663 sirbieiatur.
730 3607 794 3663 Nec
806 3615 904 3662 tamen
916 3604 1003 3661 unius
1015 3603 1077 3662 Erl.
1091 3603 1276 3669 auctoritate,
1294 3602 1324 3659 in

247 3709 305 3763 qno
318 3699 376 3746 tam
391 3691 483 3747 multa
495 3709 594 3747 errore
608 3692 715 3748 omissa
727 3700 804 3755 aunt,
819 3690 917 3746 delere
930 3708 1019 3746 ausus
1030 3707 1094 3746 siim
1107 3688 1159 3766 [ne
1171 3707 1248 3745 nunc
1260 3689 1325 3762 qui·

246 3776 322 3836 dom
346 3775 401 3830 etsi
424 3775 537 3831 aceedit.
555 3773 604 3851 B],
628 3775 765 3848 qnoniam
789 3774 956 3831 defenditur
979 3775 1170 3831 similitudine
1190 3773 1324 3843 eiusdem

247 3861 408 3935 particulae
431 3863 568 3916 etatnouii
588 3861 680 3915 verbo
703 3860 897 3933 praepositae,
921 3870 1062 3932 sequente
1085 3859 1245 3923 infinitivo,
1270 3878 1324 3933 pro

246 3946 422 4003 Cluentii:
436 3949 474 4002 eie
485 3949 586 4007 ctetnit.
595 3965 647 4019 per
659 3946 688 4001 C.
696 3945 852 4000 Fnbm'm'nm
866 3978 907 3987 —
920 3947 1033 4001 insidier
1045 3946 1147 4000 Habito
1157 3964 1324 4019 comparare,

246 4042 274 4086 et
298 4031 480 4106 pronominis
504 4033 551 4087 icoc
574 4030 676 4086 eodem
699 4031 787 4087 modo
809 4031 987 4087 abundantis
1009 4031 1038 4086 in
1059 4031 1144 4086 Verr.
1163 4031 1204 4095 ΙΙ,
1218 4032 1251 4085 9:
1275 4031 1324 4086 hoc

245 4127 403 4171 etutncrrmt.
427 4127 474 4172 (titt
496 4119 573 4172 istim
595 4119 708 4173 ininm'aa
727 4121 856 4190 perempti
871 4128 919 4171 nort
937 4149 976 4157 —
994 4118 1070 4172 retice
1092 4136 1158 4171 eone
1176 4118 1324 4189 relinquere

245 4204 413 4275 (utriumque
437 4202 604 4276 exemplum
628 4202 739 4276 sumpsi
762 4222 780 4257 a
804 4202 1031 4274 Wesenbergio.
1062 4201 1232 4258 Observntt.
1256 4200 1322 4260 crit.

245 4287 273 4342 in
304 4296 378 4344 orat.
411 4306 462 4362 pro
487 4287 598 4346 Sestio.
627 4287 754 4361 Viburgi
780 4288 869 4346 1837,
900 4306 927 4361 p.
951 4286 1019 4359 58),
1049 4286 1201 4360 multoque
1231 4285 1323 4361 inagis

245 4373 389 4446 porticulo
413 4376 450 4427 ito
474 4390 593 4447 prorsus
611 4372 713 4428 eodem
734 4373 818 4428 modo
836 4371 932 4446 posita
949 4371 978 4427 in
997 4370 1052 4426 hac
1069 4370 1134 4445 ipsa
1151 4371 1322 4427 delinitione

245 4459 333 4513 'sumt
357 4459 411 4515 IV.
441 4460 491 4512 13:
519 4477 602 4530 quarn
624 4461 661 4513 ito
685 4460 825 4530 definiunt.
855 4461 911 4514 m'nc
938 4461 1040 4514 ratione
1067 4460 1151 4512 antimi
1171 4460 1321 4524 elationem
