3030 5086
268 471 311 535 84
662 479 712 533 DE
734 487 866 536 FlNlBUS
888 488 960 536 BON-

272 662 359 720 teuta
385 661 495 736 posset
522 669 580 718 nec
605 649 672 719 nlla
698 674 774 737 pars
797 656 953 721 vacuitate
980 655 1098 722 doloris
1127 657 1195 723 sine
1216 656 1359 723 iucundo

273 763 360 821 motu
381 757 560 838 voluptatis.
605 755 658 821 Sin
687 765 791 822 autem
819 776 941 822 summa
962 758 1108 839 voluptas
1129 765 1192 840 est,
1219 768 1254 824 ut
1277 759 1357 841 Epi·

274 877 350 923 curo
377 859 494 940 placet,
527 857 603 924 nihil
633 860 754 936 dolere,
787 860 923 941 primum
952 859 1008 925 tibi
1034 866 1133 941 recta,
1167 860 1357 943 Chrysippe

274 977 455 1026 concessum
478 968 541 1040 est,
569 960 644 1025 nihil
667 961 849 1027 desiderare
870 979 1010 1038 manum,
1038 979 1108 1026 cum
1129 962 1175 1027 ita
1197 971 1283 1028 esset
1304 960 1357 1028 af·

234 1060 363 1140 blacta,
385 1063 555 1127 secundum
577 1082 639 1128 non
662 1069 755 1141 recte,
779 1064 805 1126 si
827 1063 974 1144 voluptas
995 1068 1081 1127 esset
1101 1062 1230 1142 bouum,
1253 1063 1357 1130 fuisse

272 1163 534 1229 desideraturam.
577 1165 698 1230 Idcirco
721 1164 802 1229 enim
825 1182 888 1230 uon
912 1164 1121 1244 desideraret,
1150 1165 1237 1246 quia,
1266 1165 1356 1248 quod

272 1265 381 1330 dolore
403 1275 498 1345 caret,
519 1266 550 1330 id
574 1266 605 1330 in
628 1266 789 1347 uoluptate
811 1272 867 1332 est
1271 1337 1275 1343 ,

230 1362 232 1367 ’
357 1368 426 1431 XII.
460 1368 511 1432 40.
545 1368 724 1433 Extremum
752 1375 857 1432 autem
880 1386 951 1434 esse
974 1367 1126 1433 bonorum
1149 1368 1353 1450 voluptatem,

272 1487 310 1533 ex
347 1468 407 1534 hoc
444 1467 588 1534 facillime
620 1469 755 1550 perspici
789 1476 909 1549 potest:
949 1469 1182 1535 Constituamus
1214 1469 1354 1552 aliquem

216 1574 255 1639 10
272 1572 409 1652 magnis,
443 1571 561 1649 multis,
594 1569 755 1652 perpetuis
783 1569 938 1636 fruentem
969 1577 1001 1636 et
1026 1571 1131 1635 animo
1158 1578 1191 1637 et
1217 1588 1354 1653 corpore

271 1672 498 1753 voluptatibus,
526 1672 610 1737 nullo
633 1671 742 1738 dolore
768 1689 826 1737 nec
846 1672 1035 1752 impediente
1055 1690 1113 1737 nec
1134 1672 1353 1753 impendente;

271 1792 362 1856 quem
385 1775 511 1839 tandem
534 1775 592 1839 hoc
614 1780 699 1839 statu
721 1773 988 1855 praestabiliorem
1011 1782 1068 1838 ant
1083 1774 1182 1856 magis
1200 1780 1352 1856 expeten-

271 1875 344 1939 dum
366 1875 523 1957 possimus
545 1876 669 1941 dicere?
710 1875 818 1940 Inesse
841 1876 922 1940 enim
945 1893 1073 1941 necesse
1094 1875 1194 1940 estin
1217 1893 1271 1956 ao,
1294 1875 1352 1958 qui

343 2052 362 2096 1,
384 2044 435 2110 [nec
453 2044 503 2094 nlla
519 2060 568 2110 par
587 2045 619 2111 Α]
642 2053 666 2094 nt
684 2043 734 2094 ulla
749 2046 846 2110 paral]
873 2044 924 2094 ullu
938 2045 998 2112 (om.
1017 2061 1059 2095 nec
1076 2055 1102 2094 et
1117 2047 1189 2111 pars)
1203 2046 1287 2106 ceteri,
1302 2045 1350 2097 Or.
1378 2047 1383 2058 ’

271 2121 293 2164 4.
313 2115 436 2177 affected]
473 2119 496 2162 5.
514 2113 640 2164 secundum
658 2114 682 2161 εἰ
697 2131 742 2161 non
761 2123 823 2162 recte
837 2112 916 2163 uolE
957 2118 992 2165 10.
1009 2113 1208 2178 pometarsqueL
1247 2118 1285 2167 ll,
1303 2130 1351 2164 mc

269 2181 370 2299 (ρξὶοτὲ
382 2183 451 2245 loco)
470 2184 552 2232 orml'l
571 2181 707 2247 impediente
726 2182 782 2245 (pro
801 2181 988 2257 stupendentella
1026 2186 1064 2231 la.
1081 2199 1207 2246 possumus
1224 2182 1348 2234 ELMOr.

270 2266 327 2314 qnia
1032 2290 1034 2295 .

349 2408 400 2446 nec
428 2391 483 2446 alla
506 2409 577 2465 pars
601 2391 733 2446 vacuitate
754 2388 869 2466 doloris)
894 2389 1085 2446 Postulebent
1115 2389 1191 2446 hanc
1218 2390 1348 2464 scriptu·

268 2492 345 2542 ram,
368 2492 386 2531 a
408 2475 464 2530 rh.
489 2474 623 2531 Bentleio
647 2484 677 2530 et
699 2474 822 2530 Davisio
843 2476 1012 2550 probatam,
1036 2474 1161 2549 vestigia
1182 2474 1212 2530 in
1235 2474 1300 2532 Pul.
1329 2477 1344 2531 l
1432 2509 1438 2518 ·

211 2550 213 2554 ⁸
269 2558 437 2627 maniiesta,
466 2559 495 2615 in
525 2559 585 2615 Eri.
608 2554 663 2638 [B]
691 2560 877 2628 obscuriora,
911 2560 940 2616 in
971 2559 1076 2615 ceteris
1104 2577 1197 2634 paene
1225 2558 1347 2617 oblitte-

268 2654 346 2712 rata3
376 2663 443 2699 nam
467 2644 495 2700 in
520 2642 566 2702 Ill.
592 2643 609 2699 2
633 2644 670 2700 ad
694 2644 853 2719 marginem
877 2643 1017 2720 scriptum
1042 2653 1119 2700 erat:
1147 2644 1205 2700 Alii
1230 2653 1260 2700 nt
1286 2645 1345 2701 nlla

263 2748 334 2803 pars
357 2732 501 2798 vacuitate3
534 2728 565 2784 in
589 2748 644 2803 mg.
669 2727 749 2787 Crat.
767 2728 804 2785 sd
828 2731 882 2786 nlla
905 2732 1036 2785 vocalitate
1058 2736 1229 2785 annotetur:
1260 2730 1345 2798 „idm

267 2813 334 2880 alii,
358 2824 386 2870 nt
409 2815 465 2870 ulle
483 2832 554 2888 pars
575 2816 743 2882 vacuitate“;
772 2814 840 2871 Bas.
863 2814 1005 2870 habebat:
1028 2823 1176 2887 possetne
1198 2815 1343 2888 nllapar·

266 2901 346 2954 vitate
373 2901 488 2966 dodorim
508 2898 670 2973 postulare
704 2898 791 2955 etiam
821 2898 968 2955 sententia
996 2908 1025 2954 et
1052 2897 1147 2954 oratio
1175 2897 1343 2958 videbatur.

267 2982 370 3057 Neque
394 2983 471 3040 euim
495 2983 573 3039 ullus
595 2983 642 3040 hic
670 2992 715 3040 ast
744 2984 901 3040 descensus
929 3002 1024 3057 neque
1052 2981 1088 3039 ad
1116 2983 1342 3057 praecedentem

266 3069 451 3143 negationem
474 3067 623 3125 adiunctio
646 3067 675 3124 in
700 3085 771 3124 voce
794 3087 898 3136 nunnus,
922 3060 955 3124 ut
976 3086 1023 3124 nec
1045 3085 1099 3143 pro
1121 3086 1153 3124 na
1176 3100 1214 3109 -
1233 3069 1344 3142 quidem

265 3153 358 3228 accipi
383 3153 432 3210 vix
456 3162 535 3209 recte
558 3152 666 3228 poseit3
689 3170 724 3208 ac
746 3152 770 3209 si
794 3153 897 3229 possit,
920 3171 978 3209 non
1002 3152 1070 3227 poni
1094 3151 1136 3209 ita
1158 3151 1343 3225 afficerem,

265 3237 398 3294 arincam
420 3238 451 3294 in
474 3256 600 3294 excursu
623 3237 660 3294 ad
682 3239 724 3306 Π,
739 3238 788 3295 25.
828 3238 875 3295 Ne
897 3240 953 3294 nlla
976 3240 1097 3295 vacuitas
1121 3236 1238 3310 qnidam
1261 3248 1343 3295 recte

265 3322 425 3383 dicebatur.
448 3341 513 3378 cum
538 3341 595 3379 una
618 3333 771 3379 essetnec
793 3341 901 3399 genere
923 3321 1063 3379 differret.
1096 3322 1202 3396 Itaque
1225 3319 1342 3380 Guliel-

266 3426 330 3465 mus
352 3410 399 3464 illa
421 3408 582 3476 scribebam
606 3416 636 3464 et
658 3407 701 3463 sic
724 3406 802 3465 Gud.
823 3408 840 3464 2
865 3406 930 3480 (cfr.
952 3426 1010 3483 mg.
1023 3406 1128 3480 Crat).
1173 3407 1217 3463 At
1238 3409 1342 3463 nnllam

261 3503 380 3568 partem,
414 3511 472 3548 uon
501 3492 602 3549 addito
630 3495 765 3567 corporis,
799 3492 886 3548 nimis
913 3492 1026 3548 infinite
1056 3490 1115 3548 dici
1148 3492 1339 3550 contendunt.

264 3578 409 3651 Equidem
432 3597 469 3633 ex
492 3596 536 3637 ao,
559 3577 638 3651 quod
661 3596 719 3633 una
741 3577 841 3650 aliqua
860 3577 991 3652 corporis
1008 3594 1086 3651 pars,
1109 3593 1223 3644 manus,
1246 3576 1341 3634 nomi·

263 3673 333 3718 nate
354 3672 447 3730 esset,
482 3662 553 3718 satis
581 3661 654 3718 illud
683 3661 778 3718 audiri
807 3661 938 3737 potuisse
966 3661 1068 3730 credo,
1103 3678 1280 3734 quamquam
1309 3661 1340 3718 in

264 3746 314 3803 lib.
337 3747 384 3816 ll,
412 3747 470 3802 113
494 3746 555 3806 Eri.
581 3745 626 3823 [et
649 3742 688 3824 B]
711 3750 832 3822 corporis
853 3746 882 3803 in
906 3746 995 3803 simili
1017 3745 1114 3803 forme
1136 3745 1341 3803 omittentibus

263 3832 436 3888 adversatur
459 3832 523 3889 Pal.
553 3834 577 3887 1.
623 3830 828 3908 [Desideraren
853 3832 940 3889 etiam
963 3831 1016 3888 illo
1039 3830 1151 3906 posito;
1181 3829 1290 3888 frustra
1313 3832 1339 3889 l.

264 3916 425 3973 Muellerus
448 3918 584 3973 desiderat
609 3917 697 3973 scribi
721 3914 810 3993 ruit]

348 4002 421 4077 Cap.
446 4001 519 4062 Xll.
544 4003 594 4059 40.
623 4002 768 4076 facillime)
791 4003 826 4060 In
850 4001 919 4058 edit.
945 4002 1090 4058 Venetam
1117 3999 1197 4056 1494
1219 3999 1341 4075 irrepsit

255 4089 342 4161 focile
359 4098 612 4163 propagatumque
630 4097 674 4143 cst
691 4087 728 4143 ad
745 4087 829 4145 alias.
864 4085 959 4142 Paulo
977 4087 1192 4160 postponimus
1210 4086 1342 4160 (praeter

262 4170 353 4246 PCR)
377 4172 464 4229 etiarn
488 4172 568 4231 Gud.
596 4175 609 4228 1
636 4180 665 4229 et
689 4173 721 4239 2,
747 4172 814 4229 Bas.
861 4170 942 4227 Ferri
967 4177 1072 4245 potest
1095 4177 1128 4226 ut
1149 4187 1216 4226 curu
1238 4170 1339 4227 condi·

262 4257 346 4313 cione
368 4256 573 4334 interrogetur.
609 4256 728 4334 [Itaque
751 4274 828 4312 nunc
850 4257 878 4312 A
902 4264 1020 4312 secutus
1042 4251 1185 4331 restitui]

348 4344 438 4398 Inieree
465 4346 532 4399 enim
560 4361 664 4400 necesse
691 4342 742 4412 est)
766 4340 878 4399 Similis
906 4341 1003 4415 imago
1026 4339 1168 4414 sapientis
1190 4337 1269 4395 beati
1288 4352 1340 4396 est

262 4428 339 4502 apud
363 4427 451 4503 Diog.
476 4429 574 4486 Laert.
597 4429 643 4494 X,
670 4427 728 4483 133
756 4426 786 4483 in
809 4424 929 4501 Epicuri
953 4444 997 4500 ep.
1022 4424 1059 4482 ad
1083 4426 1231 4482 Menoec:
1259 4413 1338 4480 Ἐπεὶ
