3030 5086
217 457 281 521 362
607 475 652 521 ou
673 473 805 521 uramus
828 474 899 520 sou.

218 643 410 720 videbantur,
427 661 509 723 quae
521 660 602 706 nuuc
613 642 803 707 consuetudo
815 641 964 705 diuturna
974 640 1072 719 trivit3
1090 640 1166 722 quid
1182 658 1298 707 censes

217 744 247 808 iu
275 744 389 808 Latino
416 742 505 807 fore?
554 742 743 807 Facillimum
771 744 802 807 id
831 743 955 824 qudem
983 751 1045 822 est,
1073 743 1209 824 mquam.
1260 734 1298 808 Si

292 903 297 943 Ι
331 896 403 944 tenur‘t
420 896 443 943 E
487 894 550 958 quod
568 896 589 942 E
643 900 665 944 2.
687 894 851 961 [somillimum
869 895 899 962 Α]
915 895 1075 959 sumendam?
1096 894 1244 946 Facillimum
1263 894 1297 945 M

208 962 363 1028 fatendum?
383 963 524 1014 Fatienduru
543 964 564 1014 C
582 963 726 1014 Faciendum
746 963 812 1013 LOr.

216 1103 264 1160 Ex
298 1102 343 1159 his
371 1102 522 1160 Manutius
551 1100 661 1159 effecit:
695 1121 792 1179 rerron
816 1107 923 1159 contiuo
956 1122 1085 1158 novorum
1118 1121 1186 1159 nouo
1218 1103 1296 1160 vide·

217 1189 315 1245 bantur
337 1188 380 1257 (in
403 1188 447 1244 ed.
474 1188 554 1244 1560
577 1189 755 1261 viderentur),
780 1187 933 1245 Ernestius
956 1190 1001 1260 (ut
1023 1197 1068 1244 est
1088 1188 1120 1245 in
1142 1187 1189 1247 ed.
1213 1188 1294 1247 Ven.

220 1274 314 1345 1480)
343 1277 448 1329 troanno
482 1292 548 1329 nouo
583 1283 637 1330 tum
667 1273 839 1344 uidebuntur,
873 1273 1039 1330 Victorius:
1072 1277 1178 1330 nantino
1210 1291 1296 1330 noua·

217 1359 328 1428 bantur,
357 1358 435 1432 quod
459 1357 589 1416 Orellius
611 1368 728 1415 secutus
751 1367 811 1428 est;
840 1357 887 1432 (de
910 1358 973 1414 cod.
998 1356 1099 1433 Steph.
1123 1357 1196 1414 nihil
1219 1358 1297 1431 est);

217 1444 275 1500 alia
298 1443 416 1512 omitt0;
446 1453 569 1518 apparet
598 1443 689 1508 enim,
718 1443 790 1499 haec
819 1442 917 1499 onmia
944 1442 974 1499 in
998 1443 1100 1499 iisdem
1124 1461 1189 1500 essa
1212 1441 1295 1499 vitiis

216 1529 300 1604 praui
336 1528 412 1585 modi
446 1538 475 1585 et
502 1528 652 1604 temporis.
703 1528 887 1602 Quamquam
922 1527 1000 1585 modi
1029 1527 1132 1585 vitium
1165 1536 1209 1584 est
1242 1526 1296 1601 qui

217 1625 382 1681 removeat,
413 1632 466 1688 pro
494 1632 553 1669 cum
581 1613 762 1670 substituens
790 1615 924 1687 quouiom.
970 1612 1005 1669 ld
1033 1632 1108 1670 rinus
1132 1611 1206 1669 vidit
1227 1611 1294 1669 Ma·

217 1698 327 1767 nutius,
351 1717 408 1754 non
431 1697 640 1756 hocCatonem
665 1698 770 1761 dicere,
794 1698 931 1771 quoniam
954 1698 1031 1773 apud
1051 1697 1184 1756 Graecos
1201 1696 1295 1754 verba

216 1802 294 1840 nova
317 1783 490 1857 reperienda
512 1781 635 1853 fuerint,
659 1783 833 1858 reperienda
855 1794 885 1840 et
906 1782 1041 1840 facienda
1063 1802 1127 1840 osse
1150 1782 1245 1839 etiam·
1262 1781 1294 1839 iu

218 1868 325 1926 Latino
358 1886 492 1924 sermone
526 1868 661 1940 (debebat
696 1868 773 1924 enirn
807 1868 880 1926 dici:
915 1870 983 1942 quid
1014 1887 1104 1925 censes
1136 1871 1164 1925 in
1191 1869 1295 1924 Latino

211 1954 412 2029 sociandum
428 1954 536 2026 J'oret),
567 1954 618 2010 sed
642 1954 710 2021 hoc,
740 1952 879 2027 quoniam
902 1953 974 2028 ipsis
997 1952 1123 2012 Graecis
1145 1953 1218 2010 haec
1239 1970 1294 2010 no·

217 2039 297 2095 urina
319 2037 393 2094 dura
415 2047 444 2093 et
467 2037 517 2093 vix
540 2037 660 2095 ferenda
679 2038 741 2094 visa
765 2037 832 2108 sint,
858 2039 948 2095 multo
971 2039 1001 2095 id
1025 2038 1117 2115 magis
1137 2039 1167 2095 in
1184 2037 1294 2095 Latino

217 2142 352 2181 sermone
374 2121 514 2180 futurum.
559 2123 593 2179 Id
623 2123 709 2179 etiarn
740 2141 804 2179 eunt
834 2141 871 2178 ex
896 2123 1008 2180 verbis:
1036 2144 1106 2198 qliae
1132 2142 1202 2180 rrurrc
1231 2141 1293 2180 con·

217 2210 327 2266 suetudo
359 2210 488 2264 diuturno
521 2212 593 2265 trivit
626 2207 812 2282 perspicuum
842 2208 888 2265 fit.
922 2218 984 2265 turn
1018 2229 1033 2265 e
1063 2208 1197 2284 proxima
1225 2225 1294 2264 sen-

172 2346 178 2361 ,
218 2294 325 2359 tentia,
360 2294 409 2349 ubi
439 2293 543 2351 Cicero
577 2291 747 2349 facillimam
782 2292 811 2348 id
841 2293 984 2349 rationem
1013 2294 1180 2351 lntlriturunt
1210 2292 1292 2350 dicit.

218 2377 277 2437 Sed
299 2377 423 2434 Manutii
446 2378 591 2452 scriptura
614 2389 731 2452 praeter
754 2395 788 2432 ea
811 2378 1005 2448 incommoda,
1029 2397 1105 2452 quae
1127 2377 1199 2447 dixi,
1223 2385 1252 2433 et
1276 2395 1295 2433 a

217 2463 302 2520 libris
324 2463 448 2519 discedit
477 2480 530 2518 nec
553 2462 625 2518 satis
647 2462 692 2526 id,
721 2463 798 2536 quod
828 2463 891 2538 ipse
915 2464 991 2531 vult,
1021 2463 1175 2540 exprimit-;
1204 2461 1294 2518 nimie

217 2558 263 2605 est
290 2547 366 2603 euim
397 2548 460 2603 lene
494 2547 566 2603 illud
600 2566 667 2603 uoco
695 2548 862 2606 uidebuntur.
913 2548 1058 2622 Equidem
1092 2566 1150 2604 non
1178 2546 1293 2618 dubito,

217 2633 286 2708 quin
311 2633 401 2688 verba
429 2633 542 2706 aliquot
564 2632 742 2701 exciderint,
771 2641 800 2688 et
828 2635 900 2690 haec
927 2633 989 2690 fere
1012 2633 1102 2691 fuerit
1128 2651 1199 2690 vera
1226 2649 1293 2689 ora·

216 2718 306 2775 tionis
328 2717 437 2774 forma:
470 2717 541 2774 Nom
569 2737 628 2774 cum
656 2720 683 2774 iu
709 2717 814 2775 Graeco
840 2737 958 2775 sermone
986 2720 1051 2776 boec
1072 2722 1133 2793 ipso
1155 2718 1293 2792 quemdum

216 2823 305 2860 rerunt
334 2805 438 2858 notru'nu
466 2822 594 2859 nouorum
622 2822 706 2858 nouo
734 2813 847 2874 eraut,
869 2805 1020 2876 serendo
1048 2824 1098 2860 uon
1122 2803 1291 2872 videbantur,

217 2908 287 2964 quoe
308 2908 378 2944 narro
400 2889 560 2944 cousuetudo
582 2889 710 2944 diuturno
734 2891 805 2944 trinit
811 2912 821 2954 ,·
849 2891 918 2963 quid
939 2908 1028 2945 censes
1050 2898 1114 2956 cet,
1137 2898 1170 2944 ut
1192 2887 1293 2963 priora

216 2973 351 3031 absolute
374 2985 530 3048 ponuntur,
555 2981 615 3028 tum
635 2973 792 3029 adiciatur:
816 2975 884 3047 quid
905 2982 1014 3030 censeat
1035 2972 1292 3048 quemadmodum,

217 3059 241 3115 si
265 3058 408 3133 exemplis
431 3077 505 3133 opus
528 3066 582 3123 est,
605 3057 642 3114 ad
666 3057 757 3114 Attic.
780 3058 821 3128 X,
848 3061 895 3128 11,
920 3062 948 3126 4,
970 3059 1048 3133 apud
1072 3059 1176 3115 Horat.
1187 3057 1243 3131 Ep.
1266 3056 1293 3126 Ι,
1353 3092 1355 3096 -

219 3146 252 3213 6,
277 3146 304 3199 5.
348 3142 488 3220 [Attendi
512 3142 614 3207 velim,
644 3143 673 3198 in
703 3143 763 3199 Eri.
791 3152 821 3199 et
849 3144 874 3200 B
902 3143 996 3200 omitti
1025 3163 1114 3200 rernm
1143 3141 1293 3216 scribique

216 3239 358 3297 vocoraut;
387 3246 504 3294 vereor,
533 3246 569 3283 ne
596 3227 627 3283 iu
654 3228 748 3284 altera
776 3228 868 3303 stirpe
895 3229 1027 3286 codicum
1052 3228 1204 3286 meliorum
1226 3227 1293 3300 (A),

217 3331 282 3370 cum
300 3332 428 3370 uovorum
445 3313 554 3370 factum
573 3321 660 3382 esset,
683 3312 813 3369 additum
832 3313 871 3370 sit
886 3333 986 3377 roura.
1002 3332 1021 3370 a
1033 3314 1175 3373 Cicerone
1192 3324 1292 3369 autem

216 3397 320 3457 fuerit:
342 3418 402 3455 cnm
421 3431 455 3440 -
477 3399 542 3455 llaec
559 3400 619 3473 ipso
637 3399 772 3472 quondam
790 3401 896 3456 uomina
912 3419 981 3456 novo
1003 3410 1088 3469 crant,
1104 3399 1223 3474 ferendo
1240 3416 1293 3455 non

215 3486 374 3542 videbuntur
396 3493 457 3551 aut,
480 3503 530 3540 nort
553 3482 679 3551 sublato,
702 3502 770 3540 nouo
792 3494 876 3552 erunt,
899 3483 1080 3561 ridebantur]

303 3569 475 3625 Facillimum
497 3570 526 3625 id
547 3569 655 3642 quidem
678 3566 729 3642 est)
753 3567 802 3626 Sic
825 3568 913 3625 etiarn
937 3588 993 3645 mg.
1006 3570 1087 3629 Crat.
1099 3563 1153 3648 [B]
1176 3576 1206 3625 et
1228 3565 1292 3624 sine

216 3654 306 3712 dubio
329 3653 470 3727 quidquid
493 3662 538 3710 est
561 3653 713 3709 meliorum
736 3653 832 3718 codd„
855 3663 943 3728 atque
966 3655 1008 3712 sic
1029 3653 1092 3712 fere
1114 3662 1183 3710 aute
1200 3650 1293 3709 Davi·

216 3741 291 3798 sium
315 3739 457 3795 edebatur
479 3739 579 3811 (etiam
603 3739 711 3804 Mars,
735 3739 839 3812 vicu).
884 3739 1037 3797 Librarius
1060 3739 1167 3813 aliquis
1188 3737 1219 3794 id
1242 3736 1294 3793 de-

215 3824 367 3894 sidet-avit,
391 3824 469 3898 quod
491 3823 643 3898 superiore
666 3832 736 3879 nota
759 3825 1000 3894 commemorari3
1024 3825 1123 3898 itaque
1141 3823 1171 3881 in
1188 3820 1292 3880 Pani

216 3920 246 3968 et
269 3909 345 3967 Ball.
368 3912 418 3980 (ψ)
443 3919 471 3965 et
499 3928 557 3965 uno
587 3918 614 3964 et
643 3908 736 3965 altero
765 3907 833 3966 Gaii
843 3951 850 3979 ,
880 3920 912 3966 ut
940 3910 969 3966 in
994 3911 1035 3981 M,
1063 3909 1203 3984 scriptum
1232 3916 1293 3963 est:

209 4000 273 4071 soro
289 3994 469 4068 jaciendum!
495 3994 681 4062 Focillr'rnam3
708 3993 734 4050 is
761 4012 843 4050 error
870 3995 1034 4069 proximam
1059 4012 1159 4052 vocem
1189 3990 1293 4049 simili·

216 4081 317 4139 tudine
346 4079 491 4154 corrupit,
525 4087 558 4136 ut
585 4079 614 4135 in
639 4077 715 4136 CCC
743 4088 771 4136 et
795 4079 891 4136 Mead.
920 4090 949 4137 et
977 4080 1035 4139 Ox.
1058 4097 1076 4154 χ
1104 4078 1292 4148 scriberetur,

216 4164 460 4241 quemadmodum
489 4164 518 4220 iu
547 4164 586 4223 C:
607 4165 786 4237 sociandum?
819 4165 986 4223 Faciendum
1013 4167 1043 4221 id
1070 4172 1125 4221 cet.
1176 4161 1293 4219 Deinde

216 4251 344 4309 deletum
373 4250 498 4306 alterum
520 4251 676 4323 J'uciendum
705 4248 735 4305 in
764 4249 848 4306 codd.
878 4249 1163 4329 interpolatissimis,
1191 4247 1238 4304 El.
1265 4249 1291 4316 1,

216 4337 283 4394 Bas.
308 4336 409 4409 (etiarn
429 4329 480 4403 Εξ,
503 4335 528 4391 si
551 4335 586 4392 de
610 4330 625 4402 ξ
648 4332 877 4403 oxoniensibus,
900 4354 958 4392 non
972 4335 1095 4393 Davisio
1119 4333 1293 4406 credimus);

215 4431 303 4496 atque
331 4421 407 4478 hanc
439 4420 614 4495 scripturam
647 4418 716 4476 iude
744 4439 762 4476 a
790 4420 914 4478 Davisio
947 4421 1041 4479 secuti
1069 4429 1161 4478 eraut.
1205 4417 1292 4488 Mire,
