3030 5086
314 462 376 526 326
704 479 749 525 ua
771 478 903 524 rrnrnns
926 477 997 523 aon.

309 653 385 727 reat,
408 647 492 710 aliud
509 647 658 727 quiddam
675 646 713 710 iis
731 645 937 726 propositum
956 665 1017 709 uon
1035 645 1250 726 voluptatem?
1272 645 1389 726 partim

308 767 404 812 cursu
424 756 456 812 ct
472 749 691 829 peragratione
710 749 881 825 laetantum
905 746 1146 827 congregatione
1168 747 1248 813 aliae
1267 756 1388 811 coetum

381 956 400 1000 l.
420 949 538 1014 quoddam
553 950 603 1004 Mc
638 950 690 1002 r'sC
707 950 744 999 tis
755 951 802 1000 ER
836 958 940 998 turturea
958 960 980 999 et
997 952 1054 1014 (pro
1070 949 1168 1013 partim)
1184 949 1281 998 LPMB
1299 949 1389 999 cicures

308 1017 368 1067 erc
405 1023 427 1068 9.
446 1027 468 1067 et
486 1019 568 1068 omli
601 1018 795 1084 peregrinatione
813 1015 978 1070 urucam.
1014 1017 1098 1067 eliac
1128 1016 1209 1083 [cetam
1229 1015 1259 1084 Α]
1280 1017 1388 1067 rerumC

306 1189 457 1269 duplatam),
480 1191 606 1248 subiecit
628 1192 724 1266 primo
748 1191 878 1248 membro
895 1189 1064 1265 partitionis
1083 1192 1199 1265 (purtim
1220 1191 1388 1263 indulgenter

305 1278 347 1334 vel
368 1295 427 1333 curn
449 1278 547 1345 labore,
571 1287 600 1333 ut
622 1282 699 1350 cet).
735 1276 858 1334 Poterat
880 1276 935 1333 hoc
958 1275 1058 1349 aliquo
1080 1275 1166 1332 modo
1184 1273 1306 1346 differri,
1330 1276 1387 1332 etsi

306 1370 374 1437 post
395 1361 467 1419 illud
490 1365 573 1419 mzrltu
588 1363 699 1435 sacr'rnu
720 1362 948 1436 expectabatur,
977 1362 1029 1418 sed
1056 1360 1151 1436 primo
1180 1360 1321 1421 membro·
1341 1378 1387 1418 se·

306 1446 432 1522 paratim
455 1465 513 1504 non
537 1457 616 1504 recte
639 1447 791 1517 subicitur,
815 1447 921 1503 ceteris
939 1446 1077 1503 membris
1095 1464 1153 1502 non
1174 1445 1277 1502 eodem
1300 1445 1388 1502 modo

305 1530 506 1588 conformatis.
540 1533 617 1589 Nam
635 1532 665 1588 in
683 1532 778 1607 primo
795 1531 936 1599 membro,
955 1531 1052 1605 posito
1066 1530 1207 1586 adverbio
1220 1532 1389 1602 indulgenter

306 1624 335 1672 et
347 1617 568 1674 accommodato
580 1617 617 1673 ad
629 1617 766 1693 generale
779 1616 900 1673 verbum
909 1619 1027 1690 saciant,
1046 1615 1151 1674 Cicero
1169 1614 1281 1672 directo
1299 1615 1388 1672 unius

306 1701 425 1758 virtutis
437 1702 658 1759 similitudinem
670 1703 701 1758 in
714 1702 872 1758 bestiarum
886 1701 1001 1757 actione
1013 1699 1199 1776 significavit,
1213 1718 1276 1756 eam
1289 1711 1387 1757 autem

277 1804 279 1808 ⁴
306 1785 431 1843 aetionis
454 1805 553 1843 earum
577 1797 705 1862 partem,
728 1786 758 1843 in
783 1804 841 1860 qua
862 1786 1046 1861 indulgentia
1068 1794 1240 1860 appareret,
1269 1785 1299 1840 in
1323 1803 1387 1842 sen·

307 1872 400 1929 tentia
428 1872 561 1928 subiecta
588 1872 672 1946 quasi
702 1871 829 1946 exempli
859 1871 924 1927 loco
954 1871 1051 1947 posuit
1075 1872 1116 1943 (ut
1137 1873 1164 1926 in
1184 1872 1331 1943 gignendo,
1361 1874 1388 1926 iu

306 1957 445 2013 educoudo
467 1963 626 2032 appareat);
650 1958 679 2012 in
703 1956 847 2030 proximis
869 1957 911 2011 ita
933 1955 1027 2030 ipsam
1046 1955 1189 2011 actionem
1209 1955 1387 2030 specialibus

307 2041 405 2099 verbis
428 2041 584 2109 describit,
608 2053 640 2098 ut
663 2059 720 2098 nou
744 2041 843 2098 statim
867 2051 1023 2116 appareat,
1052 2040 1155 2097 saltem
1180 2058 1236 2096 non
1261 2040 1386 2110 dicatur,

307 2144 382 2201 qnae
405 2127 444 2183 sit
466 2127 496 2183 in
519 2145 554 2183 ea
571 2126 665 2183 virtus
684 2126 838 2183 virtutisne
861 2126 1023 2183 similitudo
1043 2128 1158 2200 (partim
1180 2144 1262 2182 curan
1281 2136 1305 2183 et
1323 2145 1388 2201 per·

306 2215 445 2284 aprutinae
467 2214 601 2268 lactantur
623 2214 700 2285 cet).
745 2210 940 2270 Offenderunt
963 2211 1035 2267 haec
1059 2210 1186 2266 editores
1209 2210 1332 2285 aliquot,
1360 2221 1389 2267 et

307 2296 427 2364 merito;
445 2299 525 2369 (nam
538 2295 632 2356 Gaius
648 2306 678 2353 et
690 2295 761 2355 Otto
776 2297 842 2352 ideo
860 2296 960 2353 omnia
977 2296 1128 2370 praeclare
1145 2295 1254 2351 babere
1274 2305 1388 2370 putant,

219 2382 221 2387 ’
306 2382 386 2455 quod
408 2382 445 2438 ad
468 2381 671 2438 difficultatem
695 2380 923 2457 intellegendam
946 2384 1091 2456 torpent);
1114 2381 1261 2456 corrigere
1280 2381 1389 2437 iniuria

307 2467 405 2523 conati
423 2478 501 2536 sunt,
520 2485 638 2523 naeres
656 2467 815 2542 processit3
835 2485 902 2523 nam
915 2466 992 2542 parti
1010 2466 1187 2523 incommodi
1199 2466 1388 2536 subveniunt,

306 2560 420 2627 partem
444 2552 616 2626 relinquunt
636 2561 687 2608 aut
710 2561 833 2627 augent,
862 2562 895 2609 ut
917 2552 1058 2609 Pearcius
1086 2561 1116 2606 et
1138 2550 1308 2621 Ernestius,
1338 2551 1388 2625 qui

307 2636 397 2692 scribi
411 2637 527 2693 volunt:
547 2639 649 2712 purtim
667 2638 803 2710 indulgent
825 2638 912 2706 labori
932 2640 958 2692 iu
973 2637 1113 2710 qiqneudo,
1137 2639 1164 2691 in
1187 2637 1335 2704 educando,
1359 2646 1388 2692 ut

303 2723 436 2796 persuade
453 2733 510 2779 cat.
545 2722 726 2778 Violentiam
747 2722 938 2779 correctionis
955 2722 1073 2789 omitto;
1096 2720 1169 2777 illud
1187 2721 1285 2789 etiam,
1309 2720 1388 2796 quod

308 2808 446 2880 indulgere
468 2808 556 2864 laborr'
576 2808 690 2882 poetice
713 2806 821 2863 dicitur
843 2817 872 2862 et
894 2806 953 2863 alio
975 2807 1157 2883 significum
1180 2806 1231 2862 sed
1255 2806 1295 2876 hi,
1319 2806 1387 2863 dum

308 2891 338 2949 in
355 2892 451 2967 primo
470 2894 601 2952 membro
619 2893 713 2968 ipsam
731 2891 875 2949 actionem
889 2892 990 2949 eodem
1005 2892 1091 2949 modo
1102 2891 1262 2967 significari
1275 2892 1388 2961 volunt,

308 2994 367 3050 quo
390 2977 420 3033 in
443 2977 602 3052 proximis,
626 2995 746 3052 prorsus
768 2977 954 3034 intolerabile
977 2976 1110 3035 efficiunt
1132 2976 1220 3046 illud,
1243 2977 1321 3050 quod
1344 2976 1388 3033 sic

307 3060 396 3137 plane
425 3062 585 3136 separatim
609 3062 730 3119 dicitur:
764 3063 845 3136 quid,
873 3065 899 3119 ai
924 3067 1002 3119 etr'om
1031 3064 1128 3119 besuae
1156 3064 1239 3118 turrito
1259 3065 1388 3135 socium?

308 3146 424 3203 Deinde
453 3166 510 3203 non
542 3147 649 3204 tollunt
671 3147 910 3222 inaequalitatem
935 3166 1014 3217 eam,
1049 3165 1124 3222 quae
1153 3166 1189 3203 ex
1219 3165 1254 3203 eo
1282 3147 1386 3216 oritur,

308 3231 387 3304 quod
410 3232 505 3307 primo
528 3229 659 3289 membro
678 3233 846 3290 adiciuntur
863 3233 929 3289 illa:
953 3243 982 3289 ut
994 3234 1127 3308 perfacile
1146 3242 1201 3291 cet.
1237 3231 1312 3289 Mihi
1330 3230 1387 3307 ipsi

307 3315 477 3390 aliquando,
502 3335 567 3373 cum
585 3318 713 3375 nondum
733 3318 805 3374 satis
822 3317 1028 3393 perspicerem.
1052 3328 1123 3391 quot
1139 3316 1307 3374 festinantia
1326 3316 1387 3373 stili

308 3399 417 3457 indicia
438 3401 468 3458 hi
492 3402 560 3458 libri
583 3402 740 3467 haberent,
768 3402 798 3459 in
827 3414 953 3459 mentem
978 3413 1113 3460 venerat:
1147 3401 1234 3471 Quid,
1263 3405 1288 3459 si
1308 3405 1387 3459 etium

307 3486 406 3543 bestiae
427 3490 510 3543 multu
522 3491 631 3561 fuciunt
651 3520 690 3530 -
705 3490 802 3563 partui
822 3489 987 3561 indulpeutes
1009 3491 1050 3544 cel
1071 3507 1129 3545 cum
1153 3488 1243 3544 labore
1265 3495 1330 3557 cet,
1354 3497 1388 3542 ut

308 3570 364 3628 hoc
386 3571 422 3628 de
444 3572 628 3647 indulgentia
650 3592 720 3649 erga
742 3582 859 3648 partum
877 3573 1096 3649 (intellegebam
1120 3573 1208 3646 enim,
1230 3581 1387 3646 quaenam

307 3659 406 3730 maeret)
433 3657 627 3715 communiter
655 3658 692 3715 de
720 3658 856 3715 omnibus
884 3659 1045 3727 diceretur,
1079 3658 1184 3714 deinde
1212 3658 1387 3733 separatim:

303 3745 407 3816 partim
432 3776 467 3784 -
494 3745 572 3800 elice.
616 3743 704 3800 Nunc
733 3755 762 3799 et
790 3743 850 3800 alia
871 3743 901 3800 in
924 3743 980 3799 hoc
1003 3754 1109 3800 conatu
1132 3742 1267 3817 improbo
1291 3752 1320 3798 et
1343 3742 1387 3798 in·

308 3826 426 3902 tellego,
450 3828 492 3883 sic
514 3828 579 3884 tolli
602 3829 740 3903 generale
758 3829 911 3885 exordium
935 3829 1098 3885 sententiae
1121 3829 1156 3884 de
1176 3828 1314 3884 universa
1337 3826 1387 3883 be-

307 3911 429 3968 stiarum
453 3913 580 3971 actione.
615 3913 820 3973 commemoro
843 3925 950 3980 tamen,
974 3932 1010 3970 ne
1033 3914 1084 3970 alii
1107 3912 1214 3969 similia
1234 3923 1387 3986 quaerant.

388 4003 492 4072 partim
514 4000 610 4073 cursu)
633 3999 684 4057 Sic
702 4008 819 4073 praeter
831 3999 891 4055 Erl.
909 3999 997 4055 etiam
1016 3999 1081 4055 Pal.
1098 4004 1122 4056 1.
1141 3999 1220 4073 Spir.
1240 3996 1304 4075 [B],
1328 4015 1386 4074 mg.

307 4080 398 4143 Crat,
411 4083 475 4143 cod.
489 4083 574 4152 Mor,
587 4083 652 4140 edd.
664 4084 732 4140 inde
744 4102 762 4139 a
774 4082 937 4141 Gronorio.
968 4085 1139 4142 Deteriores
1157 4084 1282 4140 aliorum
1294 4083 1385 4140 inter-

307 4166 399 4240 polati
414 4178 445 4224 ut
457 4169 565 4236 nostri;
583 4180 700 4226 turtures
712 4179 745 4237 et,
764 4179 795 4224 ut
812 4167 874 4225 fere
887 4179 974 4225 antea
986 4170 1136 4238 edebatur,
1152 4169 1227 4225 Pall.
1240 4184 1309 4237 tres,
1328 4167 1386 4227 Ox.

308 4251 336 4308 U
347 4248 403 4323 (Εξ
420 4263 444 4308 et
463 4256 602 4327 turtures),
625 4258 727 4312 cicures
749 4265 773 4310 et
795 4254 854 4310 duo
871 4254 959 4322 Pall,
981 4268 1036 4328 χψ.
1081 4255 1159 4311 Dav.
1181 4264 1268 4323 tacet,
1292 4253 1386 4312 Gzius

307 4335 408 4393 eadem
421 4338 450 4393 in
463 4339 524 4396 suis
536 4338 627 4397 fuisse
640 4340 719 4397 dicit.
742 4339 859 4397 Deinde
866 4345 1058 4415 peragratione
1070 4351 1132 4397 erat
1144 4339 1232 4397 etiam
1246 4341 1275 4396 in
1289 4336 1329 4418 [B
1342 4335 1386 4417 et]
