3030 5086
335 468 395 532 758
723 488 768 532 nu
791 487 922 534 rrnraus
944 488 1017 534 uon.

333 653 406 733 quin
430 663 460 717 et
483 652 579 718 Stoici
601 655 815 719 convenientia
844 655 903 719 sibi
932 656 1039 719 dicant
1059 664 1091 719 et
1112 674 1169 719 vos
1192 650 1428 735 repugnantia

334 755 543 835 Theophrasti
560 756 663 832 igitur,
682 758 790 837 iuquit,
807 756 864 820 tibi
880 756 958 821 libor
974 757 1025 821 illc
1042 757 1145 837 placet
1160 758 1200 821 de
1217 755 1321 820 beata
1333 752 1428 817 vita?

333 856 450 920 Tamen
474 858 657 923 aberramus
680 878 700 922 a
721 859 899 939 proposito,
923 866 954 923 et
976 878 1016 923 ne
1037 859 1173 939 longius,
1196 874 1350 939 prorsuS,
1375 854 1426 919 in·

333 976 441 1038 quarn,
469 959 557 1038 Piso,
587 961 612 1024 si
640 961 700 1024 ista
723 960 805 1024 rnala
827 968 913 1039 sunt,
943 961 1053 1041 placet.
1098 962 1148 1025 86.
1172 960 1288 1024 Nonne
1311 956 1425 1037 igitur,

293 1059 445 1139 hinnuli,
474 1061 530 1125 tibi
554 1063 699 1126 videntur
722 1063 825 1126 nrala?
869 1063 906 1125 Id
934 1062 1073 1142 quaeris,
1101 1065 1244 1143 inquam,
1273 1059 1308 1124 in
1341 1076 1425 1140 quo,

331 1170 436 1225 utrurn
476 1164 682 1243 respondero,
727 1182 834 1229 versos
873 1174 903 1228 te
942 1163 1002 1227 huo
1040 1172 1134 1244 atque
1170 1162 1244 1227 illuc
1284 1176 1427 1226 necesso

331 1272 388 1327 est.
434 1268 503 1343 Quo
531 1267 656 1329 tandein
679 1266 793 1329 ruodo?
821 1265 928 1346 inquit.
974 1267 1068 1344 Quia,
1096 1268 1122 1330 si
1145 1264 1229 1328 mala
1252 1272 1349 1339 scint,
1380 1261 1425 1341 ia,

331 1364 383 1444 qui
412 1366 602 1443 cutinus,
633 1368 742 1432 heatus
770 1386 830 1430 non
854 1367 927 1443 erit;
961 1366 987 1430 si
1017 1366 1098 1430 rnala
1126 1384 1187 1430 uon
1211 1371 1302 1443 sunt,
1337 1364 1427 1428 iacet

331 1467 431 1530 onrnis
455 1468 534 1531 ratio
558 1469 844 1548 Peripateticorum.
889 1468 929 1531 Et
951 1468 1002 1532 ille
1024 1469 1143 1533 ridens:
1167 1467 1280 1543 Video,
1301 1464 1429 1547 inquit,

274 1572 316 1635 lo
332 1569 406 1649 quid
419 1587 509 1649 agea
532 1589 571 1633 no
588 1569 772 1650 discipulum
789 1570 952 1647 abducant,
975 1570 1074 1634 titnea.
1109 1570 1157 1633 'l'u
1170 1588 1255 1646 vero,
1273 1568 1428 1648 inquam,

333 1671 429 1734 ducas
452 1671 535 1750 licet,
566 1673 593 1735 si
616 1682 776 1752 sequetur3
807 1672 867 1735 erit
894 1672 975 1735 enirn
1000 1690 1131 1749 tuocum,
1160 1671 1186 1735 si
1210 1680 1317 1735 tecum
1351 1667 1427 1733 erit

418 1772 531 1835 XXIX.
555 1772 638 1836 noui
650 1774 753 1852 igitur,
771 1774 878 1853 inquit„
897 1773 986 1851 liuci3
1010 1784 1110 1837 tecum
1128 1773 1210 1836 onim
1227 1770 1306 1835 mihi
1325 1769 1427 1834 inati-

332 1874 448 1936 tuentla
476 1875 576 1937 oratio
604 1885 661 1938 est.
706 1874 814 1940 Ouinia
842 1874 1013 1939 auctoritas
1041 1871 1272 1955 philosophiae,
1307 1880 1351 1936 ut
1380 1870 1432 1936 ait

405 2116 424 2162 l.
443 2128 485 2159 noa
500 2112 588 2161 Euro
616 2112 852 2175 ³.rlepr‹›1›nar'toP
878 2111 1053 2175 eritprnetlb
1081 2118 1103 2159 4.
1119 2126 1194 2159 norme
1213 2108 1292 2173 inquii
1311 2108 1430 2173 r'qriurss

331 2177 418 2229 Nonne
441 2179 511 2243 ἐρίων
533 2179 576 2228 tihi
598 2180 716 2233 urilerrtnr.
744 2180 830 2243 inquii,
857 2180 921 2228 inula
947 2180 1078 2229 lrl'CliOr.
1132 2184 1156 2229 5.
1175 2177 1201 2227 t'd
1218 2194 1328 2241 quaem
1352 2176 1430 2225 ELR

332 2248 401 2310 idque
419 2248 486 2297 reol'
522 2247 591 2310 idque
608 2249 674 2296 hereo
685 2249 705 2297 (1
742 2256 765 2299 ti.
784 2257 858 2298 utrum
877 2248 1020 2312 respondebo
1032 2247 1119 2297 lrl’cil
1137 2245 1285 2309 respondebo
1303 2244 1428 2295 utrumE

333 2319 356 2366 t.
375 2325 409 2363 est
427 2332 476 2366 ont.
496 2316 515 2362 P
557 2321 578 2364 8.
600 2316 622 2363 in
641 2317 677 2365 his
696 2317 803 2367 LPCllr.
841 2316 911 2365 diurn
930 2322 986 2380 (pro
1005 2316 1086 2379 priore
1104 2315 1158 2377 erit)
1178 2314 1199 2361 P
1241 2321 1277 2362 il.
1297 2322 1430 2377 sequatur

333 2384 465 2434 LPCllOr.
522 2392 556 2435 tn.
577 2384 638 2434 l'oat
656 2387 714 2433 eninr
734 2388 792 2433 odil.
810 2394 836 2434 nt
854 2384 888 2433 ait
911 2384 1087 2448 Theophrastus
1105 2397 1199 2438 omnen,
1219 2384 1265 2432 Or.
1325 2388 1370 2433 18.
1389 2390 1429 2431 a!

332 2453 408 2501 oratio
429 2453 448 2500 L
492 2452 572 2502 Ouinio
591 2482 623 2490 —
642 2453 805 2517 cornpnrando
824 2454 921 2502 Nonius
940 2469 963 2518 p.
975 2457 1024 2500 256
1059 2461 1085 2500 nt
1101 2450 1136 2499 ait
1161 2448 1348 2512 Theophrastus
1370 2465 1425 2501 om.

332 2520 398 2571 Nou.
417 2532 442 2569 ct
460 2538 554 2575 omncs,
574 2521 616 2570 (lr.

419 2729 468 2785 86.
494 2728 588 2783 Nonne
610 2732 699 2800 ipiirrn
723 2733 822 2803 inquil.
846 2730 894 2784 tihi
915 2730 1039 2784 videnlur·
1062 2722 1167 2802 rachil)
1191 2726 1283 2799 [nquit
1300 2725 1333 2781 in
1356 2724 1423 2781 Eri.

333 2813 484 2887 transponi
509 2812 601 2871 Gzius
624 2824 762 2875 annotat,
786 2814 821 2869 de
845 2814 921 2888 Spin.
946 2822 1038 2879 tacet,
1062 2823 1090 2867 ut
1115 2810 1144 2866 in
1169 2829 1203 2866 ao
1226 2809 1328 2867 locum
1356 2828 1422 2866 sor·

332 2916 418 2953 rasae
442 2898 591 2961 ridentum
620 2894 684 2976 [scd
714 2910 745 2954 ut
769 2899 829 2954 nrt.
852 2893 907 2976 B;]
938 2896 1017 2955 Gud.
1042 2898 1074 2952 2:
1103 2914 1188 2951 rronne
1214 2897 1298 2968 ἐρέτην
1327 2896 1423 2969 inquit

332 2996 399 3040 cet..
423 2994 450 3038 et
475 2984 549 3039 solet
572 2987 657 3056 inquil
680 2983 721 3039 ita
743 2983 917 3058 particulam
941 2981 1138 3039 conclusionis
1163 2990 1213 3036 aut
1235 2997 1350 3036 causae
1376 2979 1422 3036 in·

294 3090 299 3097 ·
333 3068 426 3124 diconr
445 3069 528 3140 sequi
541 3070 568 3138 (ξ
583 3069 632 3134 69,
647 3070 696 3125 it.
711 3069 881 3131 trebiani,
896 3070 950 3134 863
973 3087 1025 3124 non
1044 3070 1120 3133 eninr,
1143 3069 1254 3139 inquam
1267 3064 1340 3137 83);
1366 3064 1421 3123 ubi

333 3152 362 3208 in
387 3153 491 3209 celeria
521 3153 671 3208 codicibus
699 3165 729 3208 et
756 3154 820 3209 edd.
849 3154 983 3227 ponitur.
1012 3170 1068 3207 non
1098 3151 1175 3207 eatis·
1197 3160 1267 3224 opto
1294 3150 1420 3207 interici

334 3238 449 3293 ridetur
467 3249 494 3292 ot
512 3256 600 3293 unuin
621 3239 795 3294 vocobulum
814 3242 886 3294 naulo
904 3238 991 3294 nirnia
1008 3256 1026 3292 a
1037 3236 1142 3292 cetaria
1154 3234 1266 3291 divelli.
1296 3234 1420 3292 Deinde

332 3326 442 3396 quoeris
469 3333 548 3377 recto
571 3323 701 3379 Orellins
729 3342 794 3379 curn
819 3324 898 3379 Man.
928 3332 956 3378 et
980 3322 1098 3386 Lamina
1128 3320 1184 3376 iam
1214 3320 1292 3376 enirn
1322 3338 1420 3393 quao-

332 3407 402 3463 oivit
416 3407 500 3474 Piao;
519 3408 595 3463 idern
615 3409 749 3464 urendum
764 3411 935 3482 (qrraeremna
953 3426 1007 3481 pro
1024 3410 1190 3480 qrroerr'rnnoi
1207 3416 1271 3460 erat
1288 3404 1349 3472 IV,
1365 3405 1417 3463 31.

334 3493 508 3567 Rea-pondero
531 3512 584 3567 pro
601 3495 765 3567 respondebo
784 3494 896 3559 bamb„
923 3492 1006 3548 Dav..
1031 3492 1099 3547 Ero.
1123 3489 1309 3546 scribendum
1331 3489 1421 3547 vido-

332 3588 416 3634 runt:
441 3596 534 3651 nequo
555 3578 631 3633 enirn
651 3578 706 3643 nte,
725 3579 773 3633 uni
792 3578 982 3653 significatur.
1002 3575 1097 3649 qrralis
1115 3584 1238 3631 eventus
1255 3586 1420 3633 secuturus

333 3663 386 3729 ait,
415 3672 638 3734 utrumcumque
662 3682 833 3737 responsum
858 3662 962 3719 luerit..
992 3661 1052 3717 ullo
1076 3660 1163 3716 ruodo
1186 3670 1311 3733 utraque
1336 3660 1421 3718 actio

332 3748 462 3804 aiusdcrn
487 3748 628 3821 temporis
651 3749 743 3804 videri
767 3759 871 3822 potest.

419 3835 504 3889 cincun·
528 3836 594 3901 licet,
618 3836 644 3888 oi
664 3836 802 3906 sequetur)
826 3834 876 3891 sic
899 3832 986 3888 etiarn
1006 3850 1042 3886 ex
1057 3830 1134 3903 Spir.
1147 3826 1203 3906 [B]
1216 3830 1299 3885 ono.
1336 3830 1422 3888 Sim·

334 3918 451 3994 pliciter
473 3918 606 3974 condicio
630 3919 758 3992 ponitur.
806 3919 864 3974 Pro
887 3920 972 3974 tincas
996 3917 1063 3973 Bao.
1088 3924 1118 3970 et
1141 3914 1253 3971 cluat
1280 3915 1424 3977 abducar.

335 4004 422 4059 nirnis
440 4003 604 4075 diligenter,
629 4021 693 4059 cunr
714 4005 884 4079 praesentior
909 4004 981 4059 haec
1005 4001 1148 4058 brevitas:
1171 4001 1257 4055 ‹lncoa
1276 4001 1338 4057 licet
1358 4018 1425 4059 non

335 4089 468 4144 inscitanr
494 4088 686 4145 intitutionem
712 4091 817 4145 lrabeat.
840 4091 903 4146 cius
925 4088 1084 4150 formulae,
1114 4104 1172 4160 qno
1201 4085 1229 4141 in
1258 4083 1326 4141 iure
1352 4105 1427 4162 par-

336 4173 515 4237 mittebatur,
540 4182 571 4228 ut
594 4175 732 4230 ducerent
757 4175 897 4231 addictos.

422 4260 494 4332 Cap.
519 4258 639 4314 xxix.
688 4263 780 4317 currat·
802 4264 948 4316 ‹rtrclorituc
974 4258 1172 4331 philosophiae,
1204 4264 1233 4310 nt
1260 4258 1301 4311 nil
1331 4257 1429 4315 Theo-

332 4345 478 4417 phrastus)
505 4344 643 4400 Dicturus
669 4345 746 4403 l‘iao.
770 4344 1013 4417 ‹prernarirnodrun
1041 4342 1070 4398 in
1094 4359 1148 4397 aua
1170 4339 1334 4414 disciplina
1359 4343 1432 4401 vitu

336 4428 423 4484 bonta
439 4429 581 4503 sapientia
599 4428 753 4495 efficiatur,
776 4441 843 4504 apto
862 4430 999 4487 ostendit.
1020 4428 1086 4484 hinc
1104 4442 1219 4481 ornnem
1238 4424 1433 4501 dignitatem
