3030 5086
430 485 474 532 nu
497 486 579 532 nnn.
602 485 665 531 nra.
689 485 710 531 u
733 484 1048 549 cnr.a1.(roo-roa)
1217 467 1280 532 313

203 654 393 735 agendum
423 653 590 718 natalem
618 671 725 718 suum
753 653 961 733 quotannis
988 671 1115 727 mense
1145 654 1279 720 Game-

203 755 321 835 lione,
360 754 528 835 itemque
567 753 742 819 omnibus
774 755 972 820 mensibus
1005 755 1186 821 vicesimo
1219 757 1281 822 die

203 858 320 922 lunae
341 861 433 922 dent
454 858 500 921 ad
523 875 651 921 corum
675 856 827 938 epulas,
857 857 922 938 qui
950 876 1023 923 una
1045 876 1171 923 secum
1193 857 1280 939 phi·

203 958 404 1039 losophati
432 959 523 1038 sint,
556 963 599 1023 ut
631 961 667 1023 et
700 959 759 1023 sui
786 965 823 1024 et
850 959 1067 1024 Metrodori
1091 961 1281 1027 ⁴memorio

204 1062 364 1127 colatur.
422 1061 492 1125 102.
525 1060 613 1124 Haec
645 1078 703 1142 ego
735 1078 797 1125 non
826 1079 954 1141 possum
986 1061 1089 1128 dicere
1121 1081 1185 1129 non
1212 1059 1319 1131 esseb

204 1162 337 1228 hominis
365 1162 506 1243 quamvis
533 1169 565 1226 et
591 1162 663 1228 belli
691 1169 723 1228 et
748 1162 889 1242 humani,
922 1163 1072 1244 sapientis
1094 1183 1168 1230 vero
1197 1166 1280 1231 nullo

204 1266 311 1342 modo,
338 1264 460 1346 physici
489 1265 689 1345 praesertim,
717 1282 808 1346 quem
836 1283 871 1330 se
896 1264 949 1330 ille
970 1283 1040 1330 csse
1061 1265 1141 1346 vult,
1169 1273 1281 1349 putare

204 1367 300 1432 ullum
323 1385 393 1432 esse
416 1364 598 1448 cuiusquam
620 1366 702 1430 diern
723 1366 869 1430 natalem.
908 1367 1013 1445 Quid?
1034 1368 1155 1433 idemne
1176 1375 1283 1451 potest

205 1488 275 1534 esse
297 1469 363 1534 dies
386 1468 526 1549 saepius,
556 1467 609 1549 qui
631 1468 727 1532 senrel
748 1467 826 1532 fuit?
871 1469 962 1533 Certe
989 1488 1051 1533 non
1072 1475 1186 1552 potest
1231 1472 1281 1536 An

205 1570 451 1636 eiusdemmodi?
475 1570 524 1634 Ne
544 1569 578 1633 id
599 1569 732 1650 quidem,
755 1569 815 1634 nisi
837 1570 935 1635 multa
957 1590 1109 1635 annorum
1131 1572 1281 1638 interces-
1301 1572 1342 1637 10

278 1780 298 1825 l.
317 1791 394 1823 rneaoe
410 1772 646 1840 yonidr'pnePMCR
680 1777 704 1822 8.
723 1771 806 1836 epulae
819 1773 928 1823 corumL
954 1791 1032 1823 ccccm
1045 1774 1125 1826 nnnc
1161 1776 1281 1826 arnalli)

210 1840 241 1909 [et
258 1851 283 1891 ut
300 1842 340 1891 cui
355 1841 385 1921 Α]
425 1847 447 1892 6.
467 1842 575 1906 quaracla
594 1858 642 1892 orn.
662 1841 760 1892 PMCB
794 1840 850 1890 belli
864 1841 1000 1892 lumnniE
1037 1847 1059 1893 7.
1074 1842 1232 1908 philosophici
1238 1843 1282 1893 LP

207 1927 257 1960 estc
279 1911 348 1975 (post
369 1910 419 1975 illc)
442 1926 492 1964 om.
511 1911 609 1961 Luca
645 1909 731 1974 putori
754 1908 919 1977 [nemon
964 1915 985 1960 8.
1006 1929 1088 1962 cerem
1107 1913 1164 1976 (pro
1182 1911 1282 1977 idemne)

206 1979 327 2029 LPMCR
382 1985 418 2028 10.
443 1978 595 2030 ommacio
639 1979 688 2028 nei
708 1996 759 2029 cum
780 1978 855 2027 multa
873 1979 1015 2031 LMCROr.
1060 1997 1112 2029 cum
1129 1980 1202 2029 multa
1220 1979 1281 2047 (om.

207 2046 304 2111 nr'ei)P

297 2221 366 2278 102.
389 2223 513 2294 quamvis
534 2229 559 2276 et
581 2221 642 2277 belo·
662 2221 731 2295 cet.)
759 2220 889 2289 Quamvis
911 2221 1001 2278 habet
1022 2221 1080 2278 iam
1101 2220 1197 2291 Cret,
1220 2230 1282 2279 turn

207 2304 296 2377 Vict,
319 2324 335 2362 e
358 2305 423 2362 Pel.
451 2308 464 2361 1
490 2314 520 2362 et
541 2304 588 2363 El.
614 2306 631 2361 2
655 2306 804 2363 Davisius.
850 2306 976 2363 Accedit
999 2305 1076 2382 Spir.
1100 2303 1112 2386 [
1142 2303 1163 2385 ].

292 2409 369 2465 quon
391 2411 420 2448 sc
441 2393 485 2447 illc
506 2409 563 2447 cese
578 2390 648 2464 urolt)
665 2392 739 2448 Erec
761 2390 900 2449 omittunt
922 2392 1011 2448 etiarn
1034 2391 1112 2467 opud
1130 2392 1206 2448 Dav.
1222 2398 1283 2448 tres

207 2475 300 2546 codd,
325 2475 404 2534 Oxx.
416 2487 471 2550 χψ,
494 2476 563 2532 Bas.
580 2485 611 2532 et
627 2477 691 2533 edd.
710 2485 779 2533 ants
791 2476 967 2534 Monetium.
1002 2477 1079 2534 Nam
1098 2494 1163 2533 curn
1181 2494 1297 2534 omncs·

207 2561 290 2618 codd.
308 2560 478 2633 (Davisiani
501 2569 619 2636 praeter
635 2562 681 2619 El.
697 2566 723 2631 1,
743 2561 822 2619 Oxx.
836 2561 915 2637 Εχψ,
934 2561 1052 2632 Gaiani,
1070 2558 1138 2641 [B])
1155 2562 1285 2618 habeant

202 2650 306 2722 pretam,
325 2646 355 2702 id
373 2646 509 2703 mendum
529 2645 635 2717 effecit,
655 2656 687 2704 ut
704 2666 761 2703 csse
778 2647 807 2704 in
825 2647 1021 2704 deterioribus
1038 2648 1122 2706 codd.
1136 2646 1285 2704 deleretur

207 2733 297 2806 (quem
313 2751 342 2788 ec
357 2733 402 2789 itte
417 2734 473 2789 vult
485 2731 609 2806 petolan
627 2731 755 2789 retinent
771 2733 800 2789 id
821 2741 979 2806 ,quattuor
995 2733 1118 2808 optimi“
1133 2731 1201 2790 Gaii
1220 2728 1284 2812 [B].

207 2818 300 2875 Posse
323 2817 395 2874 dici:
425 2836 503 2891 quem
525 2837 553 2873 ec
575 2819 619 2873 illc
639 2820 709 2885 vult,
733 2819 805 2875 satis
828 2826 953 2887 constat,
976 2835 1030 2874 nec
1052 2819 1181 2889 mutabo,
1205 2817 1283 2891 quod

208 2921 225 2958 a
247 2902 397 2960 codicibus
420 2902 610 2959 confirmatur
632 2904 670 2973 V,
698 2903 749 2959 13:
768 2905 911 2979 physicum
932 2921 961 2959 oc
982 2906 1071 2960 voluit.
1116 2902 1178 2961 cfr.
1195 2903 1284 2960 Tusc.

207 2989 245 3058 V,
271 2989 325 3057 66,
350 2988 398 3044 ubi
423 2987 525 3061 optimi
548 2988 632 3044 codd.
655 2989 855 3057 consentiunt,
879 2989 915 3044 de
938 2987 1039 3047 Dicin.
1064 2989 1105 3056 ll,
1132 2989 1201 3057 118,
1225 2986 1284 3045 Off.

207 3074 249 3142 II,
275 3075 323 3143 78,
348 3073 383 3129 de
407 3073 490 3130 Orat.
514 3074 556 3142 Il,
576 3074 636 3129 246
661 3075 721 3148 (qni
741 3093 769 3130 ec
790 3076 847 3130 volt
868 3075 1006 3145 dicacem),
1029 3074 1158 3148 Top'ta
1178 3075 1285 3148 (quales

207 3177 235 3214 oc
258 3161 312 3232 ipsi
332 3160 437 3229 velint),
461 3159 497 3214 de
520 3167 579 3233 opt.
602 3177 669 3234 gen.
693 3177 735 3215 or.
759 3160 776 3215 6
801 3168 831 3215 ot
855 3160 892 3215 15
917 3160 978 3233 (qui
997 3178 1026 3216 ce
1048 3160 1284 3231 Atticoocolrmt),

206 3243 338 3318 Philipp.
351 3243 392 3310 ΙΙ,
410 3245 455 3310 14,
479 3244 534 3309 IV,
548 3246 576 3301 6.
611 3244 690 3301 Add.
715 3244 831 3300 Lucret.
848 3244 886 3311 V,
903 3244 994 3300 1120.
1039 3243 1125 3316 Quod
1149 3244 1285 3301 Klotzius

207 3328 245 3385 od
268 3330 355 3385 Tusc.
379 3329 418 3398 V,
443 3329 481 3384 66
505 3328 582 3385 idem
605 3348 697 3403 genus
719 3329 857 3402 loquendi
880 3347 944 3385 esse
966 3328 1022 3394 ait,
1051 3347 1116 3385 curn
1140 3329 1285 3386 dicamus:

207 3416 311 3471 colorem
334 3433 362 3470 ee
383 3415 449 3481 vetit,
472 3432 579 3489 genere
598 3414 675 3470 idern
696 3425 754 3483 est;
777 3415 828 3471 sed
851 3414 1041 3471 inclinatione
1065 3415 1190 3487 quodam
1214 3414 1286 3471 dici-

208 3507 256 3556 tur
277 3518 335 3554 non
354 3498 389 3554 de
407 3500 500 3574 ipsius
517 3500 559 3555 rei
577 3500 799 3573 consequendae
812 3509 891 3570 voto,
914 3499 965 3556 sed
984 3500 1019 3555 de
1037 3500 1102 3556 loco
1120 3509 1148 3556 ct
1167 3500 1285 3557 nomine

207 3584 384 3660 postulando
407 3593 436 3640 et
459 3585 632 3660 arrogando.
663 3582 766 3665 [Cupio
788 3605 828 3640 me
849 3586 978 3641 cordacem
1001 3585 1131 3660 Philipp.
1154 3585 1196 3654 II,
1223 3581 1285 3664 19.]

293 3667 409 3747 idemne)
432 3670 482 3728 Sic
505 3670 580 3726 Dav.
604 3689 641 3726 ex
665 3670 711 3726 El.
735 3673 753 3726 2
777 3670 852 3740 (cod.
876 3670 899 3727 Ι.
916 3671 966 3726 Fr.
983 3669 1077 3727 Gron.
1095 3674 1213 3743 itemrte);
1236 3687 1284 3726 ac-

209 3755 313 3811 cedunt
328 3750 424 3833 [An]
438 3775 493 3830 mg.
507 3755 588 3814 Crat.
603 3763 632 3813 et
645 3755 722 3829 Spir.
736 3764 763 3812 et
777 3755 855 3814 Gud.
872 3758 898 3821 1,
913 3755 1110 3830 postulatque
1127 3755 1285 3813 descensus

207 3840 237 3895 in
261 3840 360 3896 verbis
377 3860 413 3896 on
429 3842 626 3897 cr'aadcmmodi.
660 3841 695 3898 In
710 3841 777 3897 Bas.
801 3851 831 3897 et
853 3841 898 3896 ed.
916 3840 1007 3896 Marsi
1026 3839 1119 3898 Gzius
1141 3840 1183 3896 ait
1205 3859 1285 3898 esse:

207 3944 299 3982 verene
321 3927 438 3993 idernnc3
467 3926 583 3982 Mersus
610 3926 713 3982 saltem
743 3945 804 3983 cere
830 3927 941 3982 idemne.
986 3924 1047 3984 Cur
1075 3925 1284 3983 diiunctionem

208 4010 237 4067 in
261 4011 407 4086 particule
429 4031 464 4066 on
488 4014 648 4084 (tamquam
672 4011 753 4085 optio
772 4012 858 4068 detur
875 4011 1056 4080 adversario,
1078 4019 1177 4067 utrum
1195 4010 1285 4084 dicat)

209 4095 345 4153 Bromius
368 4114 426 4153 non
450 4096 549 4152 tulerit
572 4106 601 4151 et
622 4106 652 4152 at
673 4095 760 4152 scribi
785 4096 930 4164 maluerit,
954 4114 1011 4153 non
1035 4095 1183 4170 intellego.

295 4186 348 4237 nisi
368 4181 464 4255 oculto)
490 4180 540 4239 Sic
562 4181 649 4237 etiarn
668 4181 732 4238 Pal.
749 4185 773 4249 l,
798 4180 875 4256 Spir.
890 4178 946 4258 [B]
970 4180 1119 4255 ediditque
1132 4180 1283 4239 Davisius.

208 4267 277 4324 Non
301 4268 395 4324 solum
419 4266 560 4342 temporis
583 4265 760 4335 definitioni,
789 4275 857 4322 ante
883 4267 961 4339 quod
988 4265 1199 4323 eiusdemmodi
1221 4266 1285 4322 dies

209 4369 273 4409 esse
296 4371 354 4409 non
377 4353 471 4426 possit
490 4352 557 4425 (etsi
580 4370 616 4407 ea
637 4352 803 4409 accuratior
824 4361 868 4408 est
890 4350 1008 4424 forma),
1030 4351 1081 4408 sed
1105 4352 1193 4408 etiarn
1216 4368 1285 4409 con·

210 4437 319 4495 dicioni
352 4438 489 4495 universe
523 4437 688 4495 declaratae
718 4437 800 4495 locus
827 4447 887 4506 est3
920 4454 1016 4510 nequa
1044 4435 1116 4493 haec
1143 4435 1285 4494 orationis
