3030 5086
466 491 508 536 ar
532 490 612 536 usu.
635 490 698 536 ma.
721 491 752 537 v.
775 491 848 537 oar.
867 495 908 538 ns.
923 492 1055 553 (ra-sa.)
1234 475 1296 540 735

223 669 408 742 quaerentes
420 658 619 740 uoluptatem.
654 658 748 724 Stoici
765 667 893 725 restant.
927 660 965 726 Ei
981 661 1105 742 quidem
1123 680 1183 725 non
1200 681 1294 726 unam

223 763 357 843 aliquam
374 771 429 827 aut
445 761 576 826 alteram
599 762 817 840 remanebis
840 763 897 827 sed
919 771 1016 827 totam
1038 765 1078 827 ad
1101 783 1135 829 se
1157 773 1295 828 nostram

223 864 452 945 philosophiam
475 864 710 928 transtulerunt
755 866 859 945 Atque
886 873 921 929 ut
948 865 1059 946 reliqui
1080 865 1165 930 fures
1187 885 1296 931 earum

223 985 337 1044 rerum,
360 985 438 1046 quas
461 974 619 1047 ceperunt,
642 965 730 1046 signa
752 973 952 1046 commutant,
974 968 1018 1032 sic
1039 967 1091 1045 illi,
1114 976 1149 1032 ut
1171 977 1295 1033 senten-

297 1161 313 1202 1,
336 1153 374 1202 Hi
391 1153 477 1202 acor.
521 1158 544 1202 ⁸2.
562 1170 609 1201 rent
628 1168 675 1201 om.
697 1168 782 1202 omnes
803 1152 870 1220 [rem]
892 1154 936 1204 Or.
978 1160 1001 1204 3.
1020 1165 1044 1204 at
1063 1155 1151 1203 om.P
1187 1164 1209 1204 t.
1229 1173 1296 1220 cepe·

224 1230 279 1269 narrt
297 1237 337 1268 om
357 1223 385 1272 C.
404 1221 522 1285 cleperent
540 1221 582 1271 Or.
619 1222 705 1271 ssostrr's
723 1223 843 1270 sententiis
863 1224 884 1271 R

223 1378 376 1434 Ernestius
392 1382 509 1452 saciant.
533 1379 678 1452 quomodo
697 1377 801 1436 Cicero
820 1379 948 1435 scribere
968 1379 1082 1448 debuit3
1105 1380 1294 1453 nequeenim

222 1463 269 1519 bic
292 1464 328 1518 de
351 1464 582 1539 voluptariorum
607 1463 693 1520 factis
716 1464 876 1537 quaeritur,
900 1465 951 1520 sed
973 1465 1009 1520 de
1031 1465 1156 1521 decretis
1179 1478 1209 1521 et
1231 1485 1296 1521 sen·

222 1548 336 1615 tentiis3
367 1561 396 1605 et
424 1551 582 1606 utebantur
604 1549 741 1623 Epicurei
765 1550 820 1606 boe
843 1550 940 1606 colore
964 1551 1090 1606 maxime
1113 1551 1142 1606 in
1166 1551 1296 1607 amicitia
1387 1602 1390 1608 .

222 1634 292 1706 (vid.
307 1635 331 1695 1.
346 1636 407 1708 69),
430 1645 462 1690 ut
485 1654 547 1690 eam
572 1635 760 1709 avoluptste
783 1646 812 1691 et
835 1635 961 1691 utilitate
984 1647 1078 1692 ortam
1102 1647 1205 1710 postes
1227 1654 1294 1692 con-

222 1720 374 1775 suetudine
404 1720 459 1776 coli
484 1721 546 1776 sine
569 1720 706 1776 utilitatis
728 1721 841 1777 ratione
863 1720 1002 1777 dicerent.
1048 1720 1141 1779 Gzius
1164 1722 1236 1777 baec
1259 1741 1295 1777 cx

221 1805 432 1879 Epicureorum
457 1805 603 1862 sententia
625 1806 683 1861 dici
706 1818 794 1881 negat
816 1816 845 1862 et
870 1825 976 1881 „saepe
994 1825 1012 1862 a
1029 1806 1170 1866 Cicerone
1193 1819 1296 1863 contre

221 1891 382 1964 Epicureos
410 1891 562 1947 adhiberi“
594 1891 761 1947 Ernestium
784 1891 883 1958 docet3
914 1910 981 1947 nam
1011 1911 1046 1948 ne
1076 1893 1148 1949 illud
1177 1893 1294 1966 quidem

220 1995 257 2031 cx
271 1976 315 2031 bis
328 1976 410 2032 libris
422 1976 572 2033 didicerat.
589 1988 692 2032 contra
704 1977 862 2051 Epicurum
876 1977 1028 2052 disputari,
1047 1989 1151 2034 natura
1163 1978 1296 2033 homines

221 2061 257 2116 ad
276 2062 396 2117 honeste
410 2062 558 2135 agendum
576 2061 639 2117 sine
659 2062 753 2136 pretio
770 2062 890 2136 impelli.
915 2064 1132 2120 consuetudinis
1156 2063 1207 2119 illo
1230 2082 1296 2138 per·

221 2146 302 2221 fugio
321 2147 400 2220 ipsos
419 2147 579 2221 Epicureos
601 2148 653 2202 uti.
689 2146 721 2205 Si
739 2147 927 2203 indicativum
944 2147 1048 2205 Cicero
1066 2149 1172 2223 posuit,
1196 2148 1295 2223 negle-

221 2245 323 2306 genter
342 2232 430 2287 vitam
449 2243 478 2288 et
496 2233 612 2288 decreta
630 2232 841 2306 Epicureorum
860 2234 1044 2306 permutavit.
1069 2231 1123 2312 [Ei
1139 2234 1226 2289 etiam
1248 2229 1295 2312 B.]

306 2320 418 2373 alteram
441 2318 509 2388 reri)
533 2318 755 2375 Substantivum
785 2318 815 2374 in
843 2319 993 2375 codicibus
1015 2320 1124 2376 excidit
1148 2331 1214 2394 post
1237 2319 1295 2393 syl-

221 2402 316 2457 labam
341 2402 536 2468 simillimam;
560 2402 589 2458 id
613 2401 705 2460 Gzius
728 2403 849 2471 addidit,
873 2404 929 2460 Th.
947 2404 1073 2460 Bentleii
1097 2405 1293 2460 coniecturam

220 2505 361 2560 sequanas
387 2488 520 2544 Bromius
541 2497 644 2562 portem
668 2488 736 2543 addi
761 2489 888 2544 malebat
905 2492 949 2560 (ut.
971 2509 1060 2564 supra
1079 2493 1231 2564 particulae
1253 2489 1295 2545 di·

221 2575 352 2645 cuntur),
382 2574 541 2646 quodnon
570 2584 628 2628 tam
652 2572 739 2628 facile
762 2575 897 2630 excidere
921 2586 1043 2649 poterat.
1088 2576 1174 2649 Quod
1197 2586 1295 2631 autem

221 2657 355 2713 Klotzius
379 2658 525 2730 (Quaestt.
550 2658 628 2714 Tull.
653 2678 679 2732 p.
694 2660 746 2731 80)
769 2659 901 2716 codicum
925 2660 1098 2735 scripturam
1123 2661 1164 2717 sic
1189 2671 1294 2719 tuetur.

222 2751 252 2798 ut
276 2743 447 2800 Ciceronem
477 2745 601 2816 primum
631 2765 711 2799 terram
733 2748 855 2817 aliquant
877 2757 924 2800 out
945 2749 1058 2801 alterans
1081 2747 1213 2820 posuisse
1237 2756 1295 2802 sta·
1355 2786 1359 2795 ·

222 2838 300 2894 tuat,
335 2838 483 2900 tamquam
513 2829 698 2885 subiecturus
732 2839 809 2885 esset
842 2850 929 2886 munes
962 2842 1068 2887 uestras
1095 2835 1211 2886 rationes
1244 2842 1294 2887 aust

221 2912 315 2968 simile
350 2913 476 2985 aliquid.
512 2914 615 2969 deinde
644 2915 805 2970 orationem
835 2926 977 2984 mutasse,
1012 2917 1040 2971 id
1070 2917 1099 2972 in
1127 2916 1294 2972 huiusmodi

222 2999 368 3064 oratione,
398 2999 479 3054 cuius
503 3018 538 3054 ex
563 2999 663 3073 paucis
687 3010 715 3055 et
739 3018 795 3054 non
820 3001 991 3075 interruptis
1014 3002 1111 3057 verbis
1133 3002 1295 3057 constantis

221 3083 334 3156 reliqua
359 3084 452 3139 forma
475 3084 698 3159 diligentissime
721 3097 855 3141 servatur
877 3088 939 3157 (nou
965 3119 1018 3152 -·,
1042 3089 1090 3143 sed
1112 3121 1159 3158 -,
1176 3098 1294 3142 transtu·

220 3171 326 3241 lemaro).
351 3188 469 3243 prorsus
493 3169 703 3225 incredibiliter
725 3170 852 3244 fingitur.

306 3274 375 3326 quos
403 3257 540 3328 ceperunt)
569 3256 699 3311 Verbum
728 3256 856 3311 maxime
884 3274 1037 3312 commune
1066 3258 1177 3331 posuit,
1206 3257 1293 3330 quod,

220 3357 284 3394 cum
308 3338 388 3394 fures
412 3340 552 3395 nominati
577 3351 683 3410 essent.
705 3360 797 3416 genus
820 3341 954 3415 capiendi
977 3341 1048 3398 satis
1066 3342 1294 3417 intellegeretur,
1394 3417 1397 3420 Ι

219 3437 252 3480 nt
275 3443 368 3498 neque
391 3429 578 3499 surrepserunt
600 3443 693 3498 neque
717 3427 860 3482 eiusmodi
883 3426 962 3483 aliud
987 3446 1095 3501 ponere
1117 3447 1191 3503 opus
1208 3438 1293 3484 esset.

220 3510 312 3566 Fures
335 3520 431 3566 autem
455 3528 508 3566 cor
529 3511 584 3566 hoc
607 3512 693 3567 modo
715 3530 820 3586 capere
843 3512 901 3567 dici
924 3526 1078 3586 nequeant,
1102 3532 1176 3587 quae
1194 3512 1292 3569 furen-

220 3607 283 3658 tur,
318 3613 381 3651 cum
412 3606 440 3651 et
474 3597 611 3670 praedam
646 3608 826 3671 aucupantes
859 3598 1009 3672 capiamus
1042 3608 1071 3655 et
1103 3598 1292 3673 pecuniarum

220 3684 334 3750 (contra
358 3682 448 3757 leges)
471 3694 622 3755 captarum
651 3680 789 3756 frequens
817 3683 927 3740 mentio
956 3684 1006 3751 sit,
1035 3685 1143 3740 nescio.
1187 3684 1292 3757 Itaque

219 3765 281 3822 sine
305 3766 366 3822 ulla
388 3785 475 3822 causa
498 3767 683 3823 consentiens
700 3768 833 3824 codicum
851 3768 996 3844 scriptura
1012 3769 1202 3837 sollicitatum
1225 3787 1291 3825 nam

219 3852 295 3923 quod
325 3852 353 3907 in
384 3872 441 3907 uno
467 3853 575 3908 nullius
598 3852 782 3909 auctoritatis
804 3854 920 3922 codice,
950 3874 965 3910 e
993 3872 1051 3928 quo
1080 3855 1169 3910 editio
1198 3855 1292 3928 prima

219 3937 306 3991 dlicta
336 3948 393 4002 est.
422 3938 542 3993 verbnm
572 3939 695 3993 obscure
723 3938 863 4013 scriptum
892 3940 1008 3995 videtur
1034 3938 1139 4009 fuisse,
1173 3958 1292 4014 prorsus

218 4022 428 4097 neglegendum
454 4033 506 4079 est..
551 4024 684 4079 Muretus
707 4033 806 4080 tamen
829 4025 915 4081 Varr.
939 4025 1032 4081 Lectt.
1048 4025 1104 4092 xl,
1121 4025 1157 4082 19
1181 4036 1290 4095 namet,

217 4107 247 4162 in
271 4108 420 4164 veteribus
444 4108 526 4164 libris
545 4111 670 4181 (vereor,
695 4128 730 4165 ne
753 4109 839 4166 nimis
862 4109 1057 4183 obsequiosis)
1073 4129 1103 4180 se
1126 4111 1291 4185 repperisse

217 4195 374 4266 ctepaemmt,
398 4194 476 4266 quod
500 4195 708 4250 Lallemandus
730 4195 855 4269 recepit,
879 4194 1008 4252 Orellius
1031 4206 1143 4264 autem,
1167 4195 1290 4252 Davisio

218 4289 248 4334 et
270 4279 441 4334 Hermanno
464 4279 585 4353 (Opnsc.
611 4281 657 4336 ΙΙΙ
681 4300 709 4354 p.
727 4281 794 4348 119,
818 4280 884 4336 coll.
908 4282 952 4336 IV
976 4281 1090 4355 paea)
1112 4282 1290 4340 auctoribus.

217 4366 352 4437 cleperunt
374 4365 499 4439 scripsit.
546 4366 688 4439 Equidem
712 4365 837 4440 primum
861 4365 994 4422 nonnihil
1017 4367 1121 4436 miror,
1145 4367 1291 4441 quomodo
1329 4363 1334 4376 '

217 4448 273 4504 sibi
302 4450 357 4506 viri
386 4450 464 4506 docti
488 4451 703 4525 persuaserint.
732 4449 904 4508 Ciceronem
933 4451 962 4507 iu
990 4470 1078 4528 prosa
1105 4453 1239 4510 oratioue
1261 4453 1291 4511 id
