3030 5086
574 520 748 570 excussus
769 522 807 568 111
826 521 871 568 nr
893 522 935 568 1v.
1228 503 1291 569 815

220 702 253 750 ut
280 692 447 767 superiores
474 691 619 763 fecerant,
653 693 766 767 antiqui
794 693 954 752 testimonii
986 682 1131 768 in'longe
1158 693 1292 768 pluribus

220 777 294 835 locis
316 779 511 836 constantiam
539 797 605 836 cum
633 778 747 836 ratione
775 779 959 837 coniunctam
986 778 1171 854 paucissimis
1199 779 1290 836 bono-

220 880 283 920 rum
307 863 459 931 librorum,
483 864 582 921 multis
601 863 796 922 recentiorum
813 863 935 934 mendis,
958 872 1046 938 atque
1069 863 1106 920 ad
1128 865 1204 921 hano
1226 882 1291 921 sen-

221 948 342 1005 tentiam
365 949 592 1006 confirmandam
614 949 667 1006 illo
688 958 838 1024 postremo
860 959 976 1006 utemur
997 960 1183 1025 argumento,
1213 949 1291 1022 quod

220 1032 334 1091 librarii
356 1052 393 1090 ex
415 1053 447 1091 ne
462 1067 497 1077 -
517 1036 624 1109 quidem
647 1052 788 1111 persaepe
809 1033 944 1092 fecerunt
964 1054 1011 1092 nec
1023 1067 1062 1078 -
1080 1036 1188 1109 quidem
1204 1034 1292 1092 unius

220 1118 336 1176 litterae
360 1119 520 1187 additione,
543 1119 573 1176 id
595 1129 710 1185 autem,
733 1119 811 1194 quod
833 1120 921 1195 paulo
943 1119 1060 1196 longius
1083 1120 1186 1188 distat,
1209 1139 1294 1194 neque

222 1236 260 1248 -
280 1206 395 1279 quiden,
420 1204 568 1262 rarissime
591 1223 625 1262 ac
644 1223 737 1280 paene
754 1223 898 1279 nusquam
912 1202 1109 1280 'scripseruut;
1133 1214 1162 1262 et
1184 1214 1292 1274 tamen,

220 1300 253 1346 ut
275 1308 329 1365 pro
350 1309 383 1347 ue
406 1322 444 1333 —
468 1291 575 1364 quidem
597 1291 776 1366 posteriores
798 1299 828 1347 et
849 1309 896 1347 aec
918 1299 948 1348 et
968 1310 1052 1365 neque
1074 1290 1226 1358 dixerunt,
1249 1291 1291 1348 sic

220 1374 309 1432 etiam
338 1394 423 1450 neque
445 1407 481 1417 -—
510 1376 617 1449 quiden
644 1375 790 1433 interdum
818 1375 876 1433 dici
904 1384 1131 1433 consentaneum
1161 1384 1239 1446 erat,
1268 1375 1292 1433 si

220 1460 344 1518 alterum
368 1459 558 1533 diceretur.¹)
1325 1468 1327 1475 '

305 1545 385 1604 Satis
402 1547 558 1602 verborum
581 1545 618 1602 de
634 1564 693 1603 una
709 1546 854 1614 litteruls3
877 1544 928 1602 sed
951 1544 1048 1620 potius
1065 1545 1151 1621 plura
1168 1545 1293 1602 dicenda

219 1631 333 1706 putari,
355 1649 441 1705 quam
466 1630 780 1702 committendumut,
804 1631 828 1688 si
851 1630 981 1687 breviter
1002 1630 1176 1688 sententiam
1200 1630 1291 1706 signi·

219 1714 367 1785 flcassem‚
400 1715 566 1773 obiceretur
593 1725 741 1791 tamquam
775 1715 922 1792 ignoranti
956 1715 1045 1792 longa
1078 1716 1169 1772 series
1198 1715 1291 1773 nomi·

219 1819 288 1858 num
312 1810 351 1871 et,
375 1800 400 1858 si
421 1799 508 1871 forte,
531 1801 628 1859 inanis
649 1803 748 1876 aliqua
770 1801 920 1859 distinctio
943 1819 980 1857 ex
1003 1800 1055 1858 illo
1076 1819 1192 1877 genere,
1219 1819 1292 1874 quas

219 1885 267 1943 hio
289 1886 423 1943 tractavi.

219 2364 259 2423 ll.
309 2360 366 2425 DE
403 2358 570 2426 PRIMIS
599 2357 827 2424 NATURAE
860 2360 914 2424 ET
954 2360 1009 2424 DE
1048 2359 1290 2449 CARNEADIA

263 2461 479 2527 DIVISIONE
507 2462 835 2528 SENTENTIARUM
863 2462 919 2526 DE
948 2461 1093 2527 SUMMO
1120 2461 1246 2528 BONO.

345 2616 395 2664 an
410 2615 475 2665 nm.
487 2616 513 2664 11
529 2616 555 2666 c,
574 2621 599 2664 ιι
618 2616 664 2664 nr
680 2615 745 2667 mn.
757 2602 785 2663 v'
797 2615 852 2667 ce
868 2616 915 2665 nr
930 2613 1033 2664 Amos
1049 2614 1166 2666 rocos.

678 2775 828 2782 ——-—-——.

305 2894 401 2949 Perna
423 2903 536 2949 naturae
565 2901 594 2949 et
621 2893 677 2950 hoc
704 2893 768 2968 ipso
791 2893 908 2950 nomine
937 2903 965 2950 et
992 2894 1058 2951 aliis
1081 2894 1200 2969 paulum
1223 2894 1291 2951 hinc

220 2978 443 3034 deflectentibus
465 2977 570 3037 Cicero
598 2978 628 3034 in
655 2978 711 3034 hoe
739 2997 827 3053 opere
855 2996 996 3054 persaepe
1024 2988 1233 3036 commemorat
1255 2988 1292 3045 et,

220 3062 304 3137 quasi
333 3081 379 3120 res
408 3073 511 3138 aperta
539 3063 577 3120 sit
605 3072 634 3119 et
657 3062 758 3119 eadem
781 3063 889 3137 ubique
911 3074 999 3137 atque
1021 3064 1066 3121 sui
1089 3063 1208 3129 similis,
1231 3064 1291 3120 vim

220 3148 347 3206 nominis
375 3158 405 3204 et
431 3149 474 3205 rei
498 3157 630 3205 naturam
654 3167 712 3206 uno
735 3148 799 3205 loco
822 3148 909 3223 plane
932 3160 961 3205 et
983 3149 1119 3206 distincte
1142 3149 1292 3225 explicare

219 3234 337 3290 omittit.
370 3233 539 3309 Diligenter
560 3244 658 3290 tamen
681 3234 843 3291 attendenti
867 3252 924 3292 non
948 3234 1041 3292 solum
1061 3236 1186 3292 obscura
1203 3253 1292 3308 quae·

220 3319 286 3375 dam
316 3327 345 3375 et
373 3318 506 3376 difficilia
528 3329 696 3389 occurrent,
727 3319 778 3376 sed
806 3319 869 3394 ipse
898 3320 985 3376 etiam
1009 3319 1113 3379 Cicero
1137 3319 1291 3387 videbitur,

221 3404 289 3461 dum
313 3404 387 3460 alios
409 3404 525 3461 incaute
547 3405 688 3479 sequitur,
712 3404 853 3461 nonnulla
869 3423 922 3462 suo
940 3406 1058 3481 ingenio
1075 3406 1164 3462 addit
1187 3423 1291 3480 perum

220 3498 390 3546 constanter
412 3489 487 3546 hanc
509 3491 658 3548 notionem
682 3490 936 3566 comprehendisse
960 3501 989 3546 et
1006 3509 1109 3566 parum
1128 3491 1221 3565 perite
1238 3489 1291 3546 ali-

219 3584 291 3648 quot
313 3574 386 3631 locis
408 3594 444 3632 ea
466 3593 535 3632 usus
558 3594 631 3632 esse.
676 3574 762 3649 Quod
779 3574 837 3632 nisi
852 3576 1026 3651 explicetur,
1048 3595 1143 3650 nsque
1160 3575 1292 3651 intellegi

218 3667 297 3715 recte
316 3658 360 3715 illi
380 3659 437 3716 loci
454 3678 549 3734 neque
568 3661 691 3718 iudicari
710 3669 841 3736 possunt.
877 3661 916 3717 Et
933 3661 1073 3719 historiae
1092 3661 1208 3736 quidem
1226 3661 1291 3736 phi-

218 3744 371 3819 losophiae
394 3744 553 3820 scriptores
575 3746 650 3802 hanc
671 3765 733 3803 rem
756 3745 818 3803 fere
840 3747 1100 3821 praetermiserunt
1117 3756 1169 3803 aut
1186 3746 1291 3803 leviter

219 3838 392 3898 tractarunt,
417 3830 496 3904 quod
512 3831 543 3887 in
561 3830 742 3889 Graecorum
766 3831 884 3907 scriptis
906 3833 998 3889 multo
1020 3831 1115 3889 rarius
1137 3831 1292 3907 attingitur

218 3914 300 3982 etin
323 3915 396 3990 ipsis
419 3935 528 3984 eorum,
551 3916 601 3991 qui
626 3916 797 3992 disciplinas
818 3917 1020 3986 condiderunt,
1044 3916 1291 3992 disputationibus

217 4000 324 4075 partim
342 3999 461 4058 omnino
480 4019 538 4058 non
555 4010 673 4058 versata
689 4020 763 4071 esse,
780 4001 887 4078 partim
906 4002 1027 4060 minoris
1043 4001 1181 4059 momenti
1199 4000 1290 4058 fuisse

217 4084 335 4142 videtur
357 4104 444 4160 quam
467 4095 571 4162 postea
592 4087 670 4163 apud
693 4106 757 4157 eos,
781 4105 855 4161 quos
877 4086 981 4146 Cicero
1004 4097 1121 4145 secutus
1144 4097 1197 4146 est.
1243 4087 1290 4144 Ex

243 4319 266 4383 ¹)
286 4320 339 4401 Cic.
359 4323 390 4370 dc
408 4322 466 4370 Div.
487 4322 513 4382 1,
534 4326 580 4370 112
598 4319 683 4385 Nepae
700 4319 849 4387 Pherecydes
868 4322 959 4401 quidem
978 4324 1045 4388 apud
1064 4322 1187 4373 Orellinm
1206 4336 1289 4401 errore

285 4396 407 4508 :tritt
422 4399 536 4519 {tlt
555 4388 1173 4533 §tritttltl‘nftt'tfttttttf
1198 4389 1290 4455 tm
