3030 5086
254 458 293 522 18
646 474 845 523 narramus
869 476 940 523 son.

254 642 509 723 praetermissum
533 643 563 706 in
587 641 720 707 Stoicis?
763 643 910 725 Legimus
932 642 1035 708 tamon
1058 643 1245 727 Diogenem,
1268 643 1345 707 Aa·

255 745 413 825 tipatrum,
436 744 666 822 Mnesarchum,
688 745 879 823 Panaetium,
903 745 1017 810 multos
1038 744 1130 826 alios,
1150 746 1182 812 in
1205 745 1340 829 primis-

255 864 315 926 que
337 843 522 910 familiarem
545 855 686 910 nostrum
708 845 918 911 Posidonium.
957 847 1061 925 Quid?
1094 846 1344 930 Theophrastus

254 947 492 1013 mediocriterne
525 947 671 1024 delectat,
711 966 779 1011 cum
818 955 933 1013 tractat
970 948 1055 1013 locos
1090 948 1129 1014 ab
1161 948 1343 1014 Aristotele

216 1052 327 1114 banne
352 1049 524 1114 tractatos?
557 1049 654 1129 quid?
687 1048 832 1129 Epicurei
862 1068 936 1112 num
963 1049 1119 1114 desistunt
1145 1050 1185 1115 de
1211 1050 1342 1127 iisdem,

254 1151 429 1233 dequibus
457 1158 488 1215 et
515 1151 555 1216 ab
577 1150 713 1231 Epicuro
736 1151 885 1231 scriptum
913 1158 962 1215 est
989 1159 1020 1216 et
1047 1151 1261 1233 abantiquis,
1293 1150 1337 1215 ad

254 1252 418 1317 arbitrium
454 1271 545 1317 suum
578 1252 736 1317 scribere?
790 1252 881 1331 Qtrod
916 1252 942 1317 si
977 1252 1092 1318 Graeci
1128 1252 1277 1334 leguntur
1316 1270 1339 1315 a

255 1353 399 1430 Graecia,
422 1353 531 1418 iisdem
554 1354 594 1418 de
616 1353 709 1418 rebus
731 1353 793 1417 alia
815 1354 936 1418 ratione
958 1354 1151 1435 compositis,
1174 1353 1249 1436 quid
1274 1360 1339 1430 est,

254 1475 308 1520 cur
331 1454 431 1520 nostri
453 1474 473 1518 a
495 1455 612 1519 nostris
635 1472 696 1518 non
719 1454 884 1535 legantur?

324 1630 346 1674 2.
371 1624 515 1675 Panaetium
535 1623 624 1674 orn.C
668 1628 683 1671 3
722 1624 911 1688 Theophrastum
933 1621 1102 1691 [nullaten
1143 1630 1166 1673 5.
1188 1623 1296 1690 Ept'crari
1311 1626 1337 1674 B

254 1712 298 1743 aron
322 1693 366 1761 [h,
385 1696 428 1743 aad
448 1693 617 1757 superscripto
636 1691 698 1759 arurae]
720 1694 741 1742 ln
759 1694 850 1743 rnarrrC
872 1693 953 1761 [isdem
970 1693 1004 1761 A]
1043 1692 1278 1756 amanuensem

254 1867 370 1923 dolores
388 1886 437 1922 non
449 1867 588 1940 J‘erardos,
607 1874 637 1921 et.
653 1884 706 1940 pro
720 1865 801 1924 (nel.
817 1866 855 1922 37
869 1875 967 1940 patres
978 1869 1086 1940 ferreos
1102 1876 1127 1923 et
1142 1869 1188 1923 eia
1197 1866 1337 1940 samos

205 1942 207 1947 ¹
254 1962 281 2008 ct
305 1951 341 2007 de
365 1950 447 2010 Orat.
471 1950 495 2017 Ι,
515 1950 553 2006 96
577 1958 605 2006 et
628 1949 658 2005 in
677 1950 764 2008 Catil.
783 1951 877 2013 1128
896 1953 941 2007 eu
958 1952 1113 2025 optandum.
1147 1948 1205 2009 Sed
1223 1950 1333 2009 horum

254 2055 339 2093 nonno
362 2037 398 2092 ad
421 2035 495 2092 illud
517 2039 563 2092 ais
586 2035 660 2108 (niort)
676 2038 810 2108 J'eraulus
832 2036 991 2109 quidquam
1014 2034 1137 2107 addidit,
1159 2054 1218 2109 quo
1234 2036 1336 2112 magis

253 2122 396 2178 enumeret
417 2121 573 2196 potestatis
595 2120 786 2195 significarim
815 2132 846 2176 ut
869 2139 885 2176 a
908 2120 1025 2177 Velleio
1047 2120 1094 2191 ΙΙ,
1118 2122 1157 2178 46
1186 2120 1332 2195 scripturn

253 2218 312 2262 ost:
346 2225 388 2262 rea
421 2209 466 2263 via
494 2207 583 2262 nnrrdtis
610 2207 784 2263 volarnu'nihus
811 2207 988 2262 enarrandae.
1040 2205 1156 2262 Deinde
1183 2213 1284 2262 sutem
1312 2222 1334 2262 α

253 2291 466 2367 posterioribus
483 2290 592 2347 dictum
617 2300 658 2346 est
677 2291 766 2347 etiam
789 2293 856 2347 satelli
876 2292 1032 2352 cantandam,
1055 2310 1105 2347 non
1123 2291 1335 2363 capnosceadna,

253 2377 288 2432 de
312 2395 361 2441 eo,
390 2376 440 2449 qui
463 2376 542 2432 cerni
566 2376 741 2450 eognoseive
763 2394 821 2432 non
844 2386 958 2450 posset,
987 2374 1065 2448 quod
1087 2393 1180 2451 genus
1202 2373 1335 2434 Ovidius

252 2461 365 2536 primus
387 2460 602 2534 frequentavit,
625 2478 693 2517 raro
716 2468 813 2517 tamen
837 2461 893 2531 sic,
922 2468 954 2516 ut
977 2477 1042 2516 curm
1067 2460 1157 2517 verbo
1179 2478 1236 2517 esse
1259 2476 1333 2517 eon·

252 2547 384 2621 irrogaret
409 2547 541 2618 (blatam.
566 2545 659 2603 VlII.
684 2546 765 2619 785).
810 2546 845 2602 ln
877 2544 967 2601 aienti
995 2545 1142 2601 sententia
1169 2543 1268 2618 posuit
1297 2544 1331 2601 in

253 2631 332 2687 Fast.
357 2632 411 2699 vt,
426 2631 501 2687 720:
528 2630 658 2687 Coruinus
682 2630 801 2705 Delphin
824 2639 898 2687 erecte
919 2631 1051 2686 videndus
1073 2633 1123 2687 erit
1139 2628 1336 2703 (Gepenstund

253 2718 302 2771 der
324 2716 530 2789 Batracidunq).
577 2711 682 2793 [Trist.
704 2715 763 2782 ΙΙΙ,
787 2716 816 2784 4,
841 2712 896 2771 56.Ι
923 2714 988 2771 Ibd.
1011 2715 1066 2785 IV,
1090 2716 1119 2781 4,
1144 2714 1199 2772 36:
1227 2715 1334 2772 Udiua

252 2805 278 2857 ‘si
298 2802 400 2871 deliras,
423 2803 477 2857 'scita
500 2802 599 2857 tancredo
621 2819 678 2856 mea
700 2810 748 2859 cst.
771 2799 826 2855 hoe
849 2809 903 2869 est,
927 2797 1045 2856 defendi
1068 2795 1189 2878 potest]
1232 2799 1333 2857 Proso

252 2886 347 2943 oratio
370 2886 417 2942 vel
440 2894 542 2960 postea
565 2884 725 2942 modestior
746 2883 803 2941 tuit
824 2884 854 2941 in
877 2885 933 2941 hoc
955 2902 1019 2941 usn.

340 2971 544 3035 altaresarchmn,
568 2971 742 3044 Pannonium)
771 2969 861 3037 lllire.¹
890 2986 954 3026 cum
979 2968 1008 3025 in
1033 2967 1139 3025 ceteris
1162 2977 1331 3043 temporum

252 3056 383 3112 ordinem
408 3064 436 3112 et
460 3053 633 3130 disciplinae
656 3058 802 3111 servasset
825 3056 904 3128 (nam
922 3052 1082 3129 Chrysippi
1101 3053 1252 3127 Diogenes
1269 3052 1332 3110 Ba·

251 3141 404 3216 bylonius,
438 3141 525 3196 huius
553 3139 713 3214 Antipater
740 3139 897 3196 'farsensis
924 3138 1041 3195 auditor
1067 3136 1192 3211 luerat),
1223 3138 1253 3194 in
1281 3136 1334 3194 his

250 3226 387 3294 invertit3
421 3243 488 3280 naar
523 3225 716 3281 Mnesarchus
749 3224 924 3280 Panaetium
956 3224 1105 3290 audierat,
1139 3232 1206 3298 post
1239 3240 1330 3295 quem

250 3311 378 3367 htlncnis
401 3309 499 3366 docuit
523 3309 571 3382 (de
594 3307 676 3366 Orat.
701 3310 725 3377 Ι,
739 3310 788 3376 45,
813 3309 907 3365 Acad.
926 3308 967 3365 ll.
982 3309 1043 3382 96),
1066 3307 1227 3365 Panaetius
1239 3306 1332 3364 Anti·

250 3407 375 3472 patrum.
420 3396 483 3451 Aut
507 3393 597 3469 igitur
619 3393 724 3452 Cicero
748 3393 950 3468 neglegentius
973 3392 1105 3467 scripsit,
1134 3402 1185 3449 aut
1206 3391 1330 3449 nomina

250 3480 431 3555 transposita
453 3488 530 3539 strat.
554 3488 585 3534 ut
609 3478 701 3536 Gzirrs
724 3487 818 3552 putat.
1293 3500 1296 3507 ·

328 3566 494 3639 anu'h'arem
513 3574 631 3619 tractuum
644 3562 832 3637 Posidonium)
849 3562 923 3619 Eum
941 3561 1045 3621 Cicero
1063 3560 1179 3618 uiderat
1196 3569 1226 3617 ot
1242 3559 1329 3617 audl-

249 3662 333 3707 verat
350 3648 451 3708 Rhodi
475 3650 576 3719 (Tunc.
600 3649 640 3709 ll.
663 3650 712 3716 61,
736 3648 772 3705 de
794 3648 833 3705 N.
859 3647 896 3704 Ι).
920 3647 943 3705 Ι.
969 3648 997 3713 6,
1025 3646 1175 3703 Plutarch.
1198 3644 1260 3704 cia
1285 3649 1328 3717 4).

249 3738 380 3792 Venerat
411 3734 498 3791 etiarn
523 3735 646 3791 Romam
678 3734 754 3790 circo
778 3732 810 3791 C.
834 3732 922 3789 Marii
947 3741 1069 3788 mortem
1094 3730 1188 3801 (Srid.
1211 3750 1239 3785 s.
1262 3729 1329 3786 llo·

248 3806 415 3888 arrdaiamc,
439 3820 519 3876 Plut.
545 3821 620 3876 hlar.
640 3820 701 3891 45).
749 3818 796 3874 Ad
826 3836 891 3873 eum
917 3817 1021 3875 (icero
1051 3826 1116 3890 post
1140 3815 1327 3872 consulatum

249 3905 363 3960 litteras
386 3904 464 3960 ruisit
488 3904 535 3973 (ad
560 3905 623 3960 Att.
648 3904 688 3959 ΙΙ.
716 3907 740 3969 1,
766 3904 806 3975 2).

338 3989 429 4056 Quadi
456 3989 670 4062 Theophrastus)
691 3987 787 4043 Etiam
802 3985 868 4064 [Ιῖ,]
881 4006 937 4061 mg.
951 3985 1041 4053 Crat„
1060 3985 1123 4041 cod.
1136 3984 1223 4053 Mor,
1247 3983 1324 4041 Pell.

247 4075 394 4147 praeterii
413 4083 440 4129 ct
454 4072 532 4131 Oxx.
551 4090 652 4129 oannes
669 4073 891 4145 Theoplnustmn,
915 4080 946 4127 nt
970 4071 1042 4127 satis
1065 4079 1177 4126 certum
1195 4069 1243 4138 ait,
1266 4086 1326 4125 non

247 4159 338 4214 somn
369 4159 398 4214 u
422 4159 498 4215 rrae.
522 4168 550 4213 a
574 4157 641 4214 (ezra
665 4157 749 4212 caan.
778 4142 853 4212 suin,
883 4155 988 4224 fursee,
1017 4155 1067 4211 aa
1097 4154 1126 4210 u
1155 4154 1221 4211 coa.
1245 4153 1326 4209 aren..

246 4243 284 4299 Et
307 4252 404 4299 tamen
428 4253 507 4299 recte
523 4242 619 4299 Aldus
642 4241 840 4297 accussatirum
860 4240 995 4305 mutavit,
1019 4259 1055 4296 cx
1079 4236 1326 4315 praecedentibus

246 4327 415 4384 horninibus
438 4338 544 4383 ortum.
584 4329 629 4382 hc
653 4345 688 4382 ne
712 4327 777 4399 quis
801 4325 958 4381 defendere
981 4334 1117 4381 coactura
1146 4324 1214 4397 quid
1239 4323 1327 4380 Thea

242 4414 406 4486 phraatumt
429 4411 630 4486 sustentatibus
654 4430 811 4467 annexum.
836 4410 983 4483 ecupritur:
1006 4410 1091 4483 prlicit
1113 4410 1247 4484 Epicurei
1267 4416 1323 4465 cet.
