3030 5086
470 498 513 542 nr
537 495 618 543 unu.
641 496 703 542 nra.
727 497 738 541 1
761 497 833 541 cnr.
856 499 894 544 ao,
916 496 1049 556 (sa-ro.)
1237 480 1297 543 129

218 672 336 746 quanto
364 665 397 729 id
424 664 455 727 in
484 664 642 728 hominum
670 664 893 729 consuetudine
922 662 1042 728 facilius
1070 662 1137 728 fieri
1160 666 1299 746 potuerit

218 776 250 831 et
271 767 403 831 iustius?
448 768 498 830 70.
522 765 601 831 Sunt
622 773 735 844 autem,
758 765 812 846 qui
834 764 947 844 dicant
970 764 1082 830 foedus
1104 784 1174 831 esse
1196 768 1296 848 quod-

291 1009 308 1050 1,
328 1003 452 1067 poteritC
482 1009 510 1075 ¹2.
530 1003 609 1053 diasat
627 1004 748 1054 EPMCR
775 1003 892 1066 quoddam
912 1021 963 1053 care
982 1004 1047 1055 COr.
1076 1002 1194 1067 quoddam
1214 1006 1296 1056 omit.

220 1211 345 1269 Bakium
368 1211 405 1267 ad
423 1210 484 1270 Cic.
497 1211 587 1286 Legg.
600 1231 627 1286 p.
642 1211 702 1268 463
727 1220 844 1267 secutus
867 1211 999 1286 scripsit:
1027 1245 1064 1254 —
1087 1232 1168 1286 equos
1192 1215 1297 1270 ludicra

219 1316 305 1353 cuerc.
324 1306 373 1353 out
391 1316 448 1353 oca.
465 1298 665 1365 cousuettcdz'uc3
688 1314 755 1351 narn
775 1306 804 1352 et
822 1296 899 1352 nude
922 1298 1107 1372 cotrsuctudinc
1129 1298 1186 1354 dici
1210 1299 1297 1356 debet

219 1400 273 1438 nec
296 1384 402 1439 tardiora
425 1401 510 1438 exerc.
533 1392 580 1436 ortt
602 1401 658 1438 vert.
684 1380 870 1438 consoctndiue
891 1379 970 1450 fana,
995 1382 1082 1438 urbes
1105 1383 1296 1452 adamantur;

218 1485 396 1541 quamquam
425 1487 477 1542 per
500 1486 530 1522 se
554 1466 649 1522 minus
672 1467 823 1524 commode
847 1485 911 1522 cnm
935 1466 1023 1524 rebus
1046 1469 1191 1526 externis.
1221 1487 1296 1544 quae

219 1553 407 1612 adamantur.
436 1553 653 1626 coniunguntur
679 1553 710 1607 in
739 1552 793 1607 hac
821 1551 972 1608 hominum
1001 1553 1221 1629 comparatione
1249 1573 1301 1620 ac-.

219 1636 338 1713 tiones]
384 1638 541 1694 Eccrceadz'
561 1637 666 1694 Cicero
690 1637 766 1693 dixit
788 1656 841 1712 pro
864 1657 892 1693 ac
914 1640 1067 1696 coercendi.
1090 1642 1295 1699 coercitatiouia.

219 1723 339 1797 propria
361 1723 488 1796 quadam
511 1723 645 1798 gerundii
669 1730 824 1797 potestate,
848 1740 923 1795 quae
946 1740 1011 1778 oum
1034 1723 1103 1780 iude
1126 1734 1191 1781 orta
1210 1736 1296 1789 esset.

218 1808 295 1882 quod
319 1808 465 1864 interdum
488 1807 662 1883 gerundium
686 1827 744 1864 non
767 1807 804 1863 ad
827 1807 923 1882 ipsum
940 1808 1103 1864 sententiae
1121 1809 1296 1871 subiectum.

219 1893 269 1950 sed
298 1892 335 1949 ad
363 1893 452 1950 aliam
481 1893 638 1968 cogitatam
668 1911 824 1967 personam
853 1902 904 1948 aut
931 1912 990 1949 rent
1016 1892 1177 1950 referretur
1199 1897 1244 1965 (ut
1265 1895 1295 1952 in

218 1987 288 2034 noto
311 1977 378 2034 illo:
406 1981 459 2034 artat
481 1980 596 2034 ot'dcado
611 1981 742 2051 sconiae),
771 1977 913 2053 paulatim
937 1997 972 2034 eo
995 1997 1151 2054 progressa
1174 1991 1234 2050 est,
1263 1991 1297 2037 nt
1354 1977 1360 1989 ’

217 2063 390 2138 gerundium
414 2063 551 2139 genetivo
574 2081 644 2120 casu
667 2082 724 2118 non
748 2072 807 2118 tam
831 2062 948 2138 passive
972 2081 1058 2137 quam
1083 2083 1136 2138 pro
1159 2066 1297 2122 substan·
1394 2099 1400 2109 ·

219 2148 289 2225 tivo·
306 2147 416 2205 verbali
439 2157 607 2224 poneretur.
652 2149 704 2218 (Et
725 2147 777 2204 alii
800 2156 830 2204 et
852 2148 984 2204 Kritzius
1014 2144 1051 2204 ad
1075 2149 1208 2208 Sallustii
1231 2152 1296 2226 Ing.

220 2235 259 2290 62
283 2232 312 2288 in
336 2233 438 2289 eodem
462 2243 530 2290 sunt
553 2253 666 2303 errore,
695 2234 730 2289 de
754 2251 812 2306 quo
836 2233 898 2289 dixi
921 2234 957 2289 ad
982 2239 996 2303 ξ
1021 2235 1076 2303 60;
1105 2254 1163 2291 non
1187 2236 1296 2293 discer-

218 2328 292 2374 nunt
324 2318 447 2392 primam
483 2318 625 2394 originem
655 2318 881 2375 constructionis
911 2327 940 2374 et
968 2337 1051 2375 usum
1081 2318 1197 2395 longius
1229 2340 1296 2397 pro·

218 2422 365 2479 gressum3
393 2404 493 2478 itaque
515 2404 545 2459 in
569 2412 717 2460 contortas
741 2403 954 2477 explicationes
977 2413 1007 2460 et
1028 2402 1119 2461 falsas
1141 2405 1296 2480 incidunt.)
1357 2437 1359 2440 ⁴

219 2489 268 2547 sic
291 2490 380 2545 Tusc.
402 2490 432 2554 I.
457 2489 496 2544 53
520 2489 640 2545 dicitur:
671 2491 763 2545 cctcm'a
786 2489 834 2544 hoc
853 2491 1016 2563 principium
1038 2500 1077 2546 cat
1099 2493 1235 2552 movendi.
1266 2491 1295 2548 id

219 2583 279 2640 est,
309 2593 338 2630 se
359 2575 495 2640 movendi,
524 2584 610 2630 motus
633 2573 695 2646 (ubi
719 2592 776 2630 non
800 2582 934 2630 contorte
957 2574 1066 2644 solum,
1096 2575 1147 2632 sed
1170 2577 1296 2633 absurde

218 2659 299 2716 aliud
323 2659 487 2716 subiectum
510 2663 688 2733 quaeratur),
713 2668 742 2714 et
765 2659 859 2716 Acad.
875 2659 917 2730 Π,
933 2659 1008 2715 101:
1031 2670 1060 2717 ut
1081 2663 1106 2716 ci
1126 2680 1190 2718 vcro
1213 2663 1296 2719 mrclta

219 2746 361 2801 uideantur
388 2764 472 2820 oreque
499 2755 585 2800 tomen
613 2745 710 2800 dobere
731 2747 861 2816 iusipucm
880 2746 955 2800 illum
975 2747 1142 2820 permittendi
1162 2748 1297 2823 (percep-

219 2829 319 2901 tionis)
342 2840 440 2888 notom.
471 2826 553 2909 [Liv.
578 2831 616 2899 V,
642 2831 691 2898 27,
716 2831 733 2884 2
764 2831 839 2885 lusto
867 2831 1059 2904 escrceudique
1087 2849 1179 2888 causa.
1225 2832 1306 2889 Alia.

218 2915 303 2990 posui
326 2914 356 2970 in
380 2914 505 2989 praefat.
529 2914 587 2971 vol.
611 2914 660 2971 III
684 2918 745 2989 p.1
773 2913 849 2970 Livii
878 2933 895 2969 a
924 2933 969 2969 me
998 2924 1027 2971 et
1049 2915 1191 2992 Ussingio
1214 2917 1296 2986 editi,

218 3019 245 3074 p.
264 2997 400 3078 XXIX]
446 3000 532 3074 Quod
556 3001 648 3074 possit
671 3000 799 3074 cuipiam
822 2999 853 3055 in
876 3008 1003 3055 mentem
1027 3001 1142 3070 venire,
1171 3001 1201 3056 iu
1229 3002 1296 3077 ipso

218 3087 358 3141 arerccndi
385 3086 489 3153 verbo,
520 3103 585 3140 cum
617 3085 652 3139 de
681 3084 848 3139 hominibus
877 3102 908 3140 se
938 3085 1144 3142 exercentibus
1173 3087 1295 3151 dicatur.

218 3170 373 3226 transitum
397 3170 523 3242 aliquem
548 3169 691 3225 eiusmodi
714 3169 776 3225 fieri
800 3168 836 3224 ad
860 3169 1022 3225 neutralem
1041 3189 1134 3230 usum.
1158 3172 1294 3245 quoniam

218 3255 306 3310 etiam
336 3256 367 3311 II
396 3255 431 3310 de
455 3254 538 3312 Orat.
565 3256 624 3310 287
649 3254 777 3310 dicatur:
806 3257 899 3310 ceteris
926 3258 953 3311 iu
981 3275 1075 3329 curnpo
1103 3258 1316 3328 coercentibus„

217 3340 247 3395 id
271 3359 328 3396 non
352 3351 410 3396 tam
435 3340 472 3395 ad
496 3340 550 3395 hoc
574 3339 694 3395 verbum
719 3357 806 3412 quam
830 3339 867 3395 ad
889 3339 969 3396 illius
993 3340 1141 3416 participii
1162 3342 1294 3417 proprie·

218 3432 308 3481 tatem
328 3435 469 3499 spectare
498 3425 604 3481 docent
632 3425 690 3480 duo
714 3424 847 3482 Sretonii
871 3423 942 3482 loci.
977 3425 1007 3481 in
1036 3426 1091 3482 Iul.
1117 3428 1155 3482 26
1180 3431 1297 3502 (rpm'quc

217 3512 319 3566 dictata
341 3511 520 3567 coercentibus
543 3511 650 3582 claron)
674 3519 703 3565 et
726 3511 804 3584 Aug.
829 3510 878 3565 98.
923 3509 1026 3568 Simile
1054 3520 1099 3567 est
1128 3512 1219 3587 igitur
1241 3513 1296 3570 hoc

218 3596 254 3664 ci,
278 3595 355 3669 quod
378 3596 408 3650 in
431 3595 497 3651 aliis
520 3594 636 3660 accidit,
660 3603 692 3651 ut
714 3595 744 3650 in
759 3599 870 3667 plancus
882 3595 1069 3667 (Ramshorn.
1081 3615 1109 3671 p.
1126 3599 1182 3653 171
1197 3598 1241 3653 ed.
1256 3599 1295 3671 2).

218 3680 269 3735 sed
299 3680 425 3736 maxime
454 3680 483 3736 iu
512 3699 636 3740 *cersona
661 3699 792 3754 poscens,
821 3681 930 3746 oclcns3
964 3699 1031 3738 nam
1060 3681 1149 3738 stiam
1178 3687 1297 3740 coerceri

218 3766 345 3838 quodam
369 3766 455 3821 modo
482 3785 534 3840 pro
558 3765 715 3840 deponenti
739 3765 891 3821 dicebatur
914 3766 949 3821 de
973 3784 1127 3841 corporum
1151 3768 1296 3825 exercita-

217 3850 305 3907 tione.
351 3847 503 3930 [rlsinuouto
524 3861 609 3912 aestu,
633 3849 717 3907 Caes.
740 3850 774 3906 Β.
800 3849 838 3908 G.
861 3851 918 3914 III.
945 3848 1009 3929 12]

298 3935 428 4010 potuerit)
447 3937 555 3991 Parum
574 3945 661 4010 aptus
679 3944 810 3991 estuans
829 3936 999 4010 potentialis
1015 3935 1128 3993 formae
1146 3936 1175 3991 in
1194 3937 1294 3994 huius·

219 4021 295 4076 modi
314 4020 545 4095 interrogatione
561 4022 634 4082 eius.
653 4021 702 4093 qui
720 4020 921 4076 concludendo
934 4031 1048 4096 urgeat,
1065 4039 1218 4097 nugasque
1235 4022 1296 4098 agit

219 4104 311 4163 Gaius
335 4106 370 4161 de
394 4106 527 4180 optativa
549 4105 641 4162 futuri
664 4106 762 4161 exacti
785 4106 814 4160 vi
838 4114 865 4160 et
891 4107 929 4161 25
954 4107 1026 4162 locis
1049 4105 1215 4174 Ciceronis,
1245 4107 1295 4163 ubi

214 4177 290 4247 illud
321 4191 414 4260 „citra
437 4191 500 4246 ius“
532 4191 760 4247 exterminatum
784 4191 835 4257 sit,
865 4191 1002 4264 loquens;
1037 4210 1091 4247 nec
1119 4191 1295 4249 indicativus

217 4274 308 4331 futuri
338 4276 434 4331 exacti
465 4295 517 4350 pro
546 4276 671 4351 simplici
694 4276 724 4333 h.
748 4275 768 4333 l.
793 4275 882 4331 ullam
912 4294 949 4332 ex
973 4277 1008 4333 iis
1031 4276 1296 4351 significationibus

216 4359 324 4416 habere
359 4371 470 4436 potest,
513 4381 588 4436 quae
622 4360 701 4435 apud
735 4360 908 4419 Ciceronem
942 4362 1038 4418 inesse
1071 4361 1183 4431 solent3
1223 4362 1293 4431 (vid.

1073 4464 1088 4506 9
