3030 5086
216 504 260 567 IV
385 582 390 598 ⁶
653 511 849 562 raanranro.

217 688 435 755 inveniendum
462 688 641 769 progressio
668 695 722 749 aut
745 684 879 765 denique
901 684 1055 748 dubitatio
1077 685 1289 750 admonitione

216 798 319 879 digna.
354 796 473 861 Deinde
490 793 698 860 incredibilem
713 791 877 856 Goerenzii
893 791 1054 870 inscitiam,
1072 792 1288 873 ignorantiam,

216 903 455 986 perversitatem
471 920 528 984 per
546 903 602 966 hos
621 909 652 966 et
667 900 746 965 ahos
764 899 922 964 Ciceronis
944 898 1042 964 libros
1063 910 1240 980 grassatam
1257 909 1289 966 et

215 1013 356 1091 aliorum,
374 1011 466 1077 etiam
485 1028 601 1084 eorum,
619 1026 699 1090 quos
715 1007 796 1072 illius
812 1006 1097 1088 superbiloquentia
1113 1009 1288 1089 deceperat,

217 1138 339 1185 errores
367 1125 522 1201 perpetua
548 1115 734 1182 refutatione
760 1124 792 1181 et
818 1115 1021 1181 insectatione
1042 1116 1185 1197 indignos
1207 1117 1288 1182 iudi-

217 1245 346 1292 cassem.
391 1226 508 1290 Vemm
535 1225 612 1290 haec
640 1243 721 1290 nunc
747 1226 786 1289 de
814 1222 1042 1288 commentariis
1074 1231 1148 1288 ante
1175 1225 1288 1290 multos

217 1353 316 1399 annos
339 1333 519 1415 compositis
541 1333 706 1398 detrahere
728 1340 760 1397 et
781 1350 938 1410 resecare,
961 1338 1182 1413 praeterquam
1205 1335 1287 1413 quod

217 1443 353 1524 alioquin
386 1443 550 1507 molestum
583 1440 733 1521 multique
761 1438 910 1520 temporis
939 1447 1021 1516 erat,
1055 1458 1094 1504 ne
1121 1451 1289 1520 propterea

217 1550 343 1631 quidem
354 1550 474 1628 boebat,
492 1549 575 1630 quod
592 1567 736 1630 magnam
748 1554 869 1629 partem
887 1565 955 1611 cum
973 1547 1288 1628 iistisputationibus

217 1658 553 1738 admonitionibusque,
581 1662 713 1738 propter
739 1674 817 1739 quas
840 1674 952 1719 novam
973 1653 1064 1720 huius
1085 1654 1156 1719 libri
1178 1656 1287 1721 editio-

218 1784 288 1830 nem
310 1785 330 1830 a
352 1765 507 1837 nonnullis
530 1764 632 1846 expeti
655 1763 832 1838 credebam,
856 1762 900 1827 ita
922 1780 1061 1827 connexa
1082 1763 1289 1844 copulataque

218 1880 317 1952 erant,
339 1882 374 1937 ut
396 1872 499 1937 divelh
522 1872 572 1936 vix
593 1876 729 1952 possent
765 1871 814 1949 Et,
835 1877 870 1934 ut
892 1888 999 1934 verum
1022 1869 1131 1949 fatear,
1154 1869 1289 1937 fortasse

219 1999 258 2045 ne
279 1999 361 2045 nuuc
378 1980 502 2060 quidem
520 1978 637 2043 inutilis
654 1979 713 2043 erit
734 1997 835 2059 neque
856 1977 917 2055 illa,
940 1979 969 2041 in
993 1996 1055 2041 uno
1076 1980 1185 2044 saltem
1203 1980 1288 2045 Cice-

218 2088 304 2152 ronis
337 2104 445 2168 opere,
478 2094 630 2167 perpetua
662 2086 844 2164 declaratio,
878 2105 971 2169 quarn
1003 2086 1116 2151 misere
1149 2088 1289 2153 homines

217 2195 349 2260 luserint
375 2195 514 2259 codicum
542 2194 800 2274 interpolatorum
828 2194 963 2259 ludibria
990 2193 1164 2276 leviumque
1186 2197 1288 2276 suspi-

218 2303 339 2368 cionum
359 2309 538 2380 commenta,
561 2309 593 2367 et
614 2320 706 2382 quarn
729 2302 812 2367 lente
827 2301 1027 2383 instabilique
1043 2303 1145 2382 gradu
1162 2305 1203 2367 ad
1222 2322 1289 2369 oer-

218 2411 329 2475 tiorem
349 2409 570 2477 Ciceronianae
587 2409 736 2474 orationis
758 2407 890 2474 sormam
912 2416 1094 2490 perventum
1117 2411 1166 2489 sit,
1189 2430 1290 2492 neque

220 2518 297 2583 haec
317 2517 419 2582 inanis
441 2524 472 2583 et
494 2517 683 2598 impudentis
705 2517 916 2598 loquacitatis,
944 2536 1024 2598 quae
1053 2537 1152 2598 neque
1180 2538 1230 2583 ras
1259 2529 1290 2584 et

219 2626 390 2690 sententias
412 2625 599 2691 intellexerit
624 2644 723 2705 neque
752 2626 904 2690 sermonis
932 2625 1015 2707 leges
1042 2634 1221 2707 motumque
1242 2636 1290 2692 te·

219 2733 324 2798 nuerit
343 2732 653 2812 animadverteritve,
682 2740 737 2797 aut
757 2734 895 2798 incertae
917 2732 1156 2815 fluctuantisque
1179 2735 1289 2815 opina·

218 2841 312 2905 tionis
334 2839 364 2904 in
386 2840 607 2920 multiplicibus
623 2840 771 2921 exemplis
794 2841 1016 2906 demonstratio
1039 2850 1071 2906 et
1087 2840 1290 2922 reprehensio

220 2967 292 3013 cum
311 2957 416 3013 rectae
437 2948 567 3013 rationis
590 2948 793 3028 explicatione
822 2958 853 3013 et
880 2967 949 3016 curn
971 2948 1069 3014 libero
1092 2950 1228 3030 quodem
1249 2951 1291 3016 de

220 3056 288 3138 ipso
311 3056 458 3121 Cicerone
486 3055 598 3119 iudicio
620 3056 792 3120 coniuncta.
837 3055 914 3120 Cum
935 3056 1039 3137 itaque
1060 3057 1197 3122 universi
1219 3057 1292 3123 libri

219 3182 289 3229 earn
316 3163 461 3241 formam,
494 3182 575 3244 quae
602 3163 673 3228 olim
701 3163 809 3229 effecta
836 3172 933 3242 esset,
966 3164 1087 3229 servari
1113 3165 1291 3245 placuisset,

220 3272 374 3349 restabat,
396 3278 432 3335 ut
453 3290 560 3337 omnes
582 3271 647 3337 eius
670 3280 784 3352 partas,
807 3270 954 3353 adhibitis
977 3273 1083 3353 etiarn,
1106 3266 1218 3354 si'qua
1239 3274 1291 3339 alii

220 3385 292 3459 post
314 3398 342 3442 a.
362 3379 444 3443 1839
466 3380 638 3460 prudenter
665 3387 697 3445 et
723 3379 839 3444 utibter
861 3380 902 3443 ad
924 3379 982 3444 hos
1003 3379 1100 3445 libros
1122 3382 1291 3446 emendan—
1327 3431 1333 3443 .

222 3487 279 3551 dos
302 3488 536 3552 enarrandosvc
557 3488 773 3565 contulissent,
802 3487 911 3566 adid,
939 3489 1023 3568 quod
1050 3507 1132 3552 nunc
1159 3488 1233 3554 nrihi
1260 3490 1292 3554 in

221 3611 345 3675 quoque
373 3593 440 3658 loco
463 3613 571 3660 verum
598 3602 630 3659 et
657 3602 774 3660 rectum
797 3595 969 3674 videretur,
997 3596 1202 3676 exigerentur.
1247 3599 1293 3661 hc

221 3701 365 3781 primum,
382 3720 451 3766 cum
464 3703 606 3768 Halmius
625 3710 657 3768 et
671 3703 826 3782 Baiterus,
845 3722 976 3783 quorum
993 3703 1043 3769 hic
1060 3704 1116 3767 hos
1132 3703 1227 3768 libros
1244 3704 1291 3768 bis

221 3810 400 3889 recognovit
417 3812 511 3892 (1861
537 3819 577 3887 et,
599 3810 775 3875 consociata
797 3828 866 3874 curn
890 3813 1029 3893 Kaysero
1052 3812 1163 3877 edendi
1185 3830 1291 3893 opera,

224 3917 329 3998 1863),
351 3917 466 3981 codicis
488 3917 695 3999 antiquissimi
716 3929 748 3983 et
770 3918 885 3998 optimi,
907 3919 1040 3983 Palatini
1063 3920 1169 3999 primi,
1192 3920 1291 4001 scrip·

223 4031 311 4089 turas
334 4025 424 4105 plene
452 4034 617 4092 annotatas
645 4027 817 4092 edidissent
843 4026 1090 4107 adiecissentque
1117 4026 1246 4092 alterius
1275 4049 1292 4092 e

223 4132 350 4196 meliore
376 4152 490 4213 genere
517 4135 631 4199 codicis
653 4135 837 4217 Erlangeusi
865 4133 1009 4199 simillimi
1035 4133 1229 4199 collationem
1252 4136 1292 4202 de

222 4239 352 4321 ipsoque
363 4240 546 4322 Erlangensi
563 4241 740 4323 diligentius
753 4244 892 4323 inspecto
905 4242 1026 4324 plenius
1042 4249 1074 4306 et
1091 4242 1205 4307 rectius
1223 4243 1291 4324 plu-

223 4346 309 4411 ribus
332 4348 406 4412 locis
423 4349 627 4415 tradidissent
644 4352 698 4432 (de
716 4370 778 4431 qua
795 4350 1001 4415 subsidiorum
1018 4350 1195 4417 accessione
1212 4370 1292 4433 quae

224 4456 400 4521 necessaria
416 4457 501 4522 dictu
517 4464 616 4538 erant,
636 4457 791 4540 superiori
807 4456 995 4539 praefationi
1011 4459 1206 4541 interposui),
1225 4478 1291 4524 om·
