3030 5086
244 461 307 528 862
520 478 625 524 mona
649 478 765 526 annun
787 478 831 524 au
854 477 1042 525 vuanoauu.

243 649 343 708 Neutri
355 652 460 724 qenm'a
478 649 578 724 potius
590 668 678 724 quam
690 668 754 706 neu·
807 647 906 709 Officii
929 648 1011 705 notio
1034 647 1136 707 Stoica
1156 650 1233 717 441;
1255 649 1318 722 offi-

286 738 354 792 triae
378 735 448 793 579.
848 738 917 791 aum
939 732 1041 800 absol,
1065 732 1095 790 id
1112 743 1166 802 oet,
1191 733 1317 790 medium

243 819 321 878 llltlit
343 838 396 895 pro
419 839 470 875 non
495 820 564 876 200.
849 821 925 881 446;
950 817 1008 874 vid.
1033 815 1132 876 Stoici.

243 903 422 978 llimioapud
436 902 668 979 comparativum
683 904 754 961 577.
803 893 976 977 Ὁμολογία,
1000 892 1243 976 ὁμολογουμένως
1267 896 1318 975 ζῆν

242 989 308 1047 Neai
328 1007 419 1065 prave
442 988 581 1046 omissum
606 989 676 1047 658.
850 988 921 1054 374,
946 989 1016 1045 500.

242 1073 341 1132 Naue
362 1083 387 1130 a
408 1074 466 1131 dica
490 1075 560 1132 101.
808 1072 918 1148 Oportet
929 1091 993 1130 curn
1007 1070 1317 1140 infinitivoactivolii.

241 1157 451 1218 Nominativua
473 1158 545 1215 dure
562 1158 753 1233 interpositus
808 1157 915 1233 Oppido
938 1157 1008 1215 399.

284 1261 350 1301 oum
373 1253 403 1300 ut
428 1243 503 1312 1693
526 1243 589 1300 eina
609 1243 700 1300 verbo
722 1243 752 1299 in
805 1241 909 1302 Oratio
922 1242 1043 1317 obliqua
1054 1241 1200 1298 transiens
1212 1241 1241 1297 in
1253 1259 1317 1298 reu·

284 1328 414 1385 breviter
429 1328 585 1385 iudicando
600 1330 676 1395 258;
699 1345 753 1403 pro
848 1337 906 1385 tam
932 1329 985 1396 67;
1015 1326 1092 1383 inter
1114 1326 1263 1401 obliquam
1288 1335 1317 1382 et

284 1413 384 1471 dativo
402 1413 480 1488 apud
496 1432 554 1470 ease
566 1413 642 1481 2433
660 1413 753 1470 nomi·
846 1423 956 1469 rectam
979 1413 1124 1469 fluctuans
1148 1412 1219 1480 413,
1243 1411 1316 1481 428,

283 1516 354 1555 nuru
372 1498 556 1573 propriorum
570 1497 752 1556 Graecorum
848 1499 919 1565 5093
931 1495 1317 1571 finitaretentaproiniinita

283 1583 396 1659 primae
436 1583 641 1641 declinationis
676 1583 752 1654 3033
846 1581 1315 1650 incondicionaliaententia4293

283 1667 313 1724 in
336 1687 369 1724 on
392 1677 421 1724 et
444 1687 459 1724 ο
483 1669 552 1725 171.
846 1668 986 1743 bipertita
998 1666 1142 1724 dissoluta
1156 1675 1184 1723 et
1197 1666 1316 1723 turbata

240 1751 304 1810 Non
323 1762 351 1809 et
364 1772 447 1821 nerine
461 1754 534 1819 152;
554 1773 605 1809 non
622 1755 702 1823 allae,
719 1761 752 1809 ut
846 1770 910 1811 exo.
924 1755 948 1823 1,
963 1754 1022 1812 785
1036 1771 1101 1827 aqq.
1126 1750 1231 1811 Oratio
1246 1768 1316 1809 con·

283 1837 322 1895 eit
344 1840 442 1901 nullae.
465 1838 542 1907 480;
566 1857 617 1894 non
639 1848 694 1895 tam
718 1840 750 1907 63
845 1838 994 1895 iunctione
1006 1855 1109 1894 carena
1127 1836 1156 1892 in
1170 1836 1316 1893 sententia

282 1942 335 1979 non
357 1925 434 1980 modo
462 1941 519 1979 non
549 1923 669 1999 ponitur
696 1941 750 1998 pro
845 1921 1315 1990 interiecta85.766;nonetatim

282 2027 333 2065 non
356 2009 432 2064 modo
454 2028 505 2065 non
522 2019 590 2065 ante
607 2010 657 2065 aed
672 2012 751 2065 etiam
845 2008 1045 2084 progrediens,
1063 2026 1123 2082 quo
1141 2005 1244 2075 tendit,
1264 2008 1314 2076 41,

285 2093 340 2162 25;
369 2113 421 2149 non
444 2112 560 2168 prorsas
588 2104 617 2150 et
636 2111 752 2169 pror-tua
846 2092 1315 2168 7453minusdiligenteretructa,

282 2198 334 2235 non
364 2180 438 2247 167;
472 2199 523 2236 non
551 2188 580 2235 at
613 2197 667 2254 pro
699 2197 751 2234 non
844 2178 1018 2254 interrupta,
1041 2178 1191 2247 aberrans,
1217 2175 1315 2252 impli-

282 2282 336 2339 quo
357 2282 416 2320 non
439 2263 546 2321 dicitur
570 2266 642 2322 215.
845 2276 910 2320 cata
935 2264 964 2320 in
988 2263 1201 2321 sententiarum
1225 2280 1315 2330 nexu,

240 2346 331 2405 Nonii
351 2348 466 2406 codices
486 2350 562 2418 2193
585 2349 648 2406 eius
671 2348 750 2405 codi·
845 2349 992 2406 interdurn
1027 2367 1084 2405 non
1118 2348 1181 2405 aine
1215 2366 1315 2422 repre·

281 2451 330 2490 oea
375 2432 578 2501 ciceroniani,
626 2433 748 2505 praefat.
835 2433 987 2491 ‘honsione
1009 2436 1067 2492 102
1086 2433 1207 2507 (diversi
1226 2451 1315 2509 gene·

281 2537 310 2594 p.
324 2518 428 2577 XXV.
583 2564 586 2571 .
844 2519 885 2576 rie
897 2519 1033 2576 notiones
1044 2518 1221 2594 copulatae),
1242 2520 1313 2585 166,

239 2601 327 2660 Norae
352 2607 420 2661 148.
846 2604 922 2672 322,
948 2605 1023 2671 331,
1048 2604 1120 2674 357,
1143 2603 1220 2670 403,
1241 2603 1313 2667 422,

238 2686 321 2745 Notio
343 2698 372 2745 et
394 2691 486 2745 notitia
508 2690 584 2756 402;
615 2688 749 2745 notiones
845 2689 922 2754 433,
947 2689 1023 2760 483,
1049 2689 1119 2757 507,
1145 2689 1216 2756 527,
1241 2688 1312 2757 531,

280 2771 400 2831 innatae
429 2772 538 2831 Stoicis
567 2793 584 2829 a
607 2773 750 2832 Cicerone
847 2775 923 2843 537,
948 2777 1024 2844 551,
1050 2776 1120 2832 568.
1146 2773 1216 2837 637,
1241 2774 1313 2839 641,

281 2858 489 2927 tributae7093
501 2859 652 2915 notionum
666 2859 750 2934 origo
847 2861 917 2921 643,
937 2861 1008 2928 647,
1022 2861 1094 2929 726,
1109 2860 1184 2926 745;
1208 2856 1258 2914 cir.
1277 2858 1313 2914 de

280 2945 352 3002 401.
845 2945 982 3001 universo
1011 2945 1066 3002 hoc
1099 2961 1207 3019 genere
1236 2944 1312 3009 785;

237 3026 385 3085 Numercrt'
402 3028 531 3085 breviter
548 3029 657 3085 dictum
677 3029 747 3086 547.
844 3030 939 3087 oratio
954 3019 1163 3092 ἅνακόλοοθος
1174 3027 1250 3085 falso
1263 3027 1311 3086 Ci-

237 3112 395 3171 Numerue.
408 3114 565 3171 Transitua
577 3133 594 3169 a
606 3113 749 3189 singulari
843 3115 941 3171 ceroni
960 3113 1070 3170 tributa
1087 3114 1137 3178 43,
1156 3114 1225 3174 210.
1240 3114 1311 3170 412.

279 3197 316 3257 ad
345 3199 489 3274 pluralem
513 3200 552 3256 55
582 3199 623 3272 (in
652 3199 749 3274 prima
803 3200 880 3258 On'ri
905 3209 934 3256 et
955 3202 1056 3257 eaoriri
1079 3199 1154 3266 720;
1184 3201 1251 3254 oriri
1276 3198 1311 3254 ab

278 3287 427 3359 persona),
448 3284 506 3342 137
520 3285 747 3359 (postulerqua);
842 3288 934 3360 aliquo
969 3282 1213 3354 Ciceronianam,
1253 3301 1310 3340 non

279 3387 298 3425 a
314 3369 423 3445 plurali
436 3370 484 3440 (de
501 3373 621 3444 genere)
633 3369 670 3426 ad
688 3369 746 3426 ein·
842 3374 909 3427 oriri
930 3372 1029 3443 aliquo,
1055 3369 1127 3427 727.

278 3454 410 3531 gularem
442 3455 516 3523 179,
556 3454 642 3510 aliter
671 3454 746 3523 248;
800 3455 925 3514 Oroetes
950 3456 1020 3512 775.

279 3538 402 3614 pluralia
425 3549 490 3614 post
514 3539 668 3596 collectiva
692 3542 747 3609 573
796 3530 1312 3614 Ὠφέλημα,ὠφελεῑοοροόὃῐοίοοε

278 3624 361 3681 verbi
392 3625 531 3681 notabilis
562 3627 638 3694 265,
668 3627 744 3696 467;
842 3627 914 3693 400,
939 3627 1011 3683 461.

278 3709 436 3785 singularis
460 3710 541 3766 verbi
570 3710 647 3786 apud
671 3710 746 3766 subi.

278 3795 394 3870 plurale
411 3805 532 3870 propter
543 3799 657 3869 quiaque
670 3798 746 3865 682;
798 3796 890 3851 Poene
912 3794 1118 3869 interpositum
1144 3793 1192 3851 13.

278 3879 401 3955 pluralis
440 3881 468 3936 in
509 3879 634 3956 dialogis
674 3881 746 3950 537,
798 3879 1309 3954 Polataadubiumpropalatum184.

279 3966 349 4022 546.
799 3965 933 4021 Panaetii
952 3964 1114 4021 sententiae
1132 3963 1263 4021 mitiores
1281 3973 1311 4020 et

235 4049 341 4106 Nature
365 4050 436 4109 143.
841 4050 916 4106 liber·
939 4050 974 4106 de
997 4048 1097 4106 dolore
1121 4050 1191 4107 516.

235 4134 326 4192 Natus
349 4138 398 4192 45.
425 4197 428 4202 .
798 4137 920 4192 Paratus
943 4135 1086 4191 anbelant.
1113 4135 1182 4192 699.

798 4222 872 4277 Pars
895 4221 1040 4289 absolute,
1063 4220 1092 4276 id
1113 4229 1166 4283 est,
1189 4221 1310 4294 corporis

238 4306 360 4362 Obtinere
383 4308 452 4375 262,
477 4305 548 4362 636,
703 4317 707 4323 '
837 4325 909 4380 pura
922 4310 975 4374 34;
994 4306 1122 4373 enuntias,
1141 4307 1230 4362 multia
1238 4324 1307 4380 pur·-

237 4391 383 4447 Occurrere
406 4393 454 4460 42,
479 4391 550 4447 325.
841 4391 911 4447 tibus
935 4391 1005 4447 324.
