3030 5086
217 443 282 508 426
608 460 653 504 nn
676 458 806 506 Firmus
829 457 900 504 non.
934 448 938 455 '

218 629 346 706 habere,
373 636 409 691 ut
430 628 520 708 quasi
542 627 637 692 duces
660 627 724 690 sint
744 627 786 690 ad
808 625 999 707 voluptatem
1021 627 1115 691 etad
1137 626 1294 692 valetudi-

217 749 289 795 nem
311 730 437 808 bonam,
460 731 516 794 sed
539 730 632 793 etiam
653 728 699 792 uti
722 746 759 793 ea
781 727 974 806 contineant,
1001 746 1064 792 non
1085 728 1168 793 idem
1190 727 1296 795 facere

290 973 310 1014 t.
329 966 537 1029 sequestrata
574 965 660 1033 [aas]
700 970 722 1016 r.
741 974 766 1014 n
785 965 808 1013 n
826 963 1128 1031 carnuntensem
1147 966 1235 1031 (mor.
1270 940 1273 944 ’

218 1173 345 1242 nendas,
373 1173 424 1229 sed
447 1172 524 1247 quod
547 1172 612 1246 ipsa
634 1172 778 1248 Diogenis
800 1171 1015 1246 argumentatio
1037 1191 1094 1228 non
1117 1173 1190 1230 satis
1213 1181 1296 1229 certa

219 1258 269 1316 uie
295 1266 325 1314 et
352 1258 466 1314 ratione
490 1257 632 1332 procedit.
679 1257 811 1313 Primum
840 1256 917 1312 enim
945 1267 1094 1331 tamquam
1122 1275 1294 1314 concessum

219 1343 347 1418 ponitur,
371 1343 483 1399 divitiis
499 1342 697 1398 valetudinem
721 1351 750 1397 et
773 1341 954 1416 voluptatem
977 1341 1130 1410 contineri,
1154 1342 1294 1399 virtutem

218 1439 249 1485 et
269 1438 348 1485 artes
370 1446 428 1484 nou
451 1426 610 1495 contineri,
637 1436 775 1501 recteque
798 1425 933 1482 concludi
955 1426 1079 1498 dicitur,
1107 1427 1132 1484 si
1154 1426 1295 1484 valetudo

218 1524 248 1570 et
269 1513 407 1588 voluptas
434 1512 512 1568 bona
539 1512 613 1580 sint,
642 1512 730 1568 etiam
759 1510 892 1580 divitias,
921 1529 996 1585 quae
1024 1511 1091 1569 illas
1113 1512 1294 1579 contineant,

217 1598 296 1655 bona
318 1616 390 1656 esse.
435 1596 533 1670 (Quod
556 1597 592 1653 de
615 1596 761 1672 sapientia
783 1595 913 1664 additur,
943 1596 1062 1653 omnino
1090 1597 1211 1653 adrem
1235 1603 1299 1653 non

218 1683 360 1758 pertinet,
389 1682 445 1739 nisi
470 1682 618 1758 Diogenes
646 1681 799 1756 pecuniam
829 1679 865 1735 ad
894 1680 1068 1755 sapientiem
1097 1682 1201 1738 ducem
1230 1699 1295 1739 esse

218 1786 305 1843 posse
323 1767 420 1842 dixit.)
456 1767 571 1823 Deinde
589 1776 686 1823 antem
704 1766 777 1822 illud
795 1765 902 1840 ipsum,
920 1765 983 1821 sine
1000 1784 1058 1839 quo
1076 1766 1128 1822 illa
1143 1766 1295 1824 conclusio

216 1852 294 1909 effici
317 1872 375 1909 non
397 1861 522 1927 poterat,
544 1860 693 1925 tamquam
712 1869 821 1907 norum
839 1849 1000 1906 inducitur:
1023 1850 1119 1924 Neque
1134 1853 1169 1908 ab
1186 1853 1244 1908 ulla
1265 1869 1295 1909 re

217 1946 290 2006 cet.;
314 1947 461 2012 postremo
484 1956 521 1993 ex
545 1956 594 2007 eo,
618 1937 697 2010 quod
720 1935 841 1992 divitiae
864 1953 923 1992 non
945 1935 1004 1992 sint
1025 1935 1056 1992 in
1079 1936 1180 2006 bonis,
1203 1935 1295 1993 efflei-

217 2032 274 2093 tur,
297 2032 376 2079 artes
397 2031 449 2079 aut
471 2021 574 2078 saltem
597 2021 736 2077 virtutem
754 2019 865 2077 divitiis
879 2037 937 2076 non
954 2020 1113 2090 contineri;
1136 2031 1165 2077 at
1183 2021 1221 2077 ab
1239 2021 1294 2078 hoc

218 2118 367 2181 tamquam
395 2115 476 2164 certo
504 2106 588 2162 initio
611 2106 669 2162 iarn
693 2123 782 2180 supra
803 2104 928 2180 proiecti
952 2123 1077 2162 eramus.
1120 2105 1185 2162 Nee
1207 2105 1294 2163 valde

217 2193 332 2249 iirmnm
357 2199 411 2261 est,
434 2191 633 2248 valetudinem
657 2189 768 2247 divitiis
791 2190 943 2246 contineri.
983 2191 1048 2247 Neo
1064 2198 1163 2247 tamen
1180 2190 1293 2261 dubito,

218 2278 289 2351 quin
312 2277 427 2346 Cicero,
451 2277 565 2333 etiamsi
589 2275 816 2350 disputationem
832 2275 973 2350 Diogenis
990 2275 1086 2332 minus
1108 2274 1234 2333 fortasse
1251 2274 1292 2332 di·

218 2363 344 2438 ligenter
360 2362 390 2418 in
408 2361 527 2418 brevius
539 2360 730 2429 contraxerit,
748 2379 891 2416 summam
910 2368 1007 2416 tamen
1025 2369 1103 2417 recte
1121 2360 1291 2418 reddiderit.

220 2448 297 2505 Nam
328 2446 434 2503 inuitas
462 2446 629 2503 huiusmodi
657 2445 788 2521 argutias
817 2464 920 2520 parum
948 2445 1071 2502 subtiles
1099 2445 1193 2505 Stoici
1227 2453 1293 2522 post

133 2530 136 2538 “
219 2534 378 2601 Zenonem,
401 2550 466 2588 oum
490 2549 507 2587 a
530 2530 636 2588 ceteris
658 2530 841 2605 philosophis
863 2539 1119 2605 oppugnarentur,
1142 2531 1293 2607 excogita·

218 2628 295 2673 runt.
331 2617 389 2672 Pro
411 2626 497 2673 censet
519 2615 608 2672 etiem
631 2615 754 2671 aliorum
780 2615 939 2671 deteriores
962 2615 1078 2672 codices
1089 2613 1181 2688 (Oxx.
1195 2611 1292 2691 Εξχψ,

220 2701 300 2759 Gud.
321 2704 349 2775 1)
366 2711 479 2770 carneae,
503 2720 541 2757 ex
564 2700 725 2757 editoribus
748 2711 913 2775 postremus
937 2699 1103 2769 Victorius;
1126 2710 1212 2757 censet
1233 2700 1291 2758 iem

220 2788 336 2847 Marsus
359 2796 388 2842 et
405 2785 484 2844 Crat.
508 2785 668 2858 (Gruterus
691 2793 718 2842 et
743 2785 883 2842 Davisius
905 2787 1024 2858 tacent.)
1058 2784 1198 2863 [Constat
1216 2803 1292 2842 nnnc

219 2871 255 2928 de
274 2868 414 2951 nonan]
459 2872 530 2927 Mox
556 2881 584 2927 ut
606 2877 632 2926 iu
655 2890 686 2926 en
708 2873 857 2927 contineant
878 2870 966 2926 ctiam
990 2864 1085 2944 Εξχψ,
1109 2870 1175 2928 edd.
1200 2869 1292 2940 Cret,

218 2956 297 3013 Viet.
333 2954 455 3033 [Etiam
479 2966 512 3012 nt
534 2973 611 3012 nune
630 2955 747 3023 seimus,
770 2955 853 3012 codd.
871 2954 1021 3024 meliores;
1044 2954 1294 3030 itaqneBaiterus

218 3043 259 3096 nti
278 3040 356 3097 fecit.
402 3041 496 3098 Paulo
524 3052 593 3097 ante
620 3060 672 3097 raon
699 3051 767 3097 ante
795 3060 853 3096 eam
881 3040 911 3096 in
939 3040 1099 3116 archetypo
1127 3040 1294 3110 exciderat3

218 3145 275 3182 om.
298 3127 386 3182 etiam
410 3126 445 3183 B.
491 3125 549 3184 Sed
577 3125 649 3182 satis
677 3134 757 3182 certa
785 3125 930 3200 scripture
960 3125 997 3182 ob
1020 3127 1169 3182 sedetiam
1192 3136 1221 3183 et
1244 3145 1294 3182 non

217 3213 288 3267 idem
310 3220 338 3267 et
361 3220 452 3267 totam
477 3209 679 3287 sententiam]

305 3316 355 3352 non
382 3298 452 3353 idem
473 3297 569 3369 facere
595 3295 655 3371 eas)
678 3294 784 3352 Altera
810 3313 879 3369 pars
908 3294 1051 3370 Diogenis
1073 3294 1189 3365 iudicii,
1219 3313 1294 3370 quae

218 3380 310 3456 priori
334 3400 371 3437 ex
394 3381 518 3437 adverso
541 3381 708 3455 respondet,
732 3380 794 3437 sine
817 3380 963 3454 particula
979 3379 1150 3456 adiungitur
1167 3381 1228 3452 (sed
1244 3399 1294 3437 non

217 3468 314 3538 idem),
342 3466 371 3523 in
400 3466 547 3523 sententia
573 3466 699 3523 relativa
727 3467 777 3539 (od
803 3485 873 3539 qnae
901 3484 958 3522 ease
985 3466 1042 3521 dua
1061 3468 1175 3540 pecunia
1193 3467 1295 3541 potest)

219 3551 294 3610 Cato
316 3550 476 3609 indicativo
500 3551 587 3608 modo
610 3551 716 3620 utitur,
739 3550 818 3624 quod
841 3568 924 3606 suum
948 3549 1088 3607 iudicium
1111 3569 1128 3606 a
1151 3549 1295 3627 Diogenis

218 3655 277 3693 non
300 3645 427 3712 separat.
470 3636 685 3712 Apertissimas
707 3654 754 3692 res
776 3635 904 3711 attingo;
932 3635 982 3691 sed
1007 3634 1294 3693 commemorandum

218 3733 272 3791 est,
296 3741 472 3797 quamquam
496 3721 606 3779 invitus
628 3720 715 3791 facio,
738 3720 982 3794 quemadmodum
1006 3718 1196 3778 Godofredus
1218 3721 1295 3778 Her·

218 3825 343 3864 mannus
377 3816 469 3864 totum
500 3807 577 3863 hune
610 3806 706 3863 locum
735 3807 772 3861 ab
801 3805 885 3861 initio
913 3805 1000 3861 huius
1028 3804 1133 3880 eapitis
1161 3805 1296 3862 tractarit

217 3893 259 3963 (in
283 3893 398 3949 dissert.
421 3893 457 3949 de
480 3893 515 3950 R.
538 3891 689 3962 Bentleio,
714 3889 822 3967 Opnsc.
845 3891 876 3948 ΙΙ
900 3910 927 3965 ρ.
947 3891 1029 3963 270),
1058 3900 1090 3946 ut
1113 3891 1293 3948 levissimum

217 3978 350 4035 codicum
374 3977 521 4046 mendum,
544 3978 581 4034 de
603 3996 662 4052 quo
683 3994 773 4052 supra
796 3976 904 4033 dietum
928 3986 971 4031 est
989 3977 1117 4046 (creseere
1138 3986 1163 4032 et
1185 3976 1293 4051 tomen),

218 4073 358 4120 tueretur.
404 4062 454 4121 Sic
482 4062 559 4120 anim
587 4062 660 4119 haec
688 4062 853 4118 continuat:
881 4095 913 4102 ν
946 4080 978 4117 ne
1005 4063 1039 4118 de
1066 4062 1159 4118 iorum
1186 4062 1293 4136 quidem

218 4159 257 4205 eet
279 4153 389 4206 veritate
410 4149 602 4213 dubitandum,
632 4149 695 4217 sed,
724 4166 889 4221 quamquam
911 4156 1008 4220 negant
1035 4165 1083 4203 nec
1110 4148 1221 4203 uirtutes
1248 4164 1294 4204 uec

218 4237 282 4291 vitio
309 4253 427 4291 crescere
458 4243 484 4290 et
516 4243 602 4290 tomen
635 4244 776 4308 utrumque
809 4251 898 4288 coram
925 4233 1012 4306 surrdr'
1039 4241 1151 4306 putant,
1185 4233 1294 4289 divitiae

113 4317 115 4322 ’
218 4329 304 4376 utitem
329 4320 463 4393 Diogenes
485 4329 570 4376 certaet
592 4339 643 4375 non
666 4338 722 4375 eom
747 4320 824 4375 modo
845 4321 897 4374 eim
921 4318 1030 4383 dobere,
1059 4327 1088 4373 ut
1110 4320 1193 4391 quusi
1213 4319 1294 4375 disces
