3030 5086
218 476 281 541 166
607 493 652 539 ps
674 493 806 541 sturnus
829 494 900 542 sor.

196 660 251 726 'nt
272 662 303 726 in
326 662 486 743 voluptate
508 661 558 739 sit,
580 661 632 743 qui
654 662 806 742 epuletur,
828 664 860 727 in
883 664 1000 743 dolore,
1024 664 1078 745 qui
1100 671 1294 745 torqueatur.

292 823 309 864 l.
328 815 375 865 rint
399 844 416 851 —
444 813 564 878 epalerrtur
586 843 611 851 -·
633 823 787 879 torqueantur
806 817 827 865 R
845 821 994 880 (torquentur
1011 816 1041 881 P)

217 964 333 1032 poterat
355 955 499 1012 scribere:
521 957 601 1013 eredo
623 960 683 1012 item
698 958 796 1030 fratri.
840 953 905 1033 [nd
928 956 985 1030 Qu.
1009 957 1059 1014 Fr.
1078 957 1119 1028 11,
1145 960 1171 1028 l,
1188 961 1220 1014 1:
1247 974 1296 1031 epo

216 1042 291 1115 qnod
311 1042 350 1097 ad
372 1061 411 1097 rne
433 1045 526 1097 attinet
547 1043 660 1116 itemque
681 1042 799 1098 arbitror
814 1052 921 1108 ceteros,
944 1044 1045 1099 idcirco
1062 1040 1161 1120 taceo]
1205 1042 1294 1101 Late·

216 1127 267 1182 bat
296 1126 369 1181 haec
397 1126 543 1201 scriptura
571 1145 628 1183 non
658 1126 781 1183 obscure
809 1127 839 1183 in
867 1127 988 1203 optimis
1015 1138 1044 1184 et
1072 1127 1134 1185 iere
1157 1127 1295 1185 omnibus

216 1211 382 1268 codicibus:
404 1214 512 1286 qrridem
534 1212 602 1281 (hoe
624 1212 655 1269 in
679 1211 739 1269 Erl.
758 1212 803 1290 [et
819 1210 859 1290 B]
877 1230 947 1270 casu
965 1213 1088 1285 excidit)
1104 1232 1197 1270 sranius
1213 1212 1295 1271 credo

215 1298 285 1353 idem
297 1316 343 1354 voe
356 1299 436 1369 (idern
448 1317 505 1373 rng.
520 1296 610 1367 Crat,
623 1298 709 1366 Pan,
723 1298 747 1355 si
761 1296 849 1356 Grut.
861 1306 940 1356 recte
952 1298 1080 1374 scripsit,
1099 1316 1210 1367 omnes,
1222 1294 1294 1379 [B];

216 1384 296 1439 credo
313 1384 429 1457 qrridenr,
452 1383 531 1456 quod
549 1395 617 1440 ante
630 1383 717 1441 Grut.
735 1384 885 1454 edebatur,
912 1384 985 1441 Dav.
1003 1393 1126 1442 annotat
1145 1402 1183 1441 ex
1195 1383 1294 1442 Mead.

216 1479 246 1524 ct
268 1468 355 1537 Ball,
379 1468 552 1542 videturque
575 1467 666 1525 fuisse
689 1469 719 1525 in
737 1468 815 1527 Oxx.
830 1469 918 1545 Uxur3
941 1468 1035 1527 Gaius
1059 1470 1168 1527 oblitus
1190 1479 1236 1526 eat
1258 1468 1296 1526 de

217 1553 278 1610 suis
306 1553 390 1610 codd.
413 1553 518 1610 dicere.
563 1554 679 1611 Deinde
707 1574 754 1610 nor
782 1563 827 1611 est
853 1555 884 1612 in
908 1550 962 1634 [B]
984 1548 1089 1630 EUZm
1123 1574 1161 1612 ex
1188 1554 1296 1612 ceteris

218 1657 275 1695 non
300 1642 477 1711 annotetur).
523 1637 601 1711 Quid
630 1640 706 1696 enirn
734 1641 866 1715 apertius
895 1659 982 1714 quarn
1011 1640 1199 1707 Ciceronem,
1225 1658 1294 1697 cum

217 1724 300 1799 prius
328 1724 363 1780 de
391 1743 422 1781 ee
450 1723 619 1796 affirmarit,
653 1726 826 1801 adiungere,
861 1745 892 1783 se
920 1726 997 1784 idem
1026 1727 1062 1782 de
1084 1727 1238 1800 Torquato
1265 1734 1298 1783 et

218 1809 336 1866 Triario
354 1808 492 1866 eredere?
526 1811 630 1885 Itaque
647 1810 796 1868 contraria
813 1820 881 1868 sunt
898 1814 1019 1886 equidem
1041 1821 1071 1868 et
1088 1831 1151 1881 voe;
1172 1811 1296 1880 (habent

217 1896 339 1969 equidem
356 1890 398 1963 Εξ
420 1893 499 1951 felici
523 1895 754 1969 emendatione3)
777 1915 939 1953 noceamus
956 1896 1171 1956 dicereCicero
1189 1896 1296 1973 potuit,

218 1999 276 2055 quo
299 1980 492 2037 communiter
515 1981 551 2037 do
573 2000 605 2037 se
628 1990 657 2038 et
674 1982 775 2038 alteris
793 1982 899 2057 posito,
922 1982 1075 2057 perinepte
1093 1982 1212 2040 additur
1228 1999 1296 2039 cum

217 2065 401 2122 dubitatione
424 2067 526 2139 (credo)
550 2066 579 2122 id
603 2066 708 2141 ipsunt,
734 2067 811 2141 quod
835 2067 893 2124 iarn
916 2065 1094 2125 affirmatum
1118 2077 1172 2125 est.
1215 2067 1296 2125 Nam

217 2152 297 2226 quod
325 2149 417 2209 Gaius
445 2172 537 2208 sanior
566 2152 602 2208 ad
631 2153 724 2208 solurn
754 2152 925 2211 Ciceronem
954 2151 1057 2210 referri
1087 2161 1201 2223 narrat,
1235 2170 1295 2209 non

218 2245 330 2312 potest,
359 2237 409 2293 ubi
439 2237 579 2295 contrarii
608 2256 662 2312 ego
690 2237 792 2294 etalii
816 2256 932 2304 sumus,
961 2238 1032 2295 dici:
1063 2258 1155 2295 rumas
1177 2237 1226 2310 (de
1248 2255 1296 2294 rne

218 2323 295 2397 ipso)
323 2356 358 2364 -
381 2342 436 2379 vor.
481 2324 548 2379 Item
572 2322 709 2380 Ernestio
732 2323 864 2389 debetur,
887 2323 937 2397 qui
960 2324 1061 2391 sensit,
1084 2325 1154 2381 idem
1176 2322 1218 2396 (id
1241 2332 1296 2389 est,

219 2426 275 2483 ego
303 2407 393 2479 idern)
421 2407 463 2464 sic
491 2407 563 2475 dici,
591 2418 723 2482 tarnqurn
752 2408 831 2465 aliud
861 2409 1007 2483 prolatum
1037 2418 1115 2466 esset
1142 2406 1297 2468 Ciceronis
1337 2472 1343 2485 Ι

217 2493 369 2563 iudicium,
393 2511 518 2567 quocum
542 2494 597 2550 hoc
615 2502 844 2569 compararetur.
890 2494 1005 2551 Deinde
1027 2496 1107 2552 credo
1128 2496 1198 2551 idern
1220 2494 1297 2551 inte·

217 2598 300 2655 grarn
324 2579 454 2653 postulat
476 2579 667 2648 sententiam,
694 2579 794 2653 itaque
817 2587 885 2636 ante
909 2579 1112 2650 Schuetziurn,
1142 2579 1193 2654 qui
1215 2588 1297 2635 recte

219 2664 310 2721 rerba
327 2664 470 2732 distinxit,
494 2666 563 2721 idern
579 2664 708 2739 reliquit.
732 2664 774 2721 sic
791 2665 864 2721 hacc
880 2665 1107 2722 continuabant:
1129 2667 1210 2722 eredo
1225 2665 1297 2721 idem

217 2770 264 2807 eos
276 2752 360 2806 necin
372 2751 462 2805 dolore
479 2768 525 2806 nee
541 2753 567 2806 in
585 2752 719 2825 voluptate
734 2769 798 2807 esse.
817 2750 949 2807 seiuncta
967 2750 1165 2826 descriptione
1179 2749 1298 2826 generis

218 2836 256 2892 ab
279 2854 328 2894 eo.
357 2835 403 2891 cui
433 2835 599 2892 necessario
621 2835 808 2911 adiungenda
830 2847 888 2905 est,
918 2840 1023 2892 tertium
1046 2838 1102 2892 loo.
1148 2835 1206 2893 Sed
1228 2852 1297 2904 erae,

218 2923 282 2978 sine
315 2939 373 2995 quo
402 2920 474 2976 lraec
508 2939 543 2976 ne
577 2921 704 2994 speciem
733 2921 850 2994 quidem
880 2932 978 2978 rectae
1006 2921 1149 2978 orationis
1177 2921 1297 2991 babent,

219 3006 292 3063 rnire
325 3005 453 3063 editores
486 3024 545 3063 non
579 3005 865 3075 animadverterunt,
899 3007 929 3064 in
963 3007 1045 3064 nullo
1078 3007 1199 3064 ornnino
1232 3022 1298 3061 csse

218 3093 332 3161 codice,
361 3091 440 3164 qnod
463 3091 535 3148 satis
558 3091 687 3148 ostendit
709 3110 825 3159 eorum,
849 3091 899 3166 qui
923 3101 1205 3157 commemorantur,
1228 3107 1299 3147 eon-

218 3196 322 3234 sensus
345 3177 433 3247 (Pell.
456 3176 586 3233 omniurn
609 3174 712 3257 [etiarn
738 3172 775 3255 B]
804 3186 833 3233 et
857 3195 986 3234 meorum
1017 3189 1046 3233 et
1068 3177 1131 3234 cod.
1157 3175 1235 3234 Viot.
1258 3186 1299 3245 et,

219 3282 294 3337 quos
317 3262 376 3320 alia
398 3262 433 3318 de
456 3280 545 3319 causa
568 3263 644 3319 Dav.
669 3263 810 3329 nominat,
834 3262 910 3319 Ball.
933 3273 963 3319 et
985 3262 1094 3320 Mend..
1119 3278 1299 3335 quamquam

219 3348 255 3405 de
279 3347 359 3406 Oxx.
383 3350 519 3421 tacetur).
564 3344 696 3427 [Moralii
719 3357 817 3404 tamen
840 3348 904 3405 eod.
927 3347 1036 3404 dicitur
1057 3347 1196 3404 babuisse
1219 3346 1301 3403 credo

219 3435 327 3509 qrrr'rlem
347 3453 395 3490 nos
413 3465 452 3475 -
470 3436 498 3489 in
520 3437 655 3508 voluptate
676 3429 757 3512 esre]
792 3432 885 3492 Gaius
908 3433 1055 3507 quomodo
1081 3433 1194 3501 „iustae
1213 3430 1300 3488 dubi·

220 3519 325 3576 tationi
347 3518 443 3575 locum
467 3519 647 3599 exemerit“,
681 3519 810 3594 lepidurn
834 3527 877 3575 est
901 3518 1017 3587 videre,
1051 3518 1171 3575 inducta
1193 3534 1300 3592 paren·

219 3605 296 3661 thesi
315 3605 430 3661 acredo
446 3623 539 3679 usqne
562 3605 599 3661 ad
621 3623 679 3661 esee
701 3614 730 3661 et
748 3604 845 3661 verbis
868 3623 914 3660 nec
936 3607 963 3660 in
985 3605 1076 3660 dolore
1097 3621 1144 3661 nec
1161 3607 1187 3660 in
1204 3604 1300 3678 votap-

220 3700 274 3747 tote
296 3689 419 3747 divulsis
441 3690 479 3745 ab
502 3690 548 3747 his
570 3700 599 3746 ut
621 3695 648 3747 r'n
671 3692 805 3764 voluptate
829 3722 866 3732 -
890 3693 916 3745 in
939 3691 1037 3746 dolore.

306 3787 335 3831 nt
362 3779 389 3831 in
417 3778 551 3850 voluptate
578 3778 627 3849 sit)
650 3776 779 3835 Uberius
808 3793 855 3830 res
883 3775 1027 3848 exemplis
1055 3774 1222 3831 declaratur
1249 3773 1302 3844 (ita

220 3871 249 3918 nt
271 3863 349 3935 cet),
373 3860 424 3916 sed
447 3861 561 3918 duobus
584 3870 698 3918 tantum
722 3860 826 3936 prirnie
847 3860 1004 3936 generibus
1027 3859 1132 3935 positis
1151 3861 1189 3932 (in
1206 3859 1302 3933 eolap-

221 3957 287 4007 tote,
322 3950 349 4002 r'rr
377 3948 492 4019 dolore),
526 3964 592 4003 curn
622 3945 705 4020 sequi
734 3946 854 4003 tertium
883 3947 1003 4002 deberet
1032 3947 1090 4017 (rec
1117 3945 1303 4018 inuoluptate

220 4043 308 4088 aretem
340 4051 387 4088 nec
414 4035 441 4088 r'rr
470 4033 574 4102 dolore,
608 4037 657 4105 qui
678 4042 761 4101 cet),
796 4031 874 4105 quod
904 4030 1024 4088 difficile
1053 4040 1118 4087 erat
1144 4029 1301 4086 relativam

220 4116 397 4174 sententiam
420 4127 489 4192 apte
512 4118 690 4193 specialibus
713 4117 856 4191 oxornplis
876 4117 1006 4192 explere,
1030 4117 1168 4190 quoniam
1187 4114 1216 4171 in
1235 4131 1301 4170 eam

221 4203 320 4259 omnia
342 4202 501 4271 cadebant,
530 4220 605 4276 quae
628 4203 743 4259 duobus
766 4203 868 4278 primis
896 4203 1053 4277 generibus
1082 4220 1139 4258 non
1169 4199 1302 4257 eontine-

220 4289 337 4357 bantur,
361 4287 502 4344 orationis
520 4307 722 4363 progresssurn
736 4288 841 4347 Cicero
859 4288 978 4363 abrupit
995 4287 1139 4360 aliterque
1157 4283 1304 4343 absolvit:

226 4373 266 4430 lu
289 4384 377 4431 antem
400 4382 471 4441 cet,
506 4392 627 4448 prorsus
650 4375 752 4431 codem
778 4374 877 4437 rnodo,
912 4392 971 4447 quo
1001 4373 1030 4429 in
1055 4373 1130 4429 libro
1153 4372 1182 4439 I,
1206 4370 1247 4426 45
1270 4379 1304 4426 et

221 4461 272 4516 46.
307 4460 372 4516 Hoc
394 4476 459 4515 curn
483 4477 541 4515 non
565 4459 771 4535 intellegerent
792 4468 907 4516 veteres
931 4458 1049 4532 qnidam
1074 4457 1217 4525 editores,
1245 4472 1302 4529 pro
