3030 5086
254 458 297 522 42
645 476 691 521 nn
714 474 845 523 arumna
867 475 940 522 nou.

254 651 362 708 censet
383 643 479 722 enim,
508 645 618 708 eadem
643 643 697 708 illa
718 644 879 708 individua
905 650 938 708 et
962 643 1067 708 solida
1093 660 1232 725 corpora
1259 639 1340 707 ferri

254 747 400 811 doorsum
413 763 470 809 suo
480 746 620 825 pondero
630 746 673 809 ad
683 744 810 825 lineam;
828 745 910 809 huno
926 745 1100 809 naturalem
1112 764 1183 811 esse
1195 742 1339 809 omnium

255 866 420 928 corporum
448 854 574 910 motum.
620 848 669 911 19.
697 847 819 912 Deinde
845 846 959 911 ibidem
985 847 1079 912 homo
1106 854 1233 925 acutus,
1264 862 1338 909 cum

231 942 236 952 ’
254 949 329 1013 illud
352 956 544 1027 occurreret,
572 949 600 1013 si
628 949 731 1012 omnia
753 949 900 1013 deorsum
922 965 940 1012 e
962 947 1089 1028 regione
1110 947 1272 1014 ferrentur
1294 956 1338 1026 et,

215 1052 237 1117 b
254 1063 289 1116 ut
305 1051 378 1129 dixi,
401 1051 443 1114 ad
459 1050 582 1128 lineam,
604 1068 772 1130 numquam
789 1048 924 1129 forat
889 1056 924 1113 ut
941 1059 1064 1114 atomus
1081 1049 1182 1115 altera
1198 1049 1338 1115 alteram

253 1159 363 1235 posset
379 1152 543 1231 attingere,
565 1151 672 1233 itaque
688 1160 722 1216 at
709 1152 793 1216 ttulit
808 1171 875 1216 rem
891 1150 1150 1215 commenticiam:
1173 1150 1338 1217 decIInare

328 1329 346 1373 l.
363 1330 385 1370 et
394 1322 503 1370 camald
522 1321 576 1377 fieri
586 1322 607 1369 Ε
621 1321 691 1384 sem'
700 1338 744 1371 sao
753 1320 862 1370 deorsum
873 1319 1035 1371 LPMCROr.
1061 1326 1083 1371 2.
1099 1320 1168 1370 habet
1181 1320 1302 1385 probare
1311 1320 1336 1370 E

254 1399 278 1442 «t.
296 1389 394 1439 deorsus
415 1387 480 1456 [ΜΡ
516 1394 538 1439 5.
560 1387 683 1456 [adlt'rram
701 1389 747 1457 hl]
776 1392 836 1454 sore
854 1390 1004 1454 umqsumlt}
1039 1388 1146 1439 &homor
1168 1386 1235 1456 [AJE

253 1529 338 1606 attigi
366 1547 456 1604 supra
483 1529 520 1585 ad
549 1532 632 1599 9¹15.
677 1530 784 1586 Ruinoe
811 1548 916 1586 nornen
944 1529 972 1585 h.
1000 1529 1019 1585 1.
1048 1529 1150 1586 eodem
1179 1528 1268 1586 modo
1296 1527 1336 1585 de

254 1633 353 1672 errore
380 1615 451 1690 poni
479 1614 610 1681 videtur,
639 1633 697 1689 quo
725 1614 804 1689 apud
832 1614 1002 1672 Lucretium
1029 1614 1062 1685 1,
1087 1614 1148 1671 740
1170 1614 1337 1689 (Principiis

254 1710 341 1757 torum
370 1702 397 1754 in
424 1719 514 1756 reram
535 1702 626 1772 secere
647 1701 753 1772 ruinas)
781 1709 811 1756 et
832 1700 953 1757 verbum
977 1698 1164 1757 coniunctum
1187 1698 1267 1757 infra
1289 1699 1335 1769 11,

257 1785 305 1843 18.
351 1785 397 1842 De
420 1785 541 1860 Epicuri
565 1785 694 1860 physicis
722 1803 798 1858 quae
820 1793 997 1859 sequuntur,
1026 1794 1097 1841 nota
1125 1794 1194 1841 sunt
1220 1795 1251 1841 et
1280 1802 1335 1840 ex·

253 1871 362 1946 plicata
384 1871 422 1926 ab
445 1870 490 1940 iis,
513 1869 564 1943 qui
587 1870 623 1926 de
645 1880 778 1926 veterum
801 1869 990 1945 philosophia
1011 1869 1201 1944 scripserunt.

338 1956 463 2011 deorsum
489 1974 538 2011 suo
562 1957 693 2030 pondere)
722 1954 772 2013 Sic
800 1963 918 2031 praeter
943 1954 1006 2011 Erl.
1033 1948 1099 2033 [B,]
1129 1954 1219 2023 ,elib
1250 1952 1335 2029 apud

253 2039 376 2107 Gaium3
400 2041 469 2097 Bas.
492 2059 549 2098 om.
574 2041 707 2104 deorsmm
730 2048 760 2096 et
783 2048 866 2115 putat
888 2037 983 2097 Gaius
1004 2039 1108 2096 abesse
1130 2056 1226 2114 posse,
1250 2038 1336 2113 quod

253 2125 325 2182 satis
353 2125 392 2181 sit
418 2127 457 2181 ad
484 2127 593 2189 lineam,
622 2125 706 2199 quasi
735 2143 792 2181 non
822 2144 929 2181 sarsum
957 2142 1074 2198 quoque
1102 2125 1141 2181 ad
1167 2126 1263 2181 ἱίιισαηι
1292 2123 1334 2181 iri

252 2210 356 2286 possit.
402 2211 447 2267 De
471 2219 551 2267 motu
573 2219 737 2268 atomorum
767 2210 803 2268 ad
831 2210 939 2267 lineam
962 2219 993 2267 et
1014 2209 1224 2267 declinatione.
1253 2227 1334 2283 quae

253 2313 323 2352 casu
346 2295 410 2355 fiat
439 2295 542 2351 brevia
563 2305 594 2352 et
615 2297 741 2352 obscura
763 2313 817 2352 nec
839 2295 912 2351 satis
934 2294 1090 2352 emendata
1117 2303 1186 2351 sunt
1207 2294 1335 2369 Epicuri

252 2381 345 2436 verba
372 2381 450 2453 aqud
474 2380 561 2477 Diog.
588 2381 684 2438 Labrt.
708 2381 754 2451 X,
779 2382 818 2437 43
841 2389 870 2437 et
895 2382 931 2437 61
957 2380 1019 2452 (ubi
1043 2370 1334 2454 commemoraturs}

252 2450 333 2520 κάτω
356 2454 438 2539 φορὰ
461 2455 508 2522 δια
531 2463 589 2521 τῶν
612 2458 691 2522 ἰδίων
713 2462 834 2542 βαρῶν),
857 2465 1062 2533 luculentiora,
1085 2465 1333 2538 quaeLueretius

253 2550 377 2622 exponit
404 2551 450 2619 ll,
474 2551 514 2606 80
537 2568 601 2624 sqq.
656 2548 718 2607 cfr
749 2550 810 2608 cie.
839 2550 877 2607 N.
907 2552 943 2607 D.
972 2551 1002 2619 l,
1027 2552 1082 2620 69,
1117 2549 1153 2606 de
1180 2550 1246 2607 Fat.
1279 2550 1332 2607 22.

253 2635 374 2692 Tertius
396 2645 561 2691 atomorum
585 2643 694 2706 motus,
722 2654 809 2710 quem
833 2636 1020 2692 Democritus
1049 2635 1143 2692 solum
1172 2634 1332 2709 probabat,

252 2719 303 2792 qui
326 2720 413 2795 plaga
435 2719 615 2776 efficeretur.
645 2720 691 2776 hic
714 2720 869 2778 omittitur.
914 2720 1000 2793 Quod
1022 2721 1071 2777 hic
1092 2721 1132 2777 ad
1153 2722 1263 2777 traaas.
1292 2719 1333 2777 de

252 2804 328 2862 Fato
351 2808 429 2862 rectia
452 2807 527 2862 lineis
549 2805 665 2863 dicitur.

341 2891 389 2947 19.
422 2890 529 2947 Deinde
554 2891 663 2962 ibidem)
687 2890 799 2947 Eodem
827 2890 914 2947 modo
942 2889 1046 2947 Cicero
1074 2889 1151 2946 dixit
1177 2889 1207 2947 Il
1233 2888 1333 2947 Acad.

253 2976 308 3043 443
342 2975 485 3032 transitur
507 2995 525 3032 a
557 2975 614 3031 loci
648 2975 685 3031 ad
719 2976 859 3050 temporie
892 2975 1056 3043 notionem,
1090 2984 1123 3031 ut
1155 2974 1209 3032 sit:
1239 2993 1334 3050 paene

251 3061 341 3117 codem
363 3064 487 3135 torporis
509 3071 644 3117 rnorneato.
688 3059 750 3119 cfr.
775 3061 813 3117 ad
835 3062 900 3117 Att.
924 3059 972 3127 II,
1000 3060 1052 3127 12,
1077 3060 1110 3116 2ε
1139 3061 1236 3117 ibidem
1258 3062 1333 3118 illico

247 3164 319 3220 puer
339 3146 389 3202 aba
412 3155 436 3202 tc
457 3166 517 3203 cum
538 3148 667 3220 epactalis.

337 3234 499 3305 occrrrreret)
518 3232 755 3307 interpretantur
772 3232 971 3295 adversaretur,
994 3240 1164 3304 repaqaaret.
1183 3237 1217 3286 ut
1232 3229 1333 3286 simile

251 3315 291 3372 sit
313 3315 350 3382 ei,
373 3315 453 3389 quod
475 3316 550 3372 libro
570 3317 611 3386 ll,
628 3318 686 3374 108
710 3316 850 3390 scriptum
875 3325 919 3372 est
937 3315 1026 3389 paulo
1048 3314 1238 3371 insolentiusz
1260 3316 1334 3388 qaid

250 3411 384 3465 occurrat,
406 3420 458 3456 noa
479 3403 591 3470 videtia;
614 3410 844 3477 comparentque
866 3418 917 3456 eos
940 3400 1031 3469 locos,
1054 3399 1084 3455 in
1108 3400 1215 3473 quibus
1237 3399 1275 3455 de
1291 3398 1332 3457 iis

251 3486 372 3560 ponitur
393 3486 449 3543 hoc
465 3487 598 3557 verbum,
622 3486 672 3561 qui
695 3485 805 3560 aliquid
828 3484 1009 3561 argumentis
1026 3483 1173 3555 refellant,
1195 3483 1330 3542 utOfflc.

251 3571 292 3638 11,
306 3572 334 3640 7,
359 3571 452 3628 Acad.
464 3571 506 3641 11,
520 3573 568 3627 44.
615 3572 672 3628 Hic
694 3581 792 3628 tamen
814 3571 914 3627 obstat
936 3570 1082 3627 sententia
1104 3570 1229 3639 infinita,
1252 3587 1331 3643 quae

251 3656 403 3725 subicitur,
427 3656 563 3730 cogitque
580 3656 714 3732 accipere
731 3675 784 3730 pro
801 3674 846 3724 eo,
870 3656 948 3729 quod
966 3665 1025 3712 est:
1047 3659 1074 3711 in
1096 3665 1206 3711 mentem
1229 3658 1332 3712 verris-et

251 3751 276 3798 et
303 3744 430 3815 copitoatr'
455 3744 618 3798 corrtrariurn
645 3743 787 3798 videretur.
838 3741 909 3797 Mox
939 3760 993 3814 pro
1022 3742 1146 3797 deorsum
1175 3759 1191 3796 o
1219 3740 1285 3796 Pal.
1312 3743 1327 3797 l

251 3828 363 3883 deorsus
391 3826 534 3897 scribere,
563 3846 629 3883 oum
657 3827 759 3902 paucis
786 3836 854 3882 ante
882 3826 981 3882 verbis
1009 3826 1133 3882 deorswu
1164 3834 1329 3887 teneretur,

251 3912 333 3969 nulle
349 3912 425 3969 ratio
438 3922 510 3969 erat.
547 3912 620 3969 Mihi
634 3912 762 3968 nondum
775 3911 846 3967 certi
859 3911 1029 3984 quidquam,
1047 3920 1076 3967 et
1088 3911 1167 3984 quod
1183 3911 1328 3967 bonorum

251 3997 383 4054 codicum
408 3997 507 4070 aliqua
529 3997 695 4054 constantia
717 3996 913 4059 confirmetur,
936 3993 1072 4052 effectum
1091 3996 1126 4052 de
1144 3996 1198 4052 hac
1216 3995 1328 4071 duplici

249 4080 346 4139 forma
368 4081 492 4145 videtur,
517 4083 571 4139 etsi
594 4082 630 4138 do
653 4102 781 4156 quorsom
803 4091 832 4137 et
854 4101 971 4155 quorsus
988 4080 1182 4139 Gernhardns
1204 4091 1330 4138 conatus

251 4178 296 4223 est
319 4167 450 4243 regulam
473 4168 652 4224 constituere
675 4167 725 4241 (ad
748 4166 813 4225 Cat.
839 4167 910 4223 olai.
934 4167 989 4235 42;
1012 4185 1129 4240 quorsus
1151 4168 1225 4224 baec.
1248 4166 1329 4241 quod

251 4252 301 4309 ille
324 4253 439 4327 probat,
463 4261 507 4309 ost
530 4253 558 4308 in
582 4253 702 4393 optimis
725 4252 808 4309 codd.
833 4252 898 4311 Cat.
922 4253 972 4310 42.
998 4250 1057 4309 Off.
1080 4253 1139 4319 111,
1163 4253 1212 4309 68.
1237 4253 1328 4328 Legg.

251 4339 275 4399 l
301 4339 349 4405 62,
376 4339 426 4393 sed
449 4358 577 4411 qrrtrrunm
600 4340 664 4395 brec·
689 4337 768 4395 Lael.
792 4340 842 4400 42
866 4337 944 4397 Phil.
965 4339 1036 4400 VIl,
1061 4338 1121 4412 26).

336 4427 426 4496 itaque
453 4444 470 4479 o
473 4426 543 4479 tbttu
523 4424 555 4497 it)
586 4425 720 4481 insolens
747 4424 842 4481 oratio
871 4432 924 4480 est.
976 4424 1055 4481 Nam
1083 4423 1208 4498 primum
1236 4425 1330 4496 itaque
