3030 5086
263 506 326 572 280
655 522 700 567 os
722 521 853 569 sturnus
875 521 947 567 sou.

263 692 356 757 etiam
384 691 500 755 omissa
533 707 589 770 spe
616 689 795 770 voluptatis.
846 689 915 753 Hoc
942 688 1000 754 etsi
1029 688 1133 752 multis
1161 687 1262 751 modis
1289 704 1340 751 re·

263 793 515 875 prendipotest,
545 798 647 854 tamen
670 791 802 871 accipio,
825 793 909 871 quod
931 791 1022 868 dant,
1051 789 1123 854 inihi
1152 789 1232 855 enim
1262 788 1348 853 satis·

164 949 167 955 .
264 901 321 972 est,
343 893 421 975 ipsis
438 911 499 957 non
518 893 603 956 satis.
642 892 723 956 Nam
745 892 912 973 aliquando
929 911 1023 972 posse
1040 899 1124 957 recte
1139 889 1207 955 fieri
1224 891 1341 969 dicunt,

265 994 349 1058 nulla
371 999 534 1075 expectata
556 1012 613 1058 nec
631 993 774 1074 quaesita
792 994 960 1074 voluptate.
1005 994 1055 1058 83.
1077 992 1215 1057 Posuisti
1237 991 1342 1068 etiam,

226 1097 368 1163 bdicere
390 1095 482 1172 alios,
510 1093 618 1159 foedus
641 1096 797 1176 quoddam
819 1095 899 1160 inter
922 1115 955 1159 se
977 1094 1080 1160 facere
1103 1094 1274 1174 sapientes,
1297 1102 1342 1170 ut,

264 1197 525 1279 quemadmodum
547 1196 664 1261 sintin
686 1215 720 1261 se
742 1197 829 1278 ipsos
851 1198 995 1284 animati,
1024 1196 1134 1261 eodem
1162 1196 1255 1260 modo
1279 1194 1343 1259 siut

264 1318 341 1381 erga
362 1298 493 1377 amicos;
522 1298 553 1362 id
581 1308 613 1362 et
639 1296 706 1363 fieri
729 1316 823 1378 posse
845 1304 877 1362 et
899 1316 993 1378 saepe
1017 1315 1087 1362 esse
1108 1294 1224 1361 factum
1246 1302 1278 1361 et
1300 1297 1342 1360 ad

265 1400 442 1481 voluptates
458 1400 677 1480 percipiendas
693 1399 826 1464 maxime
839 1399 1004 1480 pertinere.
1039 1399 1106 1462 Hoc
1116 1396 1227 1462 foedus
1239 1396 1344 1461 facere

265 1502 292 1566 si
315 1508 493 1582 potuerunt,
515 1499 630 1565 faciant
647 1501 740 1567 etiam
759 1501 846 1578 illud,
869 1509 904 1564 ut
925 1501 1125 1581 aequitatem,
1148 1499 1343 1578 modestiam,

206 1606 248 1671 10
264 1603 396 1667 virtutes
425 1621 532 1667 omnes
559 1622 617 1683 per
644 1621 678 1667 se
705 1603 792 1683 ipsas
819 1603 919 1683 gratis
941 1602 1081 1683 diligant.
1125 1603 1175 1666 An
1198 1619 1288 1679 vero,
1317 1599 1344 1664 si

265 1704 416 1769 fructibus
438 1712 470 1769 et
491 1704 705 1768 emolumentis
724 1713 756 1768 et
772 1704 958 1768 utilitatibus
975 1703 1129 1767 amicitias
1147 1703 1292 1775 colemus,
1317 1701 1343 1767 si

166 1864 169 1870 .
266 1806 352 1871 nulla
374 1807 488 1870 caritas
511 1805 584 1885 erit,
608 1823 689 1886 quae
710 1803 807 1869 faciat
828 1805 994 1870 amicitiam
1018 1805 1118 1886 ipsam
1142 1823 1199 1869 sua
1222 1810 1345 1884 sponte,

266 1908 297 1972 vi
320 1926 386 1985 sua,
409 1925 447 1971 ex
470 1925 503 1970 se
526 1914 557 1971 et
578 1915 709 1987 propter
731 1924 765 1970 se
787 1908 1009 1986 expetendam,
1033 1906 1161 1970 dubium
1185 1914 1246 1982 est,
1269 1907 1344 1986 quin

267 2007 381 2073 fundos
403 2017 435 2073 et
451 2007 568 2072 insulas
585 2007 692 2071 amicis
709 2008 958 2089 anteponamus?
992 2010 1042 2072 84.
1065 2008 1153 2072 Licet
1169 2007 1217 2072 hic
1234 2024 1345 2072 rursus

209 2111 250 2177 ll)
268 2128 306 2175 ea
328 2127 565 2187 commemores
594 2128 674 2190 quae
696 2109 823 2189 optimis
846 2109 948 2173 verbis
969 2103 1009 2174 ab
1032 2110 1167 2190 Epicuro
1190 2108 1230 2174 de
1251 2107 1346 2173 laude

340 2267 359 2311 i.
383 2261 455 2329 [Post
465 2260 559 2313 vol.A²
578 2263 635 2310 add,
651 2263 676 2310 iu
686 2276 765 2324 marg.
783 2260 820 2310 vel
827 2261 946 2328 sta'ldatts]
974 2263 1068 2312 etiamsi
1075 2263 1097 2311 E
1124 2261 1265 2311 multimodis
1276 2260 1345 2327 [Apu

269 2335 291 2379 2.
311 2329 353 2379 dul
373 2331 493 2381 LPMCR
528 2334 550 2378 8.
566 2347 637 2393 posse
656 2347 701 2379 nou
720 2340 781 2380 recle
799 2331 897 2391 Eficri
911 2332 1012 2380 recteL
1048 2337 1070 2380 4.
1090 2331 1228 2395 expectaE
1264 2327 1345 2393 aqui·

268 2399 353 2448 m'toE
389 2408 465 2447 autem
484 2405 540 2463 (pro
558 2400 640 2461 etiam)
656 2398 753 2448 PMCR
794 2402 915 2461 &jacere
933 2400 993 2448 mter
1009 2400 1075 2448 seu
1111 2404 1132 2450 8.
1156 2397 1346 2466 [perspiciendas

270 2467 303 2534 A]
325 2466 504 2531 pcrscipienclas
522 2467 544 2515 Ε
560 2466 758 2531 perficiendasl.
815 2472 851 2516 to,
871 2468 905 2516 Ac
925 2466 1138 2535 [ememor.
1196 2473 1233 2517 ta.
1253 2467 1307 2532 ipsa
1322 2466 1346 2525 ,P

274 2541 309 2585 14.
330 2535 350 2583 Ρ
368 2549 417 2597 mg.
438 2533 526 2599 casulas
566 2541 604 2586 15.
623 2533 733 2584 lauduinus
753 2534 817 2585 coc.

355 2693 401 2731 occ
423 2673 559 2748 quaesito)
583 2674 679 2731 Etiam
704 2674 782 2749 Spir.
808 2670 861 2753 [B]
884 2677 1031 2749 exquisita,
1062 2675 1198 2732 mendose
1221 2674 1348 2749 repetita

269 2759 503 2834 praepositione;
532 2778 626 2832 neque
650 2760 726 2815 eninr
750 2779 888 2834 umquam
912 2760 954 2816 sic
976 2762 1117 2834 exquirere
1143 2778 1197 2836 pro
1220 2758 1348 2835 simplici

270 2844 390 2918 ponitur
412 2844 447 2899 de
470 2863 501 2899 ro
524 2843 624 2918 alique
647 2845 774 2920 petendo
797 2856 826 2902 et
848 2845 995 2920 paranda,
1025 2844 1171 2921 longeque
1193 2843 1280 2901 aliter
1301 2863 1348 2901 ec·

270 2932 369 3003 quisita
394 2931 515 3004 uoluptas
538 2929 654 2987 dicitur.

357 3013 405 3070 83.
432 3016 552 3071 Posuisti
572 3013 664 3086 etiam)
688 3013 738 3073 sic
761 3034 817 3090 mg.
830 3013 920 3084 Crat,
945 3015 1009 3073 Pal.
1028 3018 1052 3082 l,
1077 3034 1092 3070 e
1115 3033 1173 3088 quo
1196 3022 1263 3090 post
1282 3013 1347 3071 Ma·

271 3099 384 3155 nulium
403 3098 551 3157 Gruterus
573 3099 718 3167 restituit,
741 3097 808 3176 [R]
831 3097 910 3172 Gzii,
934 3110 1059 3175 excepto
1082 3097 1160 3158 Gud,
1185 3100 1213 3169 2,
1236 3117 1348 3156 omues.

356 3185 400 3240 Aa
422 3204 483 3240 aero
497 3217 536 3226 -
554 3186 664 3241 dublina
682 3195 721 3242 est
739 3187 811 3257 -?)
836 3184 885 3243 Sic
908 3185 1093 3242 scribendum
1117 3202 1190 3253 esse,
1214 3184 1243 3241 in
1267 3201 1372 3243 men·v

271 3278 328 3325 tem
352 3280 472 3326 venerat
497 3267 588 3336 Gzio,
619 3271 669 3343 qui
698 3271 722 3326 si
746 3269 860 3327 codices
883 3270 1076 3346 inspexisset,
1107 3288 1164 3326 non
1193 3268 1287 3327 solum
1317 3267 1348 3324 in

270 3353 348 3424 Erl,
379 3354 429 3410 sod
453 3353 516 3414 sine
539 3355 627 3410 dubio
650 3354 738 3411 etiam
767 3355 795 3411 iu
820 3354 898 3429 Spir.
926 3355 968 3411 ita
996 3355 1136 3430 scriplum
1161 3354 1348 3430 repperisset.

271 3437 333 3517 [lta
348 3437 397 3515 B.]
432 3439 568 3496 Postulat
591 3440 665 3496 hane
684 3440 901 3497 adiunctionem
920 3441 1008 3511 (Oder
1030 3441 1102 3496 luna
1124 3460 1152 3497 cs
1173 3440 1244 3496 wohl
1265 3441 1350 3511 cett)

270 3524 483 3599 interrogativa
506 3525 648 3582 orationis
670 3525 774 3582 forms.
809 3526 846 3581 At
867 3544 937 3593 vero,
962 3526 1039 3598 quod
1060 3525 1195 3582 Handius
1218 3523 1351 3581 defendit

270 3610 369 3681 (Ture.
388 3610 444 3685 Ip.
461 3610 544 3682 429),
568 3620 629 3666 tum
653 3621 731 3668 esset
753 3629 864 3676 verum,
888 3611 912 3667 si
935 3609 1049 3681 Cicero,
1073 3610 1221 3685 explicata
1243 3618 1351 3666 natura

271 3694 333 3751 eius
352 3695 509 3762 amicitiae,
533 3713 608 3768 quao
627 3714 679 3770 per
696 3714 728 3752 se
745 3706 943 3771 expeteretur,
967 3715 983 3751 e
1006 3696 1153 3752 contrario
1177 3694 1351 3769 adiungeret

270 3778 444 3835 affirmando
472 3789 523 3835 aut
553 3780 700 3856 negando,
735 3781 804 3854 quid
833 3781 862 3837 in
898 3781 992 3836 altera
1020 3781 1134 3837 ratione
1168 3791 1350 3854 sequeretur.
1428 3804 1431 3810 ·

270 3864 375 3937 Itaque
398 3865 540 3921 hactenus
563 3874 643 3921 recto
667 3865 775 3921 iudicio
798 3865 841 3921 usi
866 3877 933 3922 sunt
956 3866 1080 3934 librarii,
1104 3866 1154 3939 qui
1177 3866 1207 3922 in
1226 3864 1271 3925 El.
1291 3883 1350 3921 uno

270 3957 300 4005 et
323 3949 420 4007 Mead.
444 3951 637 4025 scripserunt:
661 3952 698 4006 At
720 3970 838 4006 vcro-
862 3953 972 4007 (lesbium
994 3971 1045 4007 non
1068 3961 1115 4014 est,
1138 3960 1171 4007 ut
1193 3959 1239 4007 est
1261 3950 1350 4006 etiam

270 4033 300 4090 iu
324 4033 369 4090 ed.
393 4034 472 4093 Crat.
517 4036 664 4110 Persaope
688 4036 743 4092 hoc
765 4057 814 4094 cn.
846 4037 923 4109 quod
953 4036 982 4092 in
1011 4037 1198 4111 adiungenda
1225 4035 1349 4092 interro·

269 4119 387 4195 gatione
415 4120 549 4194 ponitur,
584 4132 754 4196 corruptum
784 4131 842 4189 est;
877 4121 929 4177 cfr.
959 4123 990 4191 1,
1017 4123 1044 4179 5.
1091 4123 1163 4179 Mox
1192 4123 1351 4191 insularum,

270 4223 345 4279 quae
369 4205 404 4261 ad
428 4205 618 4262 habitandum
644 4207 848 4265 elocabantnr.
877 4210 1009 4264 ncercedes
1032 4208 1191 4284 significari
1214 4207 1263 4281 (ad
1286 4207 1352 4282 Aa,

269 4290 340 4359 XV,
367 4292 426 4364 17),
448 4299 582 4367 apertum
605 4302 658 4350 est.

357 4376 406 4431 84.
430 4378 463 4432 de
485 4377 578 4451 tanede)
598 4378 647 4435 Sic
664 4377 752 4433 otiam
773 4377 850 4451 Spin.
870 4374 935 4456 [B],
954 4377 1032 4435 Gud.
1047 4379 1074 4435 2.
1100 4370 1176 4447 Εξψ,
1201 4377 1245 4433 od.
1258 4371 1353 4435 Crat’

270 4459 300 4515 id
323 4471 376 4531 est,
400 4461 536 4518 meliores
559 4472 588 4519 et
612 4463 689 4519 bona
711 4481 780 4537 pers
803 4463 992 4522 deteriorum.
1028 4460 1200 4538 Superiores
1224 4462 1353 4518 alterum
