3030 5086
431 395 475 441 nu
498 395 579 441 uun.
602 394 667 440 οπο.
691 395 703 440 1
725 394 798 442 exn.
824 397 931 442 ιο-ιι.
951 397 1084 457 (ει-ιι.)
1255 380 1295 443 79

217 570 251 627 et
272 562 417 644 gloriosis
444 564 523 627 setis
550 562 609 627 hnc
634 562 703 628 loce
725 563 839 628 dietum
862 569 918 628 est
958 521 1032 627 ’Erit
1057 564 1137 628 enim
1164 564 1227 628 iam
1242 565 1296 637 ,de

218 665 356 729 omniurn
377 665 528 729 virtutum
550 681 645 729 eursu
673 664 716 728 ad
737 664 927 746 voluptutem
942 665 1099 746 ,proprius
1120 665 1295 732 disserendi

218 765 316 831 locus.
359 765 452 831 Nune
472 776 576 831 eutem
598 764 773 847 explicabo,
804 767 947 848 voluptas
973 767 1043 848 ipsa
1070 785 1150 849 qnae
1170 768 1294 857 ,qualis

218 886 281 949 qne
303 871 423 946 sit,'ut
451 867 578 932 tullutur
600 884 689 932 error
711 867 812 932 omnis
839 868 1054 948 imperiturum
1081 869 1294 952 intellegatur·

217 987 295 1050 qne,
327 987 380 1048 eu,
413 987 494 1050 quae
520 968 713 1050 voluptaria,
746 969 894 1049 delicata,
927 970 1027 1035 mellis
1054 971 1220 1049 habeatur,
1247 971 1334 1041 ‹ii-5

218 1071 354 1153 seiplinu
385 1089 477 1153 quem
506 1070 626 1153 gravis,
659 1088 751 1152 qnam
780 1071 954 1160 continens,
987 1091 1080 1154 quum
1108 1091 1218 1138 severe
1244 1072 1294 1138 sit.

217 1172 290 1238 Non
312 1173 393 1239 enim
415 1173 495 1238 hune
517 1172 614 1236 solum
637 1172 810 1253 sequimur,
830 1162 913 1254 'quae
935 1174 1088 1238 svavitute
1109 1174 1216 1257 ulique
1237 1193 1293 1239 ne-

217 1284 324 1340 tursm
350 1276 451 1356 ipsum
478 1281 583 1339 movet
609 1281 732 1339 etcum
754 1274 945 1339 iucunditate
967 1276 1102 1357 qnudu'nr
1123 1277 1295 1358 percipitur

218 1378 377 1456 sensibus,
410 1377 465 1441 sed
492 1375 657 1440 maximum
684 1375 875 1456 voluptatem
904 1375 987 1440 iilum
1015 1376 1180 1455 babemus,
1214 1397 1295 1460 quae

293 1570 311 1610 t.
332 1563 417 1612 ‹ir‘ctnru
434 1564 465 1612 eit
483 1575 577 1620 omnes,
597 1561 640 1612 Or.
677 1567 701 1612 8.
719 1561 773 1627 ipsu
792 1562 881 1611 opib
922 1570 943 1608 ⁴*
963 1563 1104 1614 omniumE
1145 1570 1167 1616 b.
1187 1564 1294 1629 discipli·

218 1640 280 1680 nuta
299 1631 389 1697 [Amr
425 1636 449 1680 6.
470 1631 510 1696 [rit
527 1645 576 1680 om.
596 1630 648 1697 ΑΙ]
685 1634 707 1680 9.
727 1629 793 1679 tilam
812 1629 953 1694 voluptutem
974 1632 1135 1683 LPMORor.
1179 1694 1183 1705 ἱ

219 1806 275 1872 ΙΙΙ,
300 1805 327 1874 9,
354 1807 385 1861 1:
408 1823 494 1879 quare
515 1806 549 1860 de
570 1804 619 1860 boc
640 1805 721 1867 sutis:
745 1802 891 1859 omittitur
912 1814 966 1873 ert,
989 1822 1047 1861 non
1070 1808 1131 1880 eit);
1155 1816 1184 1862 et
1206 1807 1294 1883 longe
1384 1803 1389 1812 ’

218 1888 337 1948 facilins
359 1908 396 1946 ex
419 1899 459 1946 ext
479 1889 512 1944 fit
534 1893 569 1945 xit
591 1905 677 1962 quum
702 1898 812 1968 contre.
837 1886 877 1965 [B
901 1900 932 1945 ut
955 1887 1063 1968 Anu]

302 1977 432 2050 proprius
459 1975 610 2031 disserendi
635 1972 722 2050 Ιοοιιι)
750 1971 822 2047 Cep.
856 1973 894 2030 13
923 1991 986 2049 sqq.
1039 1976 1142 2033 Cursru
1170 1995 1228 2033 non
1257 1977 1293 2033 de

219 2059 318 2117 studio
340 2059 461 2129 dieitur,
491 2059 543 2115 sed
565 2058 601 2114 de
624 2057 673 2114 vie
696 2068 739 2128 et,
770 2069 802 2114 ut
825 2058 949 2116 barbare
972 2059 1093 2131 dieitur,
1122 2061 1293 2127 directione,

219 2150 253 2201 ut
274 2165 304 2202 ιο
324 2163 405 2202 cursu
427 2163 482 2218 pro
504 2144 606 2201 Plane.
634 2144 686 2212 173
709 2099 762 2200 eir.
788 2143 823 2200 de
846 2143 901 2219 leg.
924 2163 985 2220 ugr.
1009 2147 1050 2207 ΙΙ
1071 2148 1124 2204 44.

297 2229 353 2285 .Νιι
335 2249 386 2286 unc
414 2239 502 2286 nutem
529 2228 667 2303 erpticubo
694 2229 763 2298 eet.)
792 2228 912 2303 Epicuri
943 2232 1086 2289 sententia
1117 2231 1153 2287 de
1184 2231 1294 2306 duplici
1345 2276 1348 2281 .

219 2333 327 2391 genere
349 2315 519 2390 voluptatis,
543 2331 665 2388 querum
690 2313 784 2369 ultera
807 2325 883 2370 esset
907 2310 935 2372 ἕν
941 2303 1074 2408 κινήσει,
1097 2334 1173 2391 quae
1190 2334 1293 2373 sensus

219 2400 400 2458 munditate
423 2399 524 2474 uliqun
545 2406 690 2461 moveret,
717 2392 854 2455 uiteru'
839 2417 869 2454 ιν
891 2387 993 2455 στάσει
1016 2388 1292 2476 (καταστηματική),

219 2503 295 2561 qnae
328 2483 495 2542 efficeretur
527 2483 607 2541 omni
641 2482 743 2539 dolore
776 2484 906 2541 detrecto
940 2485 1064 2554 (stantem
1096 2495 1124 2542 et
1153 2495 1295 2543 moventem

220 2570 356 2629 Cicero
347 2589 376 2626 rn
399 2569 476 2626 libro
499 2567 710 2644 liuppeilet),
739 2568 897 2643 exponitur
920 2568 1049 2626 breviter
1077 2587 1131 2626 nee
1158 2579 1294 2627 constan·

220 2655 347 2725 tissime,
378 2654 401 2711 si
431 2673 495 2712 euru
524 2655 636 2728 reliqua
659 2653 806 2709 sententie
833 2653 869 2708 de
892 2645 1187 2730 origine'voiuptutis
1216 2673 1294 2712 conr·

219 2757 321 2817 parer,
351 2741 429 2815 apud
453 2739 541 2815 Diog.
565 2740 662 2795 Luert.
684 2738 724 2794 X.
751 2738 824 2801 136,
849 2736 940 2795 Clem.
965 2738 1127 2795 Alexandr.
1152 2739 1292 2799 Stromut.

219 2826 302 2898 IIp.
323 2825 381 2881 179
407 2825 488 2900 sylb.
537 2823 641 2880 'lertia
662 2831 707 2878 est
729 2821 850 2895 Epicuri
874 2822 1016 2879 sententie
1040 2826 1117 2900 apud
1141 2825 1228 2901 Diog.
1254 2828 1294 2898 X,

223 2911 281 2967 139
305 2907 396 2982 (Geli.
419 2911 465 2976 11,
491 2910 523 2978 9,
555 2912 640 2966 Sext.
669 2906 754 2982 Emp.
784 2906 850 2963 adv
882 2907 1022 2965 Mathem.
1051 2911 1080 2976 Ι,
1106 2911 1182 2980 973,
1207 2912 1294 2986 983);

221 2993 303 3069 Ορος
324 2991 378 3049 τοῦ
395 2988 545 3068 μεγέθους
560 2990 618 3047 τῶν
640 2980 781 3064 ἡδονῶν
768 3013 783 3065 η
800 2981 911 3054 παντὸς
927 2989 981 3047 τοῦ
1001 2984 1161 3068 ἀλγοῦντος
1179 2984 1294 3063 ὑιιεξιιί-

218 3094 307 3153 ρεσις.
341 3076 593 3136 coniuncturum
618 3077 671 3130 bne
694 3076 838 3132 sententia
856 3088 918 3132 erat
936 3077 1181 3142 duodevicesima
1206 3099 1293 3152 qnam

218 3161 325 3220 Cicero
348 3161 436 3238 punio
459 3172 524 3236 post
548 3160 687 3255 exprimit
709 3162 809 3236 (Diog.
833 3163 872 3227 Χ,
902 3166 988 3234 144):
1013 3155 1075 3218 Οικ
1098 3153 1295 3239 εἰιιιύξιταιὴ

219 3237 340 3320 ἡδονὴ’
326 3265 355 3302 εν
352 3245 407 3341 τῇ
419 3241 515 3320 σαρκί,
534 3235 649 3303 ι’πειὸἀν
667 3232 795 3315 ἅπαξ
764 3266 798 3303 το
816 3265 869 3300 κατ
870 3237 1002 3302 ’ἔνδειαν
1020 3238 1127 3321 ἀλγοῦν
1145 3241 1294 3322 ε’ξαιρεθῃ,

219 3321 296 3384 ἀλλὰ
319 3321 442 3403 μόνον
434 3326 622 3387 ποικίλλεται.
667 3330 701 3386 In
725 3332 809 3406 epist.
833 3330 869 3385 ad
894 3332 1026 3388 Menoec.
1048 3332 1153 3423 (Diug.
1165 3332 1205 3398 X,
1223 3335 1294 3430 198)

219 3413 366 3511 Epicurus
395 3416 484 3472 urrini
515 3427 544 3474 et
571 3416 703 3488 eorporis
731 3417 858 3505 quietern
887 3417 1074 3510 coniungit:
1090 3403 1209 3471 Τοιτοι·
1238 3409 1294 3491 γὰρ

219 3517 345 3595 {uper
328 3519 448 3557 αττιντιι
471 3491 651 3593 πράττομεν,
683 3489 762 3565 ὅπως
783 3486 857 3576 μήτε
880 3490 1013 3573 ιὶλγώμεν
1034 3486 1108 3575 μήτε
1130 3497 1293 3582 ταρβῶμεν

221 3603 295 3639 οταν
317 3574 347 3641 δὲ
365 3572 445 3651 ἆιιαξ
462 3601 551 3640 τουτο
575 3573 639 3656 περὶ
659 3574 735 3656 ἡμας
752 3579 876 3659 γένηται,
895 3576 999 3640 λῖιετιιί
1012 3604 1074 3649 τως
1097 3603 1112 3639 ο
1129 3603 1181 3658 τις
1197 3582 1295 3679 ψιχῖς

220 3659 339 3741 χειμών.
371 3659 423 3723 οὐκ
446 3662 564 3765 ἔχοντος
585 3663 640 3721 τοῦ
664 3657 740 3733 ζωοο
762 3661 900 3761 βαδίζειν
918 3659 986 3733 ὡς
979 3660 1057 3759 πρὸς
1077 3662 1173 3724 ε’νδιόν
1194 3686 1222 3723 τι
1246 3657 1293 3723 uui

223 3746 317 3826 ζητεῖν
339 3769 453 3842 ετερον,
482 3739 505 3823 qi
531 3742 566 3807 τὸ
593 3747 646 3823 τῆς
667 3750 766 3826 ψυχῆς
793 3771 841 3807 και
869 3742 904 3807 τὸ
932 3750 986 3807 τοίΙ
1015 3738 1154 3814 σωίιιιτος
1177 3742 1295 3825 ἀγαθὸν

222 3822 520 3934 ουμιιλιρωθίοιται.

308 3931 432 3976 naturum
456 3925 543 3995 ipsum
566 3923 662 3992 mouet)
683 3922 749 3977 Non
773 3922 844 3978 sutis
867 3932 998 3996 apparet.
1022 3939 1074 3977 eur
1095 3926 1181 3995 ipsum
1205 3921 1294 3975 uddu-

222 4015 282 4073 τοις
310 4006 361 4062 sed
384 4016 489 4061 natura
512 4025 569 4062 nun
593 4007 651 4062 ulia
674 4015 717 4061 est
741 4024 775 4061 ee
798 4024 915 4075 sensus3
939 4007 1056 4063 videtur
1077 4007 1167 4079 igitur
1189 4005 1294 4063 Cicero

223 4088 264 4146 sie
283 4090 380 4164 loqui,
411 4099 559 4165 tumquerrr
589 4092 682 4147 altera
705 4092 840 4165 voluptas
863 4110 920 4147 non
944 4093 982 4148 sit.
1005 4092 1033 4147 in
1057 4110 1154 4148 sensu.
1200 4091 1293 4164 Atqui
1383 4151 1387 4158 ,

224 4193 278 4231 non
307 4175 424 4232 dolendi
453 4176 590 4250 voluptas
619 4176 719 4232 sentiri
749 4187 845 4232 tumen
875 4177 970 4233 debet.
1020 4174 1106 4252 [Mox
1135 4179 1293 4250 uoluptatem

223 4262 292 4315 iilum
315 4261 483 4317 restitutum
507 4280 543 4317 ex
569 4259 703 4337 Annei]
