3030 5086
636 483 810 531 excursus
833 484 862 529 r.
1224 467 1286 531 829

218 679 306 741 cauea
329 655 430 716 tribuit
444 657 484 729 ¹)
514 655 643 732 reperire
671 665 786 731 poterat
813 654 891 730 apud
912 655 1053 712 Ioannem
1079 655 1285 713 Stobaeenssm

219 748 248 804 in
272 744 376 842 Eclog.
401 740 469 798 Eth.
493 742 589 839 p.48,
607 759 712 837 paene
741 740 861 798 totidem
885 740 982 797 verbis
1013 741 1209 842 expositam:
1223 737 1286 796 Τοῦ

219 821 250 888 dr
272 820 403 923 ἠθικοῦ
408 815 444 882 τὸ
456 817 525 920 μὲν
549 813 616 915 περὶ
642 817 695 922 τὴν
722 820 854 922 θεωρίαι
875 820 928 920 τῆς
949 817 1063 882 καθ”
1044 840 1168 882 macros
1191 814 1286 892 ἄξι’,ας

217 906 253 971 τὸ
280 902 312 969 di
338 900 404 987 napi
431 899 482 984 τὴν
511 895 618 984 ὁρμήν,
651 899 686 966 τὸ
714 899 745 966 di
772 900 837 1004 napi
865 899 917 985 ripn
931 903 1095 1007 πρᾶξιν
1105 907 1196 966 Ταῦι
1226 902 1287 966 ἔστι

218 990 287 1098 [ρᾶρ
310 991 446 1071 τριμερῆ]
467 991 520 1085 τῆς
541 985 646 1069 ἠθικῆς
652 985 738 1089 εἴδη,
760 991 877 1089 πρῶτον
903 983 957 1067 μὲι
978 983 1013 1049 τὸ
1036 975 1214 1050 deonandos
1236 983 1287 1089 τὴν

219 1076 304 1151 αξιάι
336 1075 391 1135 τοῦ
422 1062 612 1172 πράγματος
648 1066 738 1175 ὅπερ
747 1068 902 1151 αἱρεῖσθαι
930 1071 1088 1150 μέλλομεν·
1123 1068 1203 1150 (οὐδὲ
1232 1068 1287 1151 γὰρ

220 1153 283 1223 οἷόν
304 1183 337 1221 τε
358 1154 503 1260 γενέσθαι
517 1149 569 1236 τὴν
588 1153 684 1259 ὁρμὴν
706 1149 833 1239 εὔλογον,
860 1156 887 1219 εἰ
906 1152 947 1238 μὴ
968 1151 1117 1255 perer&
1139 1156 1287 1291 θεωρίαν·

217 1409 420 1516 περιιοηθέντι
448 1409 544 1477 καλῶς
507 1314 838 1490 ἐπιβάλλειν,
782 1406 882 1487 τρίτοι
909 1403 944 1470 ri
972 1403 1024 1489 τὴν
1051 1407 1157 1489 πρᾶξιν
1185 1403 1288 1477 αὐτοῖς

219 1484 409 1571 ἐπισυνάψαι.
464 1499 564 1571 Atque
602 1497 643 1554 ibi
682 1499 755 1555 haec
792 1496 899 1556 dirisio
931 1498 1075 1574 repetitur
1106 1516 1144 1554 ex
1177 1496 1289 1554 Endori

218 1583 428 1651 Alexandrini
452 1582 639 1654 Academici,
662 1582 753 1654 libro,
781 1582 831 1656 qui
854 1583 971 1656 quando
993 1582 1116 1652 vixerit,
1139 1600 1197 1640 non
1220 1600 1289 1639 con·

218 1679 286 1727 atat.
328 1670 392 1727 Iam
417 1686 480 1725 eam
504 1667 693 1726 Petersenina
721 1676 754 1725 ut
781 1669 981 1727 accommodet
1008 1669 1108 1743 aliquo
1137 1667 1223 1726 modo
1251 1667 1288 1724 ed

218 1773 262 1823 ea,
286 1772 361 1828 quae
378 1753 497 1811 aliunde
513 1760 658 1823 constant,
682 1754 733 1824 ita,
752 1763 785 1810 ut
801 1751 873 1824 dixi,
896 1754 1030 1823 invertit,
1050 1762 1092 1852 nt,
1115 1752 1192 1828 quod
1210 1752 1288 1827 apud

219 1839 361 1900 Senecam
379 1848 408 1896 et
424 1838 573 1935 Ειιιιοιριιι
592 1839 750 1896 seeundum
769 1846 823 1908 est,
841 1827 908 1914 napi
926 1828 1027 1915 ὁρμῆς,
1045 1837 1172 1916 primum
1188 1835 1287 1903 faciat,

218 1935 322 1999 atque
334 1932 447 1999 partem
474 1911 685 1998 περιπαθῶν,
713 1941 788 1997 quae
815 1922 893 1998 apud
916 1922 1057 1983 Senecam
1086 1931 1116 1980 et
1137 1923 1287 1980 Eudorum

218 2011 259 2108 (p.
274 2010 327 2084 50)
345 2027 409 2065 cum
428 2008 482 2065 hac
505 2007 540 2064 de
562 2007 673 2083 impetu
696 2007 892 2084 coniungitur,
915 2009 1003 2065 etiam
1026 2007 1105 2084 apud
1124 2008 1287 2085 Diogenem

218 2096 247 2152 ri
269 2096 299 2152 in
323 2094 438 2150 initium
462 2095 601 2160 retrahet,
624 2111 677 2150 nec
701 2093 807 2163 videat,
831 2093 917 2170 longa
940 2093 1026 2150 aliter
1048 2094 1084 2151 de
1101 2094 1234 2169 appetitu
1254 2111 1289 2151 ac

218 2180 312 2257 prime
335 2179 540 2237 conciliatione
563 2177 706 2255 disputari
734 2179 819 2236 initio
847 2179 1019 2255 disciplinae
1047 2179 1084 2236 nd
1111 2197 1289 2254 praeparan-

218 2266 284 2323 dam
308 2264 455 2322 notionem
479 2263 563 2333 boni,
592 2263 679 2321 aliter
705 2264 783 2339 apud
806 2264 948 2324 Senecam
977 2265 1012 2321 da
1035 2263 1213 2321 moderando
1235 2265 1289 2321 im·

218 2359 286 2428 petu
310 2349 398 2406 etad
421 2349 490 2406 boni
512 2348 661 2406 notionem
685 2349 741 2405 iem
766 2349 944 2425 explicatam
966 2349 1178 2417 convertendo,
1208 2357 1238 2405 ιιι
1261 2348 1289 2405 ei

218 2444 329 2512 pareat,
376 2434 469 2491 Miror
490 2433 624 2503 omnino,
648 2453 705 2491 non
728 2435 845 2491 venisse
867 2436 898 2492 in
912 2443 1062 2503 mentem,
1078 2434 1122 2491 'de
1145 2452 1203 2508 quo
1224 2433 1290 2510 ipae

219 2522 348 2581 Senecae
371 2520 460 2576 verba
488 2519 632 2595 legentem
655 2519 827 2589 admonent,
856 2518 999 2577 eiusmodi
1027 2537 1090 2576 esse
1118 2519 1193 2575 hauc
1216 2519 1290 2577 diri·

218 2607 344 2704 aionem,
373 2623 432 2662 non
455 2622 529 2678 quae
553 2603 737 2680 disciplinam
761 2605 919 2662 secundum
948 2605 1122 2681 praecipuas
1145 2603 1289 2674 notiones,

219 2710 295 2768 quae
316 2691 347 2748 in
369 2699 432 2747 arte
450 2690 643 2764 explicentur,
666 2690 837 2764 dispositam
856 2690 1015 2759 contineat,
1038 2690 1090 2748 sed
1107 2708 1182 2763 qnae
1199 2698 1290 2747 totam

218 2775 429 2853 perfectionem
458 2775 536 2831 vitae
565 2775 684 2832 moralis
713 2775 756 2831 ita
788 2775 817 2831 in
846 2776 903 2833 trie
931 2775 1029 2850 capita
1056 2774 1226 2850 dispertiat,
1259 2784 1292 2832 ut

220 2861 315 2920 omnis
347 2859 409 2918 fera
443 2879 490 2917 ars
520 2869 549 2916 et
577 2852 735 2936 dampi’n
727 2879 756 2916 rn
790 2860 885 2934 primo
914 2870 1066 2936 ponatur,
1088 2860 1202 2935 relique
1233 2860 1291 2917 duo

220 2940 326 3020 πρᾶξιν
354 2955 384 3002 et
411 2945 473 3002 eius
501 2944 696 3002 instrumenta
723 2945 982 3045 comprehendant.
994 2946 1023 3020 ⁵²)
1075 2947 1182 3019 ltaque
1214 2945 1292 3020 apttd

220 3031 371 3087 Eudorum
394 3040 424 3087 et
445 3021 479 3085 ri
501 3019 566 3105 περὶ
589 3021 692 3096 τέλους
714 3038 743 3087 ει
764 3023 799 3088 τὸ
821 3020 887 3108 περὶ
909 3027 962 3105 τῆς
979 3021 1073 3100 ἀξίας,
1097 3048 1172 3104 quae
1189 3029 1291 3088 Peter·

221 3115 319 3173 senius
348 3116 377 3173 in
406 3114 493 3172 tertia
521 3123 604 3190 parte
627 3115 724 3189 ponit,
753 3116 937 3193 apertissime
965 3123 1113 3191 ponuntur
1139 3115 1169 3172 in
1198 3116 1292 3191 prima
1340 3174 1345 3183 ,

220 3202 319 3275 (quam
350 3201 400 3259 ille
427 3200 583 3258 secundam
613 3197 695 3273 fecit)
718 3219 746 3277 p.
769 3202 809 3258 48
838 3210 868 3258 et
891 3202 940 3259 50.
985 3201 1096 3259 Verum
1124 3201 1202 3276 quod
1230 3210 1292 3259 tote

226 3373 235 3379 .-
253 3371 444 3378 ..-—--——-

245 3456 267 3517 ¹)
286 3454 417 3516 Epictetus
436 3451 568 3503 Euchirid.
588 3467 608 3500 c.
625 3454 721 3517 ιιιδι),
739 3452 814 3514 longe
832 3453 883 3502 alio
902 3462 1033 3518 spectans,
1058 3453 1106 3501 tria
1132 3467 1185 3502 esre
1207 3454 1243 3502 ait
1264 3452 1290 3502 in

287 3521 461 3587 philosophia.
486 3535 559 3569 nrum
577 3520 774 3580 theorematum,
793 3523 1044 3581 demonstrationem,
1067 3521 1142 3570 huius
1160 3522 1291 3572 confirma-

287 3591 395 3649 tionem;
414 3605 445 3639 ex
463 3588 502 3638 his
521 3590 599 3638 tribue
617 3589 725 3652 primum
744 3603 867 3639 summum
886 3605 947 3650 ease,
967 3598 1032 3640 recte
1047 3604 1129 3652 agere,
1149 3599 1251 3655 propter
1265 3592 1291 3640 id

287 3659 395 3707 alterum
412 3658 594 3717 necessarium,
617 3657 677 3721 quid
697 3658 730 3707 ait
747 3657 903 3719 laciendum,
922 3661 1105 3717 demonstrare,
1124 3668 1226 3723 propter
1243 3661 1291 3709 hoc

287 3727 364 3776 etiarn
387 3727 499 3784 tertium,
523 3725 657 3774 dialectica
681 3735 735 3776 arte
757 3727 827 3776 illam
851 3728 1103 3780 demonstrationem
1111 3729 1187 3788 tueri3
1210 3743 1291 3793 repre·

288 3795 376 3844 hendit
394 3803 489 3854 antem,
513 3795 582 3858 qnod
601 3794 677 3842 lere
670 3810 696 3843 m
714 3795 763 3845 hoc
781 3796 854 3846 tertio
872 3799 954 3846 omnia
972 3797 1102 3859 diligentia
1121 3805 1291 3846 consumatur

289 3864 437 3929 Apparet,
431 3879 456 3913 m
474 3831 522 3912 lloc
540 3863 597 3912 loco
615 3863 651 3910 ita
668 3860 714 3935 rp's
731 3866 874 3948 πρᾶξιν
847 3867 878 3915 ri
895 3865 1000 3946 θεωρίᾳ
1018 3865 1151 3930 praeferri,
1175 3875 1202 3913 nt
1220 3867 1291 3915 nullu

265 3961 268 3968 ν
288 3932 392 3982 omnino
410 3932 451 3982 hic
469 3931 501 3980 eit
518 3933 561 4002 τῆς
578 3926 676 4012 ρ’θικής
694 3932 813 4001 ιιιαρίας
836 3910 926 3982 divisio
944 3949 976 3982 ex
994 3940 1048 3983 arte
1066 3935 1204 3998 desumpta
1241 3935 1290 3984 Sed

288 4016 319 4050 ne
336 4003 380 4071 τῆς
398 4021 417 4051 ιι
435 3999 453 4052 ά
453 4004 521 4076 b&arag
542 4001 641 4064 qnidam
661 4015 692 4048 ea
710 4001 808 4061 divisio,
829 4016 893 4066 qnae
912 4004 979 4066 apud
998 3997 1127 4061 Senecam,
1147 4003 1256 4067 ponitur

246 4071 270 4136 ²)
288 4035 379 4133 Itaque
397 4047 465 4119 hrnc
474 4068 582 4118 efficitur
599 4068 644 4118 illa
663 4082 719 4118 cnm
739 4070 868 4121 Ciceronis
886 4072 955 4130 loco,
979 4072 1021 4135 qui
1044 4072 1070 4119 in
1093 4073 1203 4121 secundo
1226 4072 1291 4121 libro

289 4139 319 4186 de
344 4137 395 4188 Off.
419 4146 467 4197 est,
492 4138 644 4196 similitudo,
669 4139 710 4186 nbi
733 4140 812 4188 virtus
834 4139 861 4187 in
884 4148 934 4189 tres
957 4149 1040 4204 partes
1062 4140 1190 4191 dividitur.
1225 4140 1289 4190 Nam

288 4208 369 4270 prima
388 4223 455 4272 para,
474 4221 538 4270 qnae
556 4207 715 4271 prudentiam
734 4208 852 4267 continet,
871 4207 925 4266 hic,
943 4217 972 4256 ιιι
988 4209 1014 4257 in
1031 4209 1213 4273 quadripertita
1231 4211 1291 4260 defi-

288 4275 398 4335 nitione,
424 4293 439 4326 a
461 4274 565 4325 scientia
586 4289 638 4324 non
662 4283 745 4341 potest
761 4276 884 4340 separari3
907 4278 972 4326 duaa
994 4277 1106 4341 reliquae
1128 4293 1226 4328 omnem
1249 4294 1290 4328 ac-

289 4343 383 4393 tionem
403 4346 542 4403 continent,
567 4344 659 4408 partim
678 4345 704 4392 in
722 4358 769 4394 auo
787 4345 871 4394 animo
889 4346 1057 4403 moderando,
1080 4346 1215 4411 partimin
1234 4347 1291 4396 aliis

290 4414 419 4462 moderate
436 4413 543 4464 utendis.
