3030 5086
304 474 366 541 268
695 490 740 536 us
762 489 892 538 rrnraus
915 490 987 537 nou.

304 668 337 726 et
352 657 572 735 interurundia,
594 676 675 738 quae
691 676 748 723 nee
766 664 839 722 sunt
856 659 919 722 ulla
936 676 993 723 nec
1009 666 1142 738 possunt
1157 677 1236 738 esse,
1259 658 1381 724 intelle-

305 763 419 844 gimus3
442 760 596 839 voluptas,
619 777 700 840 quae
717 759 899 839 passeribus
915 766 992 824 nota
1009 769 1059 824 est
1075 761 1226 840 omnibus,
1247 780 1268 826 a
1291 760 1381 826 nobis

305 862 440 943 intellegi
463 879 525 925 non
548 863 674 941 potest?
724 861 821 941 Quid,
843 862 870 925 si
893 859 1007 938 efficio,
1030 867 1065 926 ut
1086 860 1218 941 fateare,
1246 879 1381 927 menon

305 966 407 1043 niodo,
430 963 506 1045 quid
528 963 570 1027 sit
585 964 740 1045 voluptas,
763 963 842 1028 scire
859 965 922 1043 (est
944 963 1024 1029 enini
1046 964 1200 1028 iucundus
1223 970 1326 1029 motus
1348 964 1382 1029 in

267 1063 288 1127 5
306 1067 491 1147 sensu),sed
501 1064 603 1140 etiarn,
614 1066 688 1146 quid
698 1084 767 1130 earn
777 1071 812 1129 tu
820 1065 897 1130 velis
906 1066 997 1130 esse?
1020 1066 1100 1129 Turn
1109 1065 1191 1130 eninr
1200 1083 1269 1130 eam
1279 1065 1382 1147 ipsam

306 1169 362 1246 vis,
385 1186 479 1250 quarn
502 1167 594 1230 ruodo
617 1185 675 1248 ego
698 1167 770 1240 dixi,
794 1172 826 1231 et
841 1185 953 1232 nomen
970 1166 1113 1248 imponis,
1135 1167 1166 1231 in
1184 1174 1270 1231 motu
1286 1172 1323 1232 ut
1340 1166 1384 1231 sit

378 1343 398 1387 l.
418 1353 470 1389 ease
485 1337 619 1402 posaaatL
656 1341 678 1386 2.
698 1335 802 1386 ornandae
820 1346 876 1386 nota
895 1346 929 1387 eat
943 1335 1106 1388 EPMCROr.
1126 1345 1160 1386 est
1175 1346 1231 1389 nota
1245 1335 1382 1387 omnibuaL

307 1413 321 1456 θ
349 1424 377 1456 ae
396 1406 556 1471 (pronae)1i
593 1411 616 1454 4.
634 1403 773 1454 εαίναανΕ
810 1411 832 1455 5.
851 1404 951 1455 oetaatu
969 1422 1022 1455 eam
1041 1406 1062 1454 E
1081 1414 1105 1455 tu
1123 1406 1182 1455 entia
1200 1406 1254 1456 MR
1289 1410 1311 1455 6.
1330 1403 1386 1456 <tet

307 1476 389 1540 equ
425 1492 466 1540 eqo
485 1474 574 1524 ouili
609 1490 690 1522 nornen
707 1474 755 1522 iam
770 1473 881 1537 ροαῐαΕ

306 1633 408 1702 tineat,
432 1630 583 1688 attendero
606 1629 740 1687 iubemus
763 1630 821 1703 (II,
847 1629 900 1686 30:
930 1649 1001 1687 tarrac
1022 1632 1110 1699 uidea;
1144 1630 1204 1701 lv,
1228 1631 1261 1686 7:
1291 1632 1384 1704 itaque

307 1719 395 1786 viden
418 1716 476 1773 ibd.
498 1717 529 1772 5:
552 1717 666 1785 illorum,
690 1716 773 1784 rides
793 1735 875 1790 quom
897 1719 978 1772 niteat
1000 1717 1096 1787 oratio)
1115 1715 1221 1773 autad
1239 1714 1278 1786 id,
1301 1714 1383 1788 quod

307 1814 409 1860 nostra
435 1800 690 1877 argumentatione
718 1809 747 1857 et
775 1800 908 1858 oratione
935 1800 1116 1858 conficiatur.
1160 1799 1258 1875 (Quod
1287 1798 1383 1858 Gziua

307 1889 446 1957 advocat,
481 1885 559 1960 quod
586 1886 641 1954 IV,
667 1886 683 1941 7
713 1885 824 1942 editur:
856 1887 945 1955 videa,
979 1896 1109 1959 quarratam
1136 1905 1191 1943 reru
1218 1905 1300 1959 aqua,
1335 1884 1381 1954 id,

308 1973 422 2030 etiarnsi
446 1971 551 2028 mendo
573 1979 680 2036 eareat,
705 1969 933 2027 diversissimum
954 1979 1013 2039 est3
1036 1970 1076 2026 ibi
1095 1970 1172 2027 enirn
1189 1971 1264 2027 alter
1285 1979 1383 2027 atten-

308 2058 376 2115 dere
404 2057 535 2125 iubetur,
565 2063 704 2128 quantam
732 2074 792 2112 rem
821 2055 977 2129 suscipiat,
1006 2074 1063 2112 non
1092 2065 1217 2132 negatur
1243 2074 1382 2132 magnum

308 2161 386 2213 esse,
423 2141 500 2214 quod
528 2140 553 2196 is
581 2139 726 2214 dixisset.)
769 2139 890 2197 Poterat
919 2140 1004 2216 poni:
1038 2141 1106 2198 Rem
1136 2142 1203 2198 dicia
1230 2142 1382 2214 diffidlerm

308 2227 358 2286 sed
382 2227 455 2283 nihil
478 2225 575 2301 aptius
598 2244 684 2300 quarn
708 2227 835 2296 videlicet,
859 2234 890 2282 ut
914 2226 1012 2296 mirer,
1035 2225 1190 2283 Davisinm
1213 2227 1289 2283 tddeo
1311 2225 1383 2283 sori-

308 2313 434 2370 bendum
452 2312 574 2379 coicere,
597 2311 626 2367 in
651 2329 709 2384 quo
728 2311 809 2367 nulla
826 2309 924 2378 irrisio
942 2320 995 2379 ast,
1020 2311 1187 2369 Ernestium
1210 2313 1280 2378 vide,
1303 2311 1384 2385 quod

307 2417 402 2474 paone
430 2398 459 2453 in
488 2396 590 2454 eodem
620 2395 806 2453 incommodo
829 2406 887 2466 eet,
916 2397 945 2454 in
975 2415 1033 2471 quo
1055 2398 1139 2475 videa.
1184 2396 1383 2454 Accusativna

308 2492 404 2540 autern
435 2481 536 2538 eodem
565 2480 760 2556 appositionis
791 2499 898 2558 genere
932 2483 969 2539 ad
997 2482 1177 2557 superiorem
1206 2480 1383 2539 sententiam

308 2567 483 2637 annectitur,
514 2565 598 2640 quasi
628 2584 645 2622 a
668 2567 759 2623 verbo
787 2566 917 2641 pendens
945 2568 1012 2640 (rem
1034 2569 1154 2624 videlicet
1176 2568 1311 2641 difficilem
1334 2585 1384 2624 nos

309 2673 359 2710 uon
387 2654 535 2725 intelleqere
561 2652 675 2723 dicitis),
704 2669 763 2725 quo
784 2652 816 2709 II
838 2650 874 2708 de
898 2651 980 2710 Orat.
1005 2652 1060 2709 79:
1090 2653 1158 2710 Rem
1180 2671 1246 2709 sone
1266 2671 1317 2708 nou
1340 2670 1384 2708 re·

308 2740 450 2809 conditam,
474 2746 503 2793 et
520 2734 603 2794 Orat.
618 2736 672 2793 52:
696 2737 754 2794 Sed
769 2739 798 2794 id
813 2739 878 2794 midi
899 2756 1028 2812 quaerere
1049 2739 1182 2804 videbare,
1205 2737 1280 2812 quod
1298 2755 1384 2812 qenua

307 2828 393 2900 ipatus
415 2824 542 2880 orationis
563 2824 691 2896 optimum
712 2825 874 2888 iudicaram
901 2843 957 2879 rem
979 2824 1130 2896 dr'sfict'lem,
1154 2825 1185 2879 di
1204 2823 1384 2880 immortales!

307 2919 389 2983 atque
409 2912 524 2965 omnium
546 2908 732 2982 difficillimam
754 2907 872 2981 (quibus
894 2908 967 2967 loeis
990 2927 1059 2965 usus
1082 2916 1126 2966 est
1149 2907 1330 2966 Matthiaens
1352 2906 1383 2965 in

309 2991 572 3055 Gramm.'Graeo.
597 2995 701 3064 §432
725 2994 765 3066 5),
789 3000 818 3049 et
840 2993 856 3049 I
878 2994 966 3050 Tuae.
994 2994 1067 3050 102:
1090 2994 1257 3064 Admoaeor,
1279 3002 1309 3050 ut
1330 2994 1383 3050 oli-

308 3082 377 3155 qur'd
403 3083 480 3136 etium
508 3080 542 3136 de
565 3080 715 3137 tertiatione
736 3079 876 3135 dicendam
898 3081 1059 3144 aristionem
1089 3099 1144 3136 rem
1172 3097 1223 3136 non
1245 3077 1384 3152 difficilem

308 3173 362 3223 eet.
407 3164 471 3221 Noc
499 3163 585 3221 aliter
612 3164 667 3219 hoo
694 3162 862 3220 occursativo
885 3163 989 3223 Cicero
1017 3182 1088 3221 usus
1116 3174 1159 3222 est
1187 3163 1244 3221 nisi
1272 3164 1302 3220 in
1330 3163 1383 3220 ad·

307 3249 422 3308 ioieudo
444 3247 611 3306 huiuamodi
635 3247 756 3319 iudicio,
791 3248 870 3305 intra
901 3249 974 3306 fines
1008 3249 1158 3323 aliquanto
1188 3249 1384 3326 angustiores,

308 3353 395 3410 quam
419 3343 470 3392 aut
493 3332 601 3392 Graeci
624 3342 676 3389 aut
697 3333 819 3391 Tacitus
843 3331 916 3411 [rid.
941 3334 1085 3410 Nipperd.
1108 3336 1145 3392 ad
1168 3335 1247 3392 Anu.
1270 3335 1295 3406 Ι,
1316 3331 1383 3412 27],

308 3438 363 3478 neo
385 3420 527 3496 pluribus,
551 3418 665 3494 opinor,
688 3418 761 3477 loeis
784 3437 870 3494 quarn
895 3438 968 3493 quos
990 3419 1085 3496 posui.

393 3524 451 3562 enm
474 3506 577 3579 dicitis)
601 3503 651 3563 sic
673 3503 754 3564 Crat.
780 3515 808 3561 et
830 3504 921 3574 vict,
945 3514 1005 3562 turn
1029 3523 1045 3561 e
1067 3503 1259 3562 Patulus
1284 3502 1384 3576 Grut,

309 3601 339 3648 et
371 3600 451 3647 erant
487 3590 559 3645 haec
592 3591 683 3648 verba
715 3590 745 3646 in
774 3590 854 3648 Oxx.
884 3585 942 3661 Εξ,
977 3589 1054 3665 Spir.
1084 3585 1153 3670 [B],
1180 3589 1276 3647 *etiam
1311 3588 1382 3649 Bes.

308 3675 450 3733 Morelius
473 3674 568 3731 omitti
592 3675 621 3733 in
646 3693 698 3731 suo
721 3675 784 3732 eod.
808 3684 939 3746 annotat,
963 3675 1041 3750 quod
1064 3676 1163 3732 miror.

393 3760 586 3835 intemnondio)
612 3749 659 3815 Τὰ
682 3747 867 3833 μετακόσμια
886 3761 928 3817 sie
946 3760 1076 3836 appellat
1088 3760 1193 3819 Cicero
1211 3758 1259 3815 hic
1276 3767 1305 3816 et
1317 3758 1332 3815 I
1345 3758 1383 3816 de

308 3847 346 3904 N.
360 3847 397 3903 D.
414 3848 460 3915 18,
484 3845 540 3902 hoe
563 3854 615 3912 est,
638 3834 677 3898 τὰ
699 3833 810 3915 μεταξὺ
833 3831 1022 3919 διαστήματα
1036 3846 1131 3921 (Epio.
1150 3844 1227 3920 apud
1240 3844 1329 3921 Diog.
1340 3844 1383 3914 X,

309 3933 371 4005 89),
394 3931 519 3988 fortasse
542 3941 659 4004 sumpto
682 3929 797 3985 nomine
821 3930 858 3985 ab
877 3930 1024 4005 Epicureo
1047 3931 1147 4005 aliquo
1165 3930 1308 3997 Romano,
1331 3928 1384 4004 qui

307 4017 380 4073 haee
407 4016 514 4073 Latina
543 4014 641 4072 facere
671 4015 841 4072 conabatur.
885 4016 962 4072 Tum
991 4017 1111 4073 omatibus
1137 4025 1200 4072 noto
1226 4024 1266 4072 est
1292 4013 1383 4072 etiam

307 4120 408 4159 ornnes
428 4101 495 4159 Gzii
519 4101 612 4168 codd,
636 4096 704 4179 [B];
728 4098 874 4157 Gruterus
897 4100 984 4157 tacite
1007 4112 1068 4158 uoto
1092 4112 1130 4159 eat
1152 4101 1280 4171 omnibus,
1303 4099 1384 4174 quod

307 4196 500 4266 propagatum
524 4197 577 4257 est,
601 4194 725 4261 excepto
738 4185 870 4245 Darisio.
894 4184 939 4263 [et.
961 4204 1037 4243 nune
1060 4188 1232 4263 repositum,
1256 4204 1319 4243 oum
1344 4184 1384 4242 sit

306 4272 336 4329 in
350 4271 404 4350 Α].
439 4274 580 4329 Passeres
603 4290 654 4329 eur
676 4270 815 4338 nominet,
839 4271 965 4328 ostendit
989 4273 1152 4331 communis
1175 4272 1210 4328 de
1233 4271 1296 4329 eius
1318 4269 1384 4329 aris

307 4368 412 4415 natura
435 4358 544 4432 opinio,

394 4445 470 4499 niodo
499 4462 545 4514 eqo
572 4442 644 4515 diat)
667 4440 760 4500 Gzius
784 4452 904 4518 propter
927 4441 1068 4500 incertum
1092 4442 1224 4501 ordinem
1247 4443 1327 4514 (narn
1350 4439 1382 4498 in
