3030 5086
389 505 431 550 ur
455 505 534 550 nisu.
557 503 620 548 nm.
645 505 666 550 v
689 503 761 549 cae.
784 505 858 549 t-s.
874 504 1006 565 (ao-av.)
1171 486 1234 551 639

160 672 315 738 defensae
365 673 494 736 Iunctae
521 678 625 735 autem
659 678 690 735 et
720 671 858 752 duplices
887 671 1096 751 expositiones
1124 671 1235 735 summi

160 775 230 838 boni
252 782 318 839 tres
336 774 459 838 ommno
477 771 610 850 luerunt,
632 790 689 836 nec
705 791 780 837 vero
802 772 918 852 plures,
941 772 967 835 si
989 771 1114 853 penitus
1131 790 1235 836 rerum

159 884 302 940 naturam
325 876 444 952 videas,
467 892 536 938 esse
552 879 732 954 potuerunt.
770 874 850 938 Nam
874 882 930 937 aut
946 873 1091 954 voluptas
1108 873 1236 953 adiungi

160 987 264 1057 potest
287 979 326 1040 ad
349 979 552 1053 honestatem,
575 984 610 1038 ut
627 975 813 1055 Calliphonti
834 975 1088 1056 Dinomachoque
1109 974 1235 1055 placuit,

160 1089 214 1142 aut
232 1079 349 1142 dolens
365 1078 514 1153 vacuitas,
536 1080 572 1141 ut
586 1077 737 1154 Diodoro,
754 1084 811 1140 aut
826 1076 927 1158 prima
944 1086 1085 1155 naturae,
1103 1086 1138 1140 ut
1153 1077 1234 1140 anti·
1252 1079 1273 1144 b

161 1180 239 1261 quis,
263 1197 342 1260 quos
364 1180 489 1243 eosdem
513 1179 714 1242 Academicos
737 1185 769 1242 et
786 1178 1010 1259 Peripateticos
1032 1178 1235 1242 nominamus

159 1282 221 1345 Sed
243 1280 389 1361 quoniam
413 1299 473 1344 non
496 1287 630 1359 possunt
652 1280 755 1344 omnia
777 1280 868 1345 simul
890 1280 963 1359 dici,
992 1280 1067 1344 haec
1089 1280 1119 1344 in
1141 1297 1235 1362 prae·

160 1383 259 1446 sentia
288 1389 363 1445 nota
391 1400 460 1447 esse
488 1381 657 1459 debebunt,
691 1382 881 1463 voluptatem
910 1381 1130 1447 semovendam
1157 1399 1235 1460 esse,

160 1485 285 1564 quarido
308 1485 350 1547 ad
374 1483 492 1547 maiora
514 1484 677 1564 quaedam,
700 1491 734 1547 ut
755 1484 818 1547 iam
834 1482 1008 1564 apparebit,
1030 1484 1095 1548 nati
1119 1501 1234 1546 sumus.

160 1586 207 1649 De
219 1585 372 1649 vacuitate
384 1584 501 1648 doloris
513 1584 622 1648 eadem
640 1583 704 1649 fere
716 1585 777 1648 dIci
789 1584 899 1662 solent,
916 1603 997 1664 quae
1015 1585 1055 1649 de
1066 1584 1233 1665 voluptate.
1257 1590 1296 1652 10

234 1781 251 1821 1,
271 1773 332 1822 Post
350 1772 462 1836 defensae
480 1773 538 1820 add.
558 1773 648 1820 iterum
666 1771 817 1834 quattuorll
867 1776 889 1820 2.
909 1780 968 1820 teres
988 1773 1009 1818 l:
1059 1776 1081 1819 t.
1104 1769 1238 1835 (alphoni

162 1841 250 1890 LPCR
271 1840 377 1904 Callipho
396 1840 455 1887 qu
492 1845 513 1889 5.
534 1848 576 1888 aut
594 1839 734 1903 antiqatsss
771 1844 793 1890 h.
813 1839 1016 1888 nominauiutusE
1053 1842 1075 1887 9.
1095 1839 1236 1903 ᾳυοηίαηιΙι

167 1916 200 1958 tt).
221 1926 273 1958 cere
292 1914 345 1973 tpro
354 1908 455 1972 sorelli
482 1906 556 1957 solent
574 1907 623 1956 ttici
640 1908 683 1957 Lc
718 1924 780 1970 quae
798 1915 881 1956 contra
899 1905 1040 1971 voluptatem
1059 1905 1124 1957 dicta
1141 1907 1235 1956 saue

162 1977 222 2025 Post
235 1978 297 2026 baec
312 1979 386 2025 verba
401 1991 488 2025 omncs
503 1979 611 2024 addunt:
632 1974 748 2032 Quoniam
764 1975 871 2039 (quaudo
886 1976 964 2039 uta)
979 1976 1049 2041 ἐρίων
1062 1983 1084 2024 et
1098 1980 1157 2038 (om.
1173 1975 1236 2041 etc>

159 2046 187 2093 cle
202 2045 385 2109 voluptabrum
404 2044 528 2108 Torquato
546 2047 605 2108 (om.
625 2062 676 2093 cunr
696 2044 768 2108 Torq.
784 2045 814 2099 P)
839 2054 860 2093 et
878 2045 958 2109 (aaron
969 2046 1001 2109 C)
1020 2043 1194 2105 dehonestate,
1212 2045 1236 2093 iu

160 2131 207 2176 cirta
225 2132 274 2162 unu
292 2131 356 2162 omne
379 2114 461 2162 bonum
478 2121 615 2176 proiceretur,
640 2130 691 2162 cura
711 2113 799 2163 Cutoite
817 2122 851 2162 est
869 2112 1027 2177 disputatum,
1043 2115 1157 2177 primum.
1175 2130 1237 2176 quae

160 2192 243 2231 contm
266 2181 407 2246 voluptatem
429 2181 494 2230 dicta
511 2189 576 2241 runt,
600 2181 681 2230 eadem
697 2183 749 2241 sere
768 2181 856 2231 cadunt
878 2191 961 2230 contm
980 2181 1120 2231 vacuitatem
1138 2181 1235 2231 doloris.

162 2253 203 2301 (tr,
225 2251 297 2300 uncis
316 2250 424 2299 inclusit.

245 2409 354 2480 qrcarrdo
376 2408 414 2462 (al
437 2408 553 2479 vaniora)
577 2406 673 2463 Etiam
694 2402 735 2475 Εξ
752 2410 885 2481 qteonr'cm.
931 2406 1078 2482 Suspicuti
1097 2414 1166 2462 strnt
1185 2406 1236 2461 ho-

161 2493 253 2548 mines
276 2492 352 2548 docti
377 2491 558 2561 (Wunderns
581 2491 610 2547 in
634 2490 758 2566 praeiet.
781 2493 844 2548 cod.
858 2491 920 2550 Eri.
941 2512 967 2567 p.
982 2492 1127 2559 LXXVI,
1150 2489 1235 2549 Orel-

160 2578 215 2633 Iins
238 2577 275 2633 ad
301 2578 381 2633 Brut.
408 2578 466 2631 ⁴201
493 2577 537 2632 ed.
563 2577 641 2642 mia,
665 2577 701 2632 ad
725 2576 844 2633 Tuscul.
869 2578 923 2643 IV,
945 2577 1006 2649 34),
1031 2576 1155 2633 fortasse
1177 2575 1237 2632 illis

160 2663 241 2728 Iocis,
266 2662 315 2718 ubi
332 2661 409 2735 aprici
428 2660 600 2719 Ciceronem
620 2661 734 2737 legatur
750 2664 860 2735 pacando
883 2662 912 2718 iu
930 2680 1019 2719 causa
1036 2660 1237 2736 sIgnificanda,

162 2749 235 2802 hanc
258 2764 359 2802 vocem
384 2746 446 2819 (pri)
468 2765 484 2801 e
507 2746 681 2820 corripendio
705 2747 785 2803 vocis
808 2750 933 2821 quoniam
951 2748 1028 2821 (quo)
1046 2746 1140 2803 ortam
1163 2763 1237 2813 esse,

161 2832 238 2905 quod
261 2831 373 2904 aliquot
397 2831 469 2886 locis
487 2829 595 2886 factum
614 2848 678 2887 esse
696 2842 820 2888 constat.
856 2833 964 2888 Porum
989 2832 1067 2888 euim
1085 2830 1237 2906 probabile

163 2917 315 2976 indicatur,
339 2915 510 2973 Ciceronem
536 2915 636 2989 paucis
659 2916 832 2989 quibusdam
856 2917 929 2973 locis
951 2935 1004 2990 pro
1027 2935 1062 2972 ea
1084 2914 1237 2992 particula.

163 3021 220 3074 qim
243 3001 304 3057 fere
328 3000 370 3056 uti
394 2999 502 3068 soleat,
531 3000 653 3056 alteram
684 3001 764 3056 nullo
794 3002 912 3058 omnino
940 3001 1108 3057 discrimine
1131 3000 1237 3057 substi-

162 3088 261 3142 tuisse.
296 3085 434 3142 Nondnm
458 3095 555 3140 tamen
580 3086 652 3141 satis
669 3086 777 3159 ubique
795 3086 982 3160 antiquorum
1000 3085 1133 3142 codicum
1152 3094 1238 3141 notae

162 3184 190 3228 et
213 3171 387 3245 compendia
406 3170 591 3226 considerata
614 3181 697 3239 sunt3
720 3182 749 3228 et
772 3181 888 3246 praeter
910 3178 1061 3246 poetarum
1081 3170 1240 3228 auctorita·

163 3268 220 3313 tem
239 3265 269 3311 et
282 3256 415 3314 Sallustii
433 3265 521 3329 atque
542 3255 617 3311 Livii
636 3257 718 3312 codd.
731 3256 802 3328 (vid.
814 3257 908 3314 Kritz.
922 3257 959 3313 ad
973 3256 1044 3314 Sall.
1052 3258 1116 3332 lug.
1129 3256 1197 3324 102,
1212 3255 1240 3324 9,

165 3340 315 3397 Ilrahenb.
339 3341 374 3396 ad
400 3341 463 3397 Liv.
486 3341 642 3410 XXXIII,
667 3343 695 3410 2,
709 3342 737 3401 9.
761 3342 827 3412 XL,
847 3342 875 3409 9,
898 3343 925 3413 l)
948 3342 1055 3409 obstat,
1079 3341 1157 3415 quod
1180 3358 1239 3397 non

164 3427 204 3482 ita
217 3445 283 3481 raro
301 3426 378 3500 apud
396 3427 491 3501 ipsum
505 3425 678 3483 Ciceronem
697 3426 804 3504 legitur
820 3430 930 3501 quaudo
942 3428 1059 3500 quidem,
1077 3436 1138 3482 tum
1152 3425 1239 3501 quod,

164 3511 291 3586 Augusti
315 3510 417 3566 saltem
442 3519 538 3567 aetate
556 3512 643 3567 etiarn
663 3513 691 3567 in
710 3530 797 3587 prosa
814 3513 946 3568 oratione
964 3511 1006 3568 sic
1024 3511 1081 3568 dici
1099 3511 1239 3587 potuisse,

164 3597 248 3652 fidem
278 3595 349 3652 facit
378 3596 452 3670 lapis
480 3596 556 3651 alter
584 3598 823 3671 cenotaphiorum
854 3597 1027 3654 Pisanorum
1056 3595 1161 3670 (Orell.
1189 3596 1238 3653 In·

164 3681 276 3756 scriptt.
302 3681 365 3737 Lat.
389 3681 402 3737 1
426 3700 454 3755 p.
480 3681 561 3752 163),
608 3682 711 3754 ltaque
738 3682 889 3739 codicibus
918 3682 1027 3738 nullius
1054 3680 1240 3738 auctoritatis

164 3766 320 3822 obsecutus
349 3784 407 3822 non
436 3784 515 3833 sum;
544 3763 596 3822 cfr.
622 3767 670 3822 67.
717 3765 748 3823 Si
771 3785 909 3841 umquam
939 3767 980 3823 ita
1002 3769 1113 3840 potando
1135 3766 1240 3825 Cicero

163 3851 277 3925 posuit,
313 3850 359 3907 hic
393 3851 456 3907 elus
485 3851 612 3924 ponendi
641 3869 728 3908 causa
756 3861 820 3909 erat
847 3863 914 3927 post
943 3854 1069 3926 quoniam
1096 3852 1126 3909 in
1154 3850 1240 3909 initio

164 3936 286 4011 periodi.
332 3934 394 4012 [De
422 3935 545 4011 pluralis
573 3936 686 3992 numeri
708 3936 922 4012 significatione
951 3937 980 3993 in
1009 3936 1082 3993 illis:
1111 3938 1176 3994 haec
1200 3968 1239 3977 —
1319 3944 1321 3949 ’

163 4031 224 4076 ηοω
248 4040 305 4077 esce
327 4022 457 4078 debebtcnt
479 4021 537 4077 vid.
562 4039 625 4079 exc.
651 4023 675 4089 1,
700 4020 787 4099 vll]

250 4125 320 4179 quoe
347 4108 380 4162 de
408 4103 553 4183 uoluptate)
576 4107 649 4164 Post
676 4107 749 4164 hoec
777 4108 867 4164 verba
894 4117 979 4164 vetus
1007 4106 1239 4163 additamentum

164 4191 345 4256 sitstnlimus,
363 4201 495 4249 notatum
508 4200 575 4267 post
586 4192 716 4249 Nisseuii
730 4192 941 4250 dubitationem
955 4211 972 4248 a
984 4190 1061 4251 Gzio
1079 4202 1107 4248 et
1125 4191 1240 4247 ceteris.

165 4278 308 4333 Perverse
339 4276 475 4334 Pisonem
504 4277 603 4334 induci
631 4287 908 4334 commemorantem
938 4295 988 4334 eas
1016 4276 1240 4352 disputationes,

165 4380 240 4435 quae
264 4361 355 4418 multo
379 4372 444 4437 post
467 4362 585 4419 habitae
607 4382 625 4419 a
642 4362 785 4422 Cicerone
808 4364 995 4440 fingerentnr,
1018 4380 1105 4436 quarn
1127 4361 1201 4418 haec
1223 4379 1242 4417 a

165 4447 274 4503 Pisone
303 4446 382 4503 dicta
409 4460 520 4518 essent,
551 4448 760 4506 animadvertit
787 4447 845 4505 iam
869 4448 1002 4507 Muretus
1024 4449 1123 4522 (Varr.
1147 4446 1240 4504 Lectt.
