3030 5086
648 583 660 609 ·
699 509 872 558 nxcunnue
894 509 937 557 ιιι.
1293 493 1355 559 823

284 691 379 740 artem
402 681 481 739 vitae
503 682 541 738 ab
563 681 662 756 aliquo
684 682 832 751 constitui,
856 682 934 757 quod
953 689 1037 738 extra
1054 699 1118 740 eam
1136 690 1214 740 esset
1231 691 1261 740 at
1277 682 1355 756 quod

286 776 487 842 appeteretur,
512 766 630 824 minime
652 767 864 836 concedebant,
887 768 939 825 sed
961 767 1134 843 sapientiam
1156 767 1186 824 in
1209 784 1240 825 ee
1264 776 1354 848 totam

284 869 458 911 conversam
487 869 550 909 esse
578 851 722 910 docebant
743 852 819 924 (III,
843 853 904 925 24).
947 852 1102 910 Postremo
1130 851 1297 913 Carneadea
1325 852 1355 909 in

284 936 444 994 dividendo
467 937 714 1013 inelegantieeime
737 937 932 1012 voluptatem,
962 936 993 995 id
1015 947 1073 1008 eet,
1105 947 1136 995 ut
1163 937 1240 1009 dixi,
1269 934 1355 996 affec·

288 1023 396 1080 tionem
425 1022 551 1079 hominis
579 1022 622 1093 id,
656 1022 734 1097 quod
761 1022 919 1097 appetivit,
953 1021 1051 1098 adepti
1080 1023 1262 1099 compararit
1289 1041 1355 1082 cum

241 1140 244 1143 ·
288 1107 389 1183 primis
411 1117 546 1176 naturae,
570 1106 680 1176 idest,
704 1106 776 1182 ipsis
798 1108 894 1176 rebus,
917 1125 991 1182 quae
1014 1118 1201 1183 appetuntur,
1225 1108 1356 1166 vacuita-

286 1202 404 1267 temqne
427 1189 551 1263 doloris,
581 1192 610 1249 id
633 1187 693 1261 eet,
721 1193 887 1268 negativam
910 1191 1071 1267 voluptatis
1098 1202 1211 1270 partem
1239 1193 1268 1250 iu
1297 1193 1357 1251 alia

288 1287 370 1354 parte
404 1277 557 1335 divisionis
590 1278 701 1353 posuit;
734 1277 785 1351 qui
818 1295 900 1336 error
933 1278 1020 1352 paulo
1054 1288 1121 1354 poet
1153 1278 1227 1337 aliae
1256 1279 1356 1337 turbae

285 1363 378 1420 dabit.
391 1363 418 1437 l)

373 1447 568 1524 Progrediene
590 1446 695 1504 deinde
718 1444 895 1516 Carneades,
919 1464 985 1504 oum
1009 1447 1065 1504 tria
1087 1447 1236 1505 videretur
1257 1467 1356 1524 reper-

287 1543 370 1591 turus
397 1550 511 1589 eumma
543 1533 621 1589 bona
646 1551 684 1588 ex
712 1531 882 1608 impletione
910 1531 1034 1608 triplicia
1061 1533 1223 1608 appetitus,
1258 1534 1356 1592 subito

286 1618 418 1688 induxit,
447 1618 530 1675 cuins
558 1635 595 1673 ne
618 1617 768 1674 minimum
791 1615 910 1692 quidem
932 1617 1047 1675 initium
1071 1627 1122 1674 aut
1144 1618 1226 1694 origo
1249 1618 1278 1675 in
1301 1619 1356 1676 hae
1428 1661 1431 1665 ·

287 1703 401 1761 ratione
418 1713 580 1760 monstrata
596 1712 668 1774 erat,
686 1702 849 1773 honestum,
872 1711 905 1759 ut
920 1713 1031 1760 rectum
1049 1713 1127 1760 esset
1144 1702 1241 1760 iacere
1258 1704 1357 1761 omnia

288 1789 374 1848 uuiue
397 1806 434 1844 ex
457 1787 550 1846 tribue
572 1787 632 1844 illie
653 1787 741 1845 rebus
764 1803 867 1854 cauea,
895 1805 1018 1862 quarum
1047 1788 1097 1846 alii
1121 1787 1208 1846 aliam
1232 1789 1356 1863 primam

287 1873 387 1950 appeti
410 1872 550 1944 dicerent,
573 1872 688 1930 etiamsi
710 1872 776 1948 quie
798 1890 862 1930 eam
885 1891 947 1930 rem
970 1869 1027 1930 non
1050 1873 1270 1949 adipisceretur.
1310 1875 1357 1932 Ita

288 1978 346 2017 non
375 1959 469 2016 solum
497 1959 534 2015 ab
557 1958 689 2033 appetitu
717 1958 769 2015 illo
797 1957 834 2014 ad
856 1956 984 2015 officium
1014 1967 1185 2033 perventum
1208 1970 1266 2029 eat,
1295 1960 1355 2022 eed,

286 2044 365 2119 qnod
388 2044 481 2120 magia
504 2044 607 2101 mirum
631 2053 684 2113 est,
708 2061 773 2100 cum
797 2043 865 2100 boni
882 2043 962 2101 notio
980 2063 1016 2100 ex
1034 2044 1201 2120 expletione
1219 2044 1356 2103 desiderii

288 2129 430 2186 naturalia
453 2139 518 2187 orta
540 2139 569 2186 et
591 2129 679 2186 ducta
700 2138 786 2197 eeeet,
808 2145 885 2185 nunc
907 2137 1004 2185 tamen
1027 2128 1174 2198 oriuntur,
1197 2130 1247 2204 qui
1269 2131 1356 2188 finem

288 2214 357 2272 boni
386 2214 415 2271 in
446 2214 497 2272 illo
524 2215 647 2271 honesto
674 2223 801 2290 ponunt,
830 2213 944 2270 etiamsi
972 2211 1094 2272 nestitae
1123 2215 1270 2290 appetitus
1297 2233 1356 2273 uon

288 2300 493 2375 expleatur.²)
538 2301 686 2374 Apparet,
714 2299 896 2356 occasionem
926 2298 1018 2356 mirae
1046 2298 1131 2357 huius
1161 2301 1283 2359 rationis
1305 2319 1356 2358 ex·

287 2385 460 2461 cogitandae
488 2393 583 2442 ortam
605 2402 669 2441 esee
696 2403 713 2441 e
735 2378 902 2442 delinitione
925 2383 991 2453 illa,
1021 2402 1080 2459 qua
1102 2384 1261 2460 Antipater
1282 2386 1357 2443 Tar·

289 2471 382 2530 aeneis
405 2472 550 2537 utebatur,
558 2486 638 2566 epm
656 2469 793 2527 virtutem
816 2478 846 2526 et
867 2487 1011 2528 nummum
1035 2470 1142 2527 bouum
1160 2469 1276 2530 dicebat
1292 2489 1356 2529 ecee

288 2552 348 2612 πᾶν
374 2546 409 2612 nd
437 2546 505 2610 καθ’
530 2543 620 2611 αὑτὸν
647 2556 740 2611 ποιεῖν
761 2544 836 2628 πρὸς
857 2543 892 2610 τὸ
914 2538 1065 2652 τυγχάνειν
1093 2551 1150 2610 τῶν
1173 2549 1356 2632 προηγουμέ-

289 2658 346 2695 νιιιν
367 2630 443 2695 κατὰ
466 2656 554 2713 φιισιν
576 2638 647 2713 (vid
670 2639 707 2695 ad
726 2639 781 2706 111,
796 2639 858 2712 ⁴22),
881 2657 968 2713 quam
992 2638 1048 2695 iam
1072 2658 1090 2695 a
1113 2639 1246 2715 Diogene
1267 2641 1357 2697 inter·

287 2718 356 2780 dum
380 2724 505 2798 positam
534 2741 611 2788 esee,
640 2720 805 2798 auspicatus
832 2742 895 2782 eum
920 2722 969 2793 (ad
994 2724 1029 2793 V,
1055 2725 1115 2795 20).
1162 2726 1262 2800 Atque
1285 2726 1358 2824 haec

288 2807 429 2876 delinitio,
452 2809 519 2865 dum
544 2808 633 2866 oflicii
655 2809 804 2866 notionem
827 2827 844 2865 a
865 2808 1023 2865 aelectione
1046 2805 1103 2866 τῶν
1121 2801 1356 2884 προηγουμένων,

289 2893 319 2950 in
342 2912 400 2968 qua
424 2905 520 2950 tamen
550 2894 754 2951 continebatur
782 2890 869 2950 etiam
898 2893 1116 2951 commodorum
1139 2893 1255 2950 divinae
1284 2893 1357 2969 legis

289 2994 377 3036 causa
404 2978 598 3053 contemptio,
630 2998 732 3055 parum
759 2978 831 3036 scite
859 2978 976 3036 ductam
1004 2995 1070 3035 curn
1093 2977 1210 3035 virtutis
1239 2977 1357 3036 notione

284 3072 459 3122 connectere
488 3075 622 3126 conatur,
651 3063 709 3121 vim
739 3063 856 3121 virtutis
884 3082 902 3120 a
929 3063 1046 3121 Zenone
1074 3062 1240 3120 intellectae
1271 3063 1356 3121 valde

288 3150 339 3207 illa
367 3149 483 3224 quidem
512 3149 650 3207 obscurat
677 3159 706 3206 et
733 3167 843 3207 avara
871 3148 998 3223 origine,
1028 3166 1102 3222 quae
1130 3147 1226 3223 posita
1254 3157 1299 3206 eet
1326 3148 1355 3206 in

288 3236 443 3293 universae
466 3244 588 3292 naturae
610 3234 682 3310 lege,
705 3235 752 3292 cui
770 3235 861 3291 libere
879 3235 1106 3308 obtemperetur,
1130 3232 1263 3308 diiungit.
1297 3233 1356 3293 Sed

286 3331 385 3377 tamen
418 3339 454 3377 ex
489 3320 601 3395 reliqua
634 3320 789 3394 disciplina
817 3318 1054 3393 intellegebatur,
1088 3319 1235 3392 quomodo
1263 3317 1356 3377 virtue

207 3614 260 3662 ν
315 3604 336 3669 ¹)
357 3606 451 3654 liudem
476 3606 565 3655 dirieio
589 3606 662 3669 primi
682 3604 807 3670 appetitur
825 3603 910 3653 nescio
929 3604 994 3652 unde
1013 3602 1116 3668 ponitur
1133 3603 1200 3666 apud
1219 3601 1355 3653 Stobaeum

355 3678 432 3737 pto:
450 3669 652 3738 ‘laonligtbia
671 3673 745 3724 ecribi
761 3666 991 3736 debcrov'aorellg
1010 3681 1076 3736 utp.
1088 3675 1128 3754 pt,
1147 3671 1201 3720 (Ιιιιι
1216 3673 1248 3720 ad
1264 3672 1297 3730 ll,
1314 3676 1354 3735 48)

356 3739 383 3792 d
402 3738 455 3792 ἐστὶ
481 3741 509 3794 ni
536 3744 638 3821 πρῶτον
661 3745 759 3793 οἰκνῖον
782 3742 828 3792 νοῦ
851 3739 923 3820 (ώιυ
946 3739 1050 3823 nddpg,
1076 3735 1139 3821 ἀφ’
1150 3759 1183 3791 ou
1206 3737 1354 3859 κατήρξατο

354 3808 590 3864 advocatiarum
612 3807 639 3861 ·ro'
663 3803 1077 3892 ζόονιῇςσνότάόιωςαινιιῦ,
1101 3804 1187 3861 ot'reo
1210 3806 1355 3889 λογικόν,

354 3873 426 3930 dtl'
458 3876 583 3951 ἄλογον
615 3895 693 3929 κατα
727 3896 802 3942 τους
834 3874 994 3959 φυσικούς
1024 3879 1076 3928 καὶ
1108 3876 1356 3989 όπιρματικοὺς

354 3944 487 4030 λόγους.
495 3976 523 3985 -
536 3944 682 4000 Γνιοίιινον
695 3945 747 4031 ya'p
763 3967 790 3999 ro
785 3945 880 4024 ζῶον
899 3941 1019 4030 piraeeidp
1037 3948 1085 3997 nti
1103 3943 1204 4010 πάντως
1221 3941 1355 4011 evtig't
1325 3967 1349 4021 a

353 4012 431 4098 dp
416 4033 455 4098 ng·
472 4012 537 4101 ὅπερ
556 4007 608 4069 inl
626 4011 763 4100 dunning,
782 4009 940 4068 neeman*
927 4016 1191 4096 ινιιιιιόνιριων·
1208 4032 1303 4093 prop
1322 4033 1355 4065 ev

473 4071 540 4155 ηέν
557 4081 762 4167 αόχληόὶᾳ
748 4104 762 4154 η
780 4080 814 4136 a’v
830 4089 899 4149 τοῖς
916 4100 1059 4152 aporoaeg
1076 4079 1151 4134 κατὰ
1171 4081 1278 4150 φυσιν.

312 4103 434 4217 ¹)lrgo
439 4102 505 4203 laec
522 4151 630 4203 allicitur
648 4154 735 4203 tabula
752 4153 853 4203 finium:

763 4222 794 4271 A.
832 4220 946 4282 Adipieci

965 4287 1353 4299 -4—0————-——-——-

355 4317 399 4356 aut
417 4311 453 4372 (l)
469 4309 621 4373 voluptatem
641 4318 685 4356 aut
698 4310 896 4371 (mrucuitatem
915 4307 1010 4355 doloris
1028 4316 1072 4355 unt
1085 4308 1121 4369 (8)
1136 4306 1215 4370 prima
1234 4314 1354 4357 naturae..

725 4376 754 4427 B.
790 4375 883 4425 Facere
901 4374 986 4425 omnia

354 4453 398 4492 aut
416 4442 455 4508 (1)
470 4444 606 4509 voluptatis
624 4452 701 4494 cauea
719 4454 763 4493 ant
777 4444 877 4506 (t)rac.
892 4444 943 4495 dol.
967 4458 988 4493 c.
1003 4452 1047 4491 aut
1061 4439 1098 4508 (8)
1108 4443 1243 4507 primorum
1262 4449 1314 4493 nat.
1333 4456 1354 4491 c.
