3030 5086
282 464 343 529 126
669 477 714 526 na
736 469 871 528 aluisus
895 482 967 528 aon.
1021 549 1027 559 .

281 650 403 731 pariter
428 648 570 714 dolemus
592 649 768 729 angoribus.
815 651 865 715 68.
890 650 1051 732 Quocirca,
1065 651 1173 714 eodem
1196 651 1289 716 modo
1311 670 1363 716 sa·

281 751 372 832 piens
395 751 455 816 erit
477 751 605 816 allectus
628 770 704 833 erga
725 750 866 831 amicum,
889 769 950 833 quo
972 751 1004 816 in
1027 769 1062 816 se
1079 752 1198 831 ipsum,
1221 771 1361 835 quosque

281 852 405 918 labores
416 859 547 934 propter
560 870 648 917 suam
661 853 852 934 voluptatem
871 853 1052 936 susciperet
1069 855 1195 918 eosdem
1213 855 1361 937 suscipiet

281 963 413 1036 propter
430 954 521 1020 amici
538 953 737 1036 voluptatem.
772 956 921 1037 Quaeque
939 957 978 1020 de
995 955 1161 1020 uirtutibus
1179 956 1360 1035 dictasunt,

242 1057 544 1140 bquemadmodum
568 1075 625 1122 eae
645 1075 769 1138 semper
785 1056 998 1138 uoluptatibus
1020 1055 1228 1135 inhaererent,
1251 1059 1359 1123 eadem

281 1159 473 1227 deamicitia
491 1159 625 1223 dicenda
639 1166 723 1228 sunt.
757 1158 923 1223 Praeclare
940 1158 1021 1223 enirn
1033 1157 1188 1240 Epicurus
1200 1158 1248 1224 his
1260 1179 1360 1241 paene

284 1262 406 1328 verbis:
438 1261 594 1338 Eadem,
628 1260 742 1341 inquit,
777 1261 972 1326 sententia
1004 1259 1251 1326 confirmavit
1277 1261 1358 1326 ani·

355 1437 375 1481 l.
394 1448 448 1496 cap.
469 1429 519 1480 eod.
540 1429 608 1480 modo
627 1431 646 1478 L
689 1436 709 1477 3,
729 1431 859 1496 susceperit
876 1433 933 1496 (pro
951 1429 1088 1495 susceperell
1108 1429 1272 1481 LPMcttoi.
1306 1449 1359 1482 sna·

282 1500 369 1564 ciperet
387 1502 444 1564 (pro
462 1498 583 1563 suscipiet)
602 1500 625 1547 F.
665 1498 761 1563 recipiet
778 1499 874 1550 MCOr.
916 1506 939 1547 4.
955 1507 1053 1564 propter
1069 1516 1137 1548 suani
1155 1498 1238 1551 troili
1274 1503 1296 1548 5.
1315 1499 1359 1549 irae

282 1569 371 1619 PROr.
400 1568 441 1618 lec
468 1568 513 1619 Ec
565 1567 687 1617 inhaerent
714 1568 833 1619 LPMCR
885 1571 907 1619 d.
936 1567 965 1616 a'e‘e
992 1568 1020 1616 M
1049 1566 1136 1634 [peuce
1159 1568 1210 1626 A¹,
1235 1584 1295 1632 pene
1313 1567 1358 1633 ΑἿ

285 1641 306 1687 l.
327 1636 409 1686 eodem
427 1645 521 1700 transp.
543 1645 601 1685 ante
618 1636 654 1685 lie
673 1637 694 1684 E
713 1636 813 1686 scientio
834 1635 997 1704 [NJLPMCR

284 1803 321 1862 at,
346 1806 430 1851 verus
453 1793 524 1849 mihi
546 1793 693 1849 cantilena
710 1792 842 1849 canenda
858 1805 911 1859 est,
935 1792 1016 1868 prius
1034 1792 1153 1867 purgari
1172 1791 1277 1849 debere
1296 1791 1361 1848 illas

282 1879 444 1948 orationes,
468 1896 554 1952 quam
578 1878 614 1935 de
637 1878 674 1935 iis
696 1878 835 1935 iudicium
859 1877 925 1946 liat3
954 1896 1021 1934 nam
1046 1895 1146 1934 omnes
1168 1895 1221 1934 sex
1244 1877 1360 1933 codices

282 1963 361 2023 Oxx.
374 1967 440 2034 (nec
457 1962 671 2020 alios’collatos
688 1963 843 2037 habemus)
862 1963 1001 2020 omittunt
1023 1972 1061 2030 iet,
1085 1960 1187 2040 [etiam
1213 1961 1358 2028 meliores,

280 2048 331 2123 qui
355 2058 457 2124 postea
481 2047 580 2104 'collati
603 2045 696 2125 sunt].

369 2133 418 2192 68.
442 2136 601 2208 eresciperet,
625 2134 729 2190 eosdem
751 2130 890 2211 euscrpiet)
914 2132 1018 2189 Priore
1041 2132 1105 2188 loco
1129 2133 1217 2188 colari
1242 2149 1359 2206 quoque

282 2218 443 2276 deteriores
466 2221 624 2294 susceperit,
653 2236 754 2274 omnes
777 2216 871 2287 Oxx.,
901 2226 1040 2291 quattuor
1063 2215 1131 2274 Gzii
1160 2219 1242 2292 (ergo
1270 2217 1357 2274 etiam

282 2303 360 2380 Spir.
371 2301 412 2375 ?);
434 2306 580 2378 casaperet
596 2302 706 2360 editum
726 2322 744 2360 a
761 2301 851 2374 Crat,
864 2302 955 2370 Vict,
974 2300 1072 2372 Grut,
1092 2302 1166 2358 Dav.
1184 2301 1246 2358 sine
1264 2302 1359 2359 uarie-

282 2386 351 2446 tatis
379 2389 579 2446 annotatione.
629 2387 734 2444 Ailero
764 2387 829 2444 loco
857 2390 963 2462 recipiet
991 2386 1074 2461 Εχψ,
1108 2395 1247 2461 quattuor
1275 2386 1342 2446 Gaii
1351 2409 1358 2455 3

281 2477 415 2549 suscipiet,
439 2473 661 2549 suprascripto
684 2492 713 2529 re
736 2473 772 2542 U,
795 2475 889 2547 recepit
911 2475 1017 2547 recipiet
1039 2465 1064 2540 ξ.
1112 2472 1231 2546 Recrpiet
1253 2473 1359 2530 ascivit

282 2558 392 2626 Gaius3
431 2559 599 2634 superiores
633 2566 733 2615 tenent
765 2559 893 2632 suscipiet
925 2574 978 2614 nec
1008 2556 1171 2630 'quidquam
1206 2568 1357 2614 annotant.

280 2644 425 2702 Perverse
454 2644 585 2701 varietur
612 2638 905 2719 verbum,'prirnnm
935 2661 988 2717 par
1015 2659 1062 2719 sej
1090 2659 1156 2698 curn
1179 2641 1257 2699 enirn
1281 2642 1356 2699 idem

280 2730 451 2803 Torquatus
469 2729 631 2803 sapientem
650 2728 729 2785 dicat
745 2746 800 2785 sua
815 2736 845 2784 et
862 2727 950 2784 amici
969 2744 1059 2783 causa
1074 2725 1232 2796 facturum,
1256 2728 1356 2784 eodem

283 2814 373 2871 verbo
407 2813 452 2871 bis
482 2814 524 2871 uti
553 2813 655 2883 debet,
690 2822 722 2870 nt
755 2812 898 2870 orationis
925 2811 1040 2888 pondus
1073 2811 1113 2869 sit
1144 2811 1174 2868 in
1203 2812 1358 2870 contrariis

275 2909 389 2975 propter
406 2919 500 2956 snam
518 2901 678 2973 erolnptatem
695 2907 725 2956 at
738 2907 851 2973 propter
867 2900 970 2954 amici
985 2898 1037 2955 vol.
1072 2897 1139 2953 Non
1158 2896 1255 2953 minus
1267 2915 1358 2972 prava

280 2984 414 3042 nonnulli
437 2984 473 3041 de
495 2984 566 3059 imp.
591 2983 695 3058 Pomp.
717 2983 810 3040 ltin
835 2982 894 3039 his:
917 2983 986 3057 qnid
1006 2985 1103 3038 cirurte
1119 2983 1293 3056 perfecturos
1315 2987 1357 3047 sir,

280 3072 329 3144 qni
361 3079 463 3126 tontum
496 3071 655 3126 anctoritate
682 3070 827 3143 perfecerit
853 3068 976 3124 verbum
1004 3065 1177 3123 variandum
1207 3077 1357 3141 putarunt,

279 3153 497 3212 conclusionem
521 3153 669 3211 tollentes.
715 3152 831 3210 Deinde
861 3154 977 3228 recepere
1003 3152 1041 3209 ab
1069 3151 1125 3208 hoc
1152 3150 1217 3207 loco
1240 3151 1357 3209 alienis-

280 3238 385 3297 simum
409 3248 468 3308 est;
497 3258 564 3296 nam
594 3237 776 3313 recipiuntur
799 3248 910 3295 tanturn
940 3256 990 3307 ea,
1020 3255 1096 3311 quaa
1124 3237 1302 3295 demandata
1329 3249 1357 3294 et

280 3323 389 3381 tradita
416 3325 458 3381 sic
487 3324 678 3403 suscipimus,
712 3333 744 3379 ut
772 3323 978 3398 promittamus
1010 3321 1123 3396 aliquid
1156 3330 1187 3378 et
1213 3323 1356 3380 rationem

279 3408 439 3466 debeamus
461 3410 532 3482 (vid.
562 3409 669 3484 disput.
694 3408 730 3465 da
758 3408 889 3465 Asconio
917 3427 945 3483 p.
967 3407 1006 3465 98
1029 3407 1117 3482 not),
1146 3406 1202 3464 hoe
1230 3406 1294 3464 loco
1321 3408 1357 3464 de

279 3494 433 3551 subeunda
454 3494 540 3551 amici
560 3511 649 3561 causa
666 3493 801 3550 molestia
818 3492 924 3568 agitur.
957 3492 1034 3550 Tum
1057 3494 1237 3549 antom‘non
1261 3492 1358 3549 minua

279 3578 455 3636 sententiam
480 3580 579 3637 turbat
595 3577 727 3636 futurum
746 3587 882 3635 exactum
900 3578 1085 3653 (susceperit);
1108 3575 1254 3653 significat
1270 3578 1357 3647 enirn,

279 3662 421 3738 quidquid
444 3664 526 3739 prius
548 3663 667 3739 sapiens
695 3682 748 3721 sua
770 3680 860 3720 causa
881 3661 1000 3733 lecerit,
1029 3671 1132 3738 postea
1160 3663 1246 3720 surici
1270 3680 1358 3719 causa

278 3747 436 3818 iacturum,
460 3749 537 3822 qrrod
560 3749 691 3823 ineptum
716 3748 872 3805 discrimen
891 3757 948 3817 est;
972 3747 1125 3823 potentiali
1144 3747 1355 3823 significatione

278 3833 330 3890 illa
354 3833 448 3890 lorma
474 3833 505 3890 in
533 3833 659 3890 relativa
682 3833 828 3891 sententia
850 3833 919 3908 poni
942 3834 1059 3907 nequit,
1090 3851 1154 3889 cum
1184 3833 1213 3889 in
1237 3832 1356 3889 demon·

279 3918 402 3975 stratico
426 3918 599 3994 simpliciter
620 3917 792 3978 affirmetur.
834 3918 999 3994 Aptissima
1021 3930 1123 3975 contra
1146 3918 1356 3975 condicionalis

278 4003 454 4079 significatio
477 4013 535 4061 est:
558 4002 711 4079 quidquid,
735 4004 759 4060 si
782 4004 824 4060 ita
846 4022 917 4061 usus
940 4012 1026 4068 esset,
1050 4021 1103 4060 sua
1125 4021 1213 4059 causa
1236 4002 1354 4065 iaceret,

278 4088 355 4146 idem
384 4088 476 4146 faciet
504 4089 590 4147 amici
620 4107 718 4146 causa.
765 4085 841 4169 [Cir.
864 4088 945 4146 Lael.
971 4091 1026 4146 57:
1056 4108 1126 4164 qreae
1153 4098 1245 4145 nostro
1272 4109 1356 4144 evaneo

279 4194 423 4249 rranrqrronr
440 4177 603 4249 jaceremus.
620 4177 743 4249 facientes
764 4170 933 4252 amicornm]

365 4259 546 4334 inhaererent)
570 4259 777 4319 Coniecturam
801 4259 931 4318 Ernestii
960 4278 975 4316 e
999 4258 1142 4315 sermonis
1170 4258 1234 4334 lage
1258 4269 1354 4315 natam

278 4345 433 4402 confirmat
455 4346 542 4402 etiam
567 4345 645 4421 Spir.
669 4341 712 4424 [et
736 4348 774 4414 A,
798 4364 856 4402 non
880 4341 928 4426 Β].

365 4432 472 4487 Eadem
496 4436 626 4511 sententio
648 4433 813 4504 corpirrnovit
834 4427 966 4506 animem)
990 4429 1039 4487 Sic
1064 4427 1150 4500 „libri
1172 4437 1285 4486 ueteres
1302 4427 1355 4483 ali-
