3030 5086
250 456 316 523 500
642 475 688 522 nn
710 475 841 524 surmus
864 477 935 523 son.
1045 473 1054 489 ¹

251 643 409 708 bibentem
437 642 598 708 scientiam
625 660 734 708 earum
761 663 881 724 rerum,
911 664 992 726 quac
1019 653 1133 710 nauus
1154 646 1329 727 evenirent3

250 744 333 810 hunc
364 745 468 826 ipsum
500 744 634 809 Zenonis
666 745 755 810 aiunt
792 765 861 812 esse
894 745 1006 826 finem,
1046 748 1258 814 declarantem
1291 748 1329 814 il·

323 903 343 946 1.
364 896 491 962 [ουοοωίιιε
509 895 559 963 uh]
598 901 620 947 3.
631 897 707 960 finem
725 914 776 947 sess
794 897 929 950 LPCROr.

249 1018 429 1077 Posidonius
451 1027 531 1075 certe
553 1018 632 1094 apud
655 1017 804 1078 Galenum
827 1021 863 1078 ds
884 1020 1009 1078 Placitis
1032 1020 1174 1097 Hippocr.
1198 1030 1229 1078 et
1250 1021 1328 1079 Plat

250 1124 279 1181 p
300 1105 359 1162 291
384 1102 450 1176 (cfr.
476 1103 599 1161 Beierus
621 1103 659 1161 ad
681 1103 745 1163 Cic.
769 1102 828 1164 Off.
853 1106 885 1163 11
908 1124 936 1181 p.
954 1106 1029 1180 429)
1052 1123 1102 1163 sos
1130 1106 1328 1181 reprehendit,

250 1190 302 1265 qui
330 1189 464 1249 Stoicum
491 1188 579 1245 finem
609 1178 656 1261 (τὸ
685 1179 929 1264 ὁμολογουμένως
957 1184 1019 1265 ζῆν)
1042 1190 1101 1248 alio
1125 1191 1328 1265 detorqueant.

335 1294 417 1331 uuum
445 1275 588 1342 eiumodi,
616 1276 702 1330 uicem
729 1274 897 1331 adhibentem
918 1275 990 1349 cat.)
1013 1275 1088 1334 Cum
1112 1276 1329 1334 demonstretur

250 1359 426 1436 explicatio,
455 1377 530 1433 quse
553 1358 653 1416 rtatim
676 1358 861 1435 adiungitur,
890 1378 948 1417 non
977 1360 1040 1417 sins
1063 1379 1152 1418 causa
1174 1361 1329 1419 Ernestius

249 1445 436 1502 scribendum
459 1444 605 1500 indicasse
628 1443 746 1500 videtur
768 1445 933 1516 huiusmodi3
960 1464 1028 1502 nam
1057 1447 1187 1503 nuanwdi
1212 1457 1264 1504 sut
1290 1446 1328 1504 ad

250 1527 386 1606 superius
408 1528 520 1603 aliquid
542 1526 648 1585 referri
667 1528 785 1585 videtur
805 1538 858 1586 eut
874 1530 1028 1587 relativam
1047 1531 1209 1588 orationem
1227 1541 1329 1607 postu·

249 1616 321 1672 lare.
356 1614 415 1674 Sed
437 1615 503 1689 ipse
524 1612 577 1670 ille
599 1613 760 1688 explicatio
782 1614 925 1671 relativae
948 1615 1090 1673 orationis
1113 1615 1208 1673 locum
1228 1625 1329 1674 tenere

250 1700 367 1758 videtur
389 1699 486 1774 (quasi
509 1698 561 1755 sit:
590 1719 672 1756 unum
694 1701 838 1770 eiusmodi,
861 1711 890 1756 ut
912 1704 947 1757 ait
968 1704 1054 1757 civem
1076 1704 1158 1774 cet),
1188 1702 1328 1776 quemad·

250 1786 368 1843 modum
393 1804 446 1860 pro
465 1785 551 1841 Rosa.
570 1784 639 1840 Am.
656 1786 708 1841 17ι
731 1785 785 1840 duo
807 1787 853 1841 isti
873 1796 935 1842 sunt
962 1786 993 1842 T.
1006 1786 1100 1842 Roscii
1120 1787 1236 1843 leminea
1258 1790 1328 1844 eiua·

249 1872 337 1928 modi:
359 1873 428 1928 aber
445 1871 628 1944 plurimarum
644 1871 802 1945 palmarum
823 1880 898 1927 vetus
920 1889 953 1928 ac
975 1872 1072 1928 nobilis
1091 1873 1232 1944 gladiator
1247 1872 1329 1930 habe·

250 1966 311 2022 ture
334 1958 375 2013 laic
397 1965 486 2012 numm
507 1962 572 2022 cet,
596 1963 626 2010 et
647 1954 677 2010 in
701 1955 787 2012 Verr.
809 1955 941 2022 ΙΙ,187;
963 1958 1118 2030 Aspicimus
1140 1958 1238 2013 lituras
1259 1960 1328 2014 uisa·

249 2044 323 2098 modi
343 2044 425 2115 quasi
444 2041 580 2114 quaedam
601 2041 712 2095 οιιίνωνο
735 2040 888 2096 tabularum
911 2045 1035 2111 recentia,
1058 2051 1088 2098 et
1106 2042 1259 2117 proFont.
1272 2043 1327 2099 29:

256 2127 403 2184 Verebatur
426 2157 465 2168 -
489 2144 521 2180 ue
539 2144 595 2198 qua
610 2126 693 2198 faura
715 2137 920 2198 consequeretur
941 2128 1083 2195 eiusmodi,
1113 2127 1329 2184 Indutiomarum

252 2245 290 2255 -—
314 2213 425 2268 (timaee.
469 2209 549 2287 [Nec
577 2209 701 2266 multum
730 2210 821 2267 distat
847 2213 977 2267 animodi
997 2212 1096 2269 versui
1126 2212 1327 2287 praepositum

250 2297 353 2355 Divin.
379 2299 407 2366 Ι,
432 2297 488 2365 52,
517 2292 576 2354 Off.
600 2294 630 2365 Ι,
656 2292 720 2372 61.]
764 2295 800 2350 ln
830 2295 1003 2371 imperfecto
1032 2300 1163 2353 euenirent
1184 2295 1233 2353 hic
1254 2297 1326 2356 Ern.

199 2436 212 2443 ,
250 2382 359 2445 haesit,
390 2380 607 2456 supre11,34
636 2398 694 2435 non
724 2379 868 2438 haeserat
913 2381 991 2438 Nam
1021 2391 1051 2438 et
1078 2381 1120 2438 ibi
1147 2390 1177 2438 et
1199 2382 1262 2451 ΙΙΙ,
1287 2383 1324 2440 31

250 2467 328 2524 lacte
349 2475 395 2523 est
416 2467 489 2522 hasa
506 2463 666 2562 Chrysippi
688 2463 823 2534 formula,
848 2458 899 2540 ζῆν’
915 2484 969 2521 κατ
998 2458 1149 2541 instrepens
1165 2462 1223 2522 τῶν
1240 2482 1328 2537 φυσιν

251 2536 481 2625 συμβαινόντων.
514 2549 588 2606 Eius
610 2549 688 2605 enim
711 2567 784 2616 esse,
809 2550 959 2625 Diogenes
981 2549 1118 2608 Laertius
1130 2550 1213 2619 (VII
1227 2552 1280 2623 87)
1297 2559 1327 2607 st

251 2635 397 2694 Stobseus
419 2633 495 2707 (Ecl.
519 2633 587 2690 Eth.
611 2651 638 2708 p.
666 2633 737 2706 134)
759 2643 914 2693 testantur.
967 2635 1147 2692 Declarabat
1168 2645 1280 2704 sutem,
1308 2654 1327 2693 a

252 2720 359 2778 Stoicis
382 2737 566 2776 communem
589 2717 669 2774 illam
698 2727 729 2774 et
750 2720 923 2776 rationalem
947 2731 1081 2777 naturam
1104 2719 1251 2796 intellegi,
1279 2720 1328 2776 cui

250 2804 374 2881 singulis
396 2805 556 2879 parendum
581 2811 667 2861 esset.
711 2805 816 2878 Itaque
838 2805 1017 2863 Posidonius
1039 2804 1105 2869 illo,
1129 2824 1216 2903 quem
1239 2805 1328 2902 paulo

250 2898 318 2983 ente
347 2889 490 2959 indicavi,
525 2890 591 2946 loco
618 2890 674 2946 ait:
708 2888 770 2944 κον
805 2882 955 2987 ἐμπειρίαν
982 2885 1041 2986 cpio
1068 2881 1146 2945 aurci
1177 2880 1230 2964 τὴν
1258 2878 1328 2988 ὅλη(

250 2962 338 3048 cpiam
361 2962 589 3069 συμβαινόντων.
624 2976 669 3031 Ex
693 2972 744 3029 illa
766 2983 864 3030 autem
888 2966 1023 3048 ἐμπειρίᾳ
1046 2963 1273 3031 derivabatur
1258 2994 1275 3048 η
1298 2966 1328 3031 e’r

250 3055 286 3132 τῇ
308 3055 366 3115 τῶν
388 3047 465 3113 κατὰ
487 3045 575 3130 φύσιν
593 3051 694 3133 ἐκλογῇ
712 3048 887 3132 salomonia
911 3076 998 3130 quam
1016 3058 1082 3115 linis
1099 3059 1165 3116 loco
1178 3058 1328 3135 Diogenes

251 3141 434 3218 Babylonius
461 3141 590 3199 habebat
612 3142 712 3218 (Diog.
736 3142 812 3211 VH,
837 3141 892 3210 88,
927 3143 1009 3200 Stob.
1033 3162 1060 3218 p.
1085 3144 1154 3202 134.
1189 3143 1328 3204 Clemens

250 3227 341 3286 Alex.
373 3228 480 3285 Strom.
503 3227 536 3283 II
560 3247 589 3302 p.
612 3228 670 3284 179
700 3227 783 3303 Sylb.
814 3236 845 3282 et
872 3226 1050 3284 Plutarchus
1078 3229 1145 3289 adv.
1172 3230 1261 3289 Stoic.
1286 3230 1325 3286 tt

250 3331 278 3388 p.
295 3313 413 3369 loten
434 3331 488 3388 pro
512 3311 646 3389 Diogene
668 3312 860 3387 Antipatrum
883 3313 1058 3386 nominant).

337 3398 406 3454 bunc
432 3401 521 3472 ipsam
543 3399 660 3454 Zenonab
687 3401 763 3454 aiunt
790 3415 846 3453 esse
866 3398 950 3469 finem
972 3397 1042 3473 eet.)
1065 3397 1133 3455 Non
1162 3399 1235 3455 haec
1262 3397 1328 3472 ipsa

250 3482 379 3539 Zenonis
401 3480 492 3540 inisse
516 3482 607 3539 verbe
629 3482 709 3553 dicit,
731 3493 765 3540 ut
787 3480 881 3538 Gaius
904 3489 997 3557 putat,
1022 3483 1074 3539 sed
1097 3483 1169 3540 nihil
1193 3483 1274 3540 aliud
1296 3483 1326 3540 in

250 3566 287 3624 iis
309 3567 453 3624 contineri
476 3567 533 3624 nisi
555 3567 652 3642 ipsum
676 3567 804 3624 Zenonis
827 3566 931 3622 finem:
961 3566 1037 3624 hanc
1059 3576 1171 3625 tantum
1195 3567 1326 3625 declare-

250 3652 361 3710 tionem
384 3671 448 3710 esse
471 3652 547 3721 eius,
577 3651 655 3726 quod
683 3652 803 3710 brevius
830 3650 856 3707 is
879 3651 1003 3708 dixisset
1030 3660 1060 3709 et
1082 3652 1157 3711 Ceto
1180 3652 1329 3728 posuisset

250 3739 442 3806 (declarantem
465 3739 546 3806 illud,
575 3738 650 3810 quod
671 3740 748 3809 cet).
792 3738 897 3810 Itaque
920 3737 995 3793 hanc
1018 3737 1136 3811 quidem
1159 3737 1327 3806 formulam,

250 3825 429 3880 convenienter
451 3833 564 3879 naturae
585 3824 685 3891 οιύονι,
715 3822 772 3897 ipsi
795 3822 907 3879 Zenoni
930 3822 1049 3888 tribuit,
1072 3832 1102 3879 et
1123 3823 1154 3879 in
1178 3840 1213 3880 so
1236 3822 1327 3879 totius

250 3906 336 3964 huius
354 3906 411 3963 loci
429 3907 590 3983 disputatio
602 3916 745 3978 versatur,
769 3925 834 3965 cum
853 3907 1033 3977 ostendatur,
1057 3908 1205 3964 Zenonem
1223 3907 1328 3964 eodem

250 3993 308 4048 fine
334 4010 420 4049 usum
448 4011 526 4061 esse,
555 4010 614 4067 quo
638 4001 753 4049 veteres
776 3993 858 4060 illos,
888 4001 1000 4048 tantum
1032 3992 1119 4049 aliter
1141 4012 1207 4049 eum
1230 3992 1327 4048 deols·

249 4095 340 4134 rasse.
376 4078 512 4135 Tradunt
533 4086 630 4133 tamen
649 4077 778 4135 Zenonis
799 4076 956 4135 formulam
975 4076 1067 4134 fuisse
1085 4067 1328 4150 ὁμολογουμένως

252 4155 311 4236 ζῆν,
334 4161 507 4221 Cleanthem
531 4162 648 4219 demum
671 4159 707 4236 τῇ
724 4150 811 4235 φύσει
828 4160 976 4219 addidisse
988 4161 1085 4232 (Stob.
1100 4181 1129 4237 p.
1147 4161 1216 4231 134,
1234 4158 1327 4217 Clam.

251 4246 359 4304 Strom.
371 4249 403 4306 ΙΙ
420 4268 448 4324 ρ.
465 4249 522 4306 179
537 4247 644 4324 Syia).
682 4247 740 4305 Sed
759 4247 908 4323 Diogenes
926 4248 1010 4318 (VII,
1029 4247 1082 4319 37)
1099 4246 1158 4302 iam
1177 4246 1327 4302 Zenonem

250 4331 359 4389 alicubi
382 4333 485 4392 eodem
508 4334 595 4391 modo
618 4333 749 4391 locutum
772 4351 838 4390 esse
860 4333 971 4403 scribit,
994 4331 1130 4407 apposito
1152 4330 1242 4387 etiam
1259 4327 1328 4386 libri

250 4417 377 4475 nomine.
421 4418 728 4494 (ctr.ad111,21.)
772 4419 846 4477 Esse
859 4420 944 4492 finem
965 4417 1055 4475 etiam
1078 4415 1156 4493 Spin.
1178 4413 1245 4493 [B].
