3030 5086
274 480 338 545 596
664 498 709 544 oa
732 498 863 545 rrurauu
885 497 957 544 acu.

275 664 514 745 gubernandum
547 665 623 731 nihil
654 666 820 744 interesse;
853 672 886 729 at
919 665 992 746 quid
1019 667 1102 731 inter
1128 667 1293 747 parentem
1324 672 1362 730 et

276 767 434 832 servulum
456 767 589 845 intersit
610 767 745 845 intellegi
768 776 800 832 et
820 774 926 847 potest
948 775 980 831 et
1001 766 1103 832 debet
1136 768 1221 850 Ergo
1243 768 1277 833 in
1294 784 1361 848 gu·

276 867 438 933 bernardo
461 867 547 945 nihil
571 868 601 932 in
625 867 726 933 officio
748 868 917 950 plurimum
937 869 1076 948 interest
1098 888 1160 951 quo
1182 870 1212 933 in
1235 888 1362 950 genere
1457 859 1462 869 ’

274 979 429 1050 peccetur.
473 970 522 1047 Et,
545 969 570 1033 si
593 970 713 1052 inipso
734 971 959 1051 gubernatione
981 970 1175 1052 neglegentia
1192 979 1241 1037 est
1259 970 1360 1036 navis

236 1076 396 1149 beverna,
419 1071 519 1135 maius
543 1077 592 1136 est
613 1081 774 1152 peccatum
797 1073 828 1136 in
851 1090 929 1136 auro
949 1091 1041 1153 quam
1058 1072 1088 1136 in
1107 1073 1208 1153 palea,
1240 1072 1360 1137 Omni-

275 1171 334 1237 bus
358 1173 439 1237 enim
462 1172 582 1237 artibus
604 1175 747 1238 volumus
769 1173 952 1237 attributam
975 1191 1045 1238 esse
1067 1192 1145 1252 eam,
1168 1192 1250 1254 quae
1267 1191 1360 1238 com-

275 1275 377 1338 munis
389 1274 565 1354 appellatur
582 1275 758 1356 prudentia,
775 1292 868 1355 quam
885 1292 1003 1351 omues,
1020 1276 1201 1356 cuicumque
1218 1274 1359 1340 artificio

274 1384 441 1456 praesunt,
470 1377 584 1442 debent
605 1377 728 1440 habere.
774 1376 823 1439 lta
845 1394 885 1440 ue
906 1375 965 1440 hoc
992 1377 1085 1440 modo
1113 1377 1204 1456 paria
1224 1376 1359 1458 quidem

276 1484 406 1557 peccata
426 1486 508 1542 sunt

345 1667 368 1711 2.
387 1672 409 1711 et
427 1673 486 1712 unta
501 1665 680 1728 potamau
706 1664 992 1729 ergoetgubernondol.
1028 1669 1051 1714 4.
1070 1663 1195 1728 risbach
1231 1665 1253 1714 t.
1273 1679 1360 1713 manee

276 1729 319 1793 qui
334 1730 416 1793 eur'que
434 1747 528 1789 omnes,
548 1733 592 1782 Or.
630 1738 652 1782 9,
670 1733 718 1781 at'rrt
736 1733 757 1780 E

275 1884 386 1942 frustra
407 1887 559 1944 admonuit
582 1889 714 1944 homines
738 1887 889 1943 Bentleius
908 1887 945 1942 ad
964 1887 1253 1957 monsacutus,
1276 1888 1358 1944 adeo

276 1988 313 2025 ne
335 1983 513 2047 pervagatae
537 1972 654 2045 quidem
672 1972 876 2029 et‘faeillimne
894 1991 941 2027 res
958 1972 1117 2045 aliqnando
1136 1972 1376 2047 perducuntur.-

277 2056 370 2111 Acad.
384 2056 425 2117 11.
440 2057 478 2113 34
497 2058 552 2114 soli
571 2058 661 2125 Man„
680 2057 791 2127 Lamb..
806 2058 881 2113 Dav.
896 2067 975 2112 reete
993 2057 1161 2113 ediderunt:
1183 2076 1242 2113 curre
1259 2062 1296 2114 cit
1313 2060 1358 2114 in·

275 2150 385 2206 certmu,
403 2161 463 2198 vere
479 2146 625 2198 inaniterne
640 2153 777 2199 enecentur
787 2145 971 2214 (moveamur).
995 2141 1089 2197 Paulo
1103 2153 1169 2216 post
1182 2142 1275 2217 tnnffls
1286 2160 1358 2217 per·

277 2225 379 2299 spiens
390 2236 468 2282 esset
480 2229 633 2287 sententia,
646 2227 669 2282 si
683 2228 725 2283 sie
737 2227 928 2283 scriberetur:
947 2228 992 2281 Et
1004 2232 1029 2282 in
1042 2230 1102 2300 ipen
1112 2228 1314 2298 pribernctioua
1328 2232 1360 2283 si

277 2313 438 2383 rteglepentin
461 2323 500 2367 est
522 2316 598 2367 tracis
621 2332 726 2373 euerso,
756 2315 842 2367 turrino
864 2321 903 2367 eat
923 2322 1060 2384 petentum
1084 2322 1139 2367 cet.
1169 2323 1221 2368 aut
1243 2312 1286 2368 sic
1311 2316 1359 2379 (ut

278 2394 421 2452 Latubino
445 2397 473 2451 in
499 2408 624 2453 mentem
648 2398 754 2465 venitjt:
780 2397 860 2451 Etsi
881 2402 907 2451 in
930 2399 990 2469 ipsu
1011 2398 1084 2467 gerb..
1108 2400 1138 2451 ui
1159 2398 1227 2469 negt.
1273 2396 1356 2452 Nam

276 2481 458 2537 condicionis
487 2481 600 2555 pondus
629 2491 721 2537 totum
745 2492 790 2536 est
811 2481 841 2536 in
865 2479 1068 2556 neglegentiae
1092 2480 1208 2537 nomine
1231 2490 1357 2555 totaque

277 2566 422 2620 sententia
439 2566 650 2622 correctionem
673 2576 703 2622 ot
721 2565 914 2622 adiectionem
934 2566 1020 2621 habet
1038 2565 1219 2621 huiusmodi:
1242 2565 1357 2638 Quant-

278 2666 364 2722 quarn
393 2650 471 2722 quod
500 2651 561 2707 dixi
591 2651 619 2706 in
648 2650 839 2725 gubernando
868 2649 941 2705 nihil
970 2651 1126 2709 interesse.
1162 2650 1207 2706 bic
1236 2668 1357 2724 quoque

277 2733 413 2805 interest,
445 2736 469 2790 si
492 2736 678 2811 neglegentia
698 2749 803 2791 'eversa
826 2746 869 2791 est
894 2734 992 2799 navim
1022 2735 1159 2790 maiorem
1184 2736 1260 2791 enim
1285 2735 1359 2793 dili·

277 2819 405 2893 gentiam
429 2821 459 2875 in
482 2840 554 2877 auro
578 2821 710 2876 adhiberi
734 2820 815 2876 iubet
836 2820 1000 2875 eonnnunis
1023 2819 1186 2893 prudentia.

362 2924 459 2961 omines.
477 2909 632 2979 cuicumque
648 2908 761 2977 artificio
774 2904 920 2979 praesunt)
933 2903 1052 2960 Nullam
1068 2905 1096 2959 in
1116 2905 1170 2960 bac
1188 2923 1219 2960 re
1236 2904 1359 2961 artificii

277 2987 433 3045 discrimen
447 3009 510 3047 csse
522 2990 573 3056 ait,
583 2991 637 3046 sed
650 2990 678 3046 iu
692 2990 826 3045 omnibns
838 2989 958 3046 omnino
971 2989 1084 3044 artibus
1094 3008 1157 3044 eam
1168 2989 1360 3064 prudentiam

278 3074 403 3146 requiri;
433 3076 462 3131 id
485 3076 527 3131 sie
550 3076 657 3130 dieitur
680 3075 798 3130 lantino.
829 3085 858 3129 ut
882 3073 975 3141 edidi,
999 3074 1196 3130 coniecturam
1220 3090 1362 3145 sequens.

279 3158 365 3230 Quod
389 3160 417 3215 in
441 3160 525 3216 codd.
540 3157 642 3239 [etiam
656 3161 691 3217 B.
712 3179 768 3233 mg.
783 3154 879 3236 Crat]
899 3158 1100 3232 scriptumest
1119 3160 1225 3229 (ortum
1245 3176 1260 3211 o
1278 3160 1361 3230 quoi·

278 3261 399 3316 orentque,
418 3245 447 3300 in
465 3263 524 3317 qua
541 3245 687 3320 scriptura
704 3243 817 3299 librarii
835 3262 923 3317 saepe
935 3245 1092 3314 errarunt).
1111 3241 1360 3317 significationem

278 3327 367 3383 habet
379 3329 603 3393 distributionis,
621 3329 704 3402 quasi
717 3328 753 3383 ab
767 3328 813 3393 iis,
831 3329 880 3401 qui
894 3328 1018 3403 singulis
1030 3327 1162 3383 artificiis
1173 3325 1316 3400 praesint,
1329 3336 1362 3383 et

279 3413 316 3469 ab
328 3413 365 3469 iis
378 3414 513 3471 omnibus
525 3415 636 3489 aliquid
650 3413 823 3487 postuletur,
842 3413 920 3485 ‹ptrod
938 3432 1038 3469 eorum
1052 3413 1202 3488 proprium
1216 3411 1269 3479 sit;
1288 3429 1360 3468 narn

280 3501 328 3571 qui
347 3503 443 3573 ornique
460 3502 574 3572 artificio
586 3508 727 3575 praemunt.
750 3498 770 3554 ii
789 3506 866 3557 sunt
890 3499 938 3571 qui
958 3498 1136 3556 Germanice
1153 3497 1361 3572 appellantur:

279 3584 323 3637 die
334 3584 459 3641 elrraiiber
480 3588 529 3641 der·
546 3588 705 3658 respectione
725 3584 817 3655 (jeder
834 3585 976 3657 einzelnen)
990 3584 1080 3638 Ir'unst
1096 3585 1161 3637 orlei·
1174 3582 1361 3638 Ilnndwerle.

280 3667 338 3737 Qui
356 3669 431 3725 banc
449 3670 622 3743 scripturam
643 3668 782 3736 tulerunt,
805 3673 901 3742 unique
917 3670 1030 3739 artitien'u
1048 3666 1260 3722 intellexerunt
1276 3670 1361 3735 omrai,

279 3755 363 3808 cuiuis
385 3755 447 3823 (cir.
471 3754 507 3810 ad
532 3755 555 3810 1.
578 3756 640 3825 ll):
664 3753 769 3810 deinde
793 3772 850 3809 non
874 3751 1071 3814 attenderunt,
1095 3750 1151 3805 boe
1173 3768 1290 3823 quoque
1313 3751 1362 3806 irr-

281 3847 347 3909 epta
365 3838 436 3906 dici3
459 3858 525 3895 narn
544 3842 593 3913 qui
608 3842 692 3895 inticis
704 3840 818 3909 artificio
831 3846 971 3911 prunnon,
995 3836 1015 3890 ii
1034 3844 1112 3903 sunt,
1135 3834 1185 3908 qui
1203 3834 1363 3891 adomnia

280 3923 375 3994 parati
399 3935 463 3978 erint
488 3943 541 3980 nee
564 3925 625 3981 ullo
649 3923 804 3980 abstinent.
851 3922 973 3977 Poterat
1001 3920 1073 3976 dici:
1102 3938 1205 3988 omnes,
1234 3921 1284 3992 qai
1311 3920 1365 3975 atti

280 4010 394 4079 artifieio
406 4021 546 4082 percecinit.
581 4007 648 4088 [Ed
669 4008 749 4064 Crat·
772 4010 821 4081 prii
840 4002 989 4084 cuiqnam]
1024 4007 1057 4061 In
1079 4000 1120 4071 E}
1138 4005 1278 4078 scriptum
1297 4012 1362 4060 est:

280 4110 376 4149 curetes.
395 4096 554 4165 quicumque
571 4096 684 4165 artifinio
698 4104 836 4166 procurent.
863 4092 996 4148 lhbebat
1011 4090 1176 4146 necessario
1188 4088 1256 4144 addi
1267 4090 1364 4145 adorei.

369 4179 410 4233 Itu
437 4197 469 4233 ne
496 4179 544 4234 boc
571 4180 649 4234 modo
672 4182 755 4252 pnm'n
783 4178 903 4250 peridem)
935 4178 1002 4232 Iure
1030 4176 1078 4230 bic
1102 4175 1255 4229 verborum
1286 4173 1365 4231 ordo

280 4262 424 4318 Lambiuo
447 4262 577 4319 insolens
601 4263 680 4319 risus
703 4272 757 4330 est,
781 4281 838 4319 non
862 4271 983 4336 propter
1006 4261 1063 4316 tria
1080 4259 1170 4316 verba
1187 4259 1314 4315 interne
1332 4270 1366 4316 st

280 4350 386 4420 quidem
411 4348 599 4422 interposita,
628 4349 680 4404 sed
708 4349 786 4421 quod
809 4348 852 4404 sic
874 4366 965 4422 prave
988 4345 1147 4417 insignitur
1165 4346 1263 4418 pario,
1292 4360 1365 4401 curn

281 4432 353 4489 haec
376 4434 414 4490 sit
436 4433 592 4497 sententia,
616 4433 694 4507 quod
717 4433 870 4509 superiora
892 4442 1066 4507 argumenta
1088 4428 1205 4487 efficere
1227 4446 1287 4485 non
1308 4448 1368 4505 po·
