3030 5086
268 505 332 571 350
656 523 701 569 nn
724 523 855 571 mutnus
878 523 950 569 sos.

268 693 383 773 quippe
416 692 468 771 qui
498 710 537 755 ne
568 690 801 772 reprensionem
829 691 953 771 quidem
982 691 1066 773 vulgi
1093 691 1218 757 inanem
1246 690 1348 756 reior-

267 794 390 857 midans
423 794 455 856 in
482 793 552 875 ipsa
584 793 670 860 curia
697 793 812 857 soleret
838 793 942 872 legere
968 811 1078 874 saepe,
1111 794 1184 859 dum
1218 799 1348 857 senatus

268 902 445 975 cogeretur,
474 894 549 958 nihil
577 912 693 974 operae
716 895 760 959 rei
783 894 925 975 publicae
947 894 1129 973 detrahens3
1158 912 1219 975 quo
1247 894 1348 972 magis

267 1003 332 1060 tum
360 996 392 1060 in
422 1014 542 1059 summo
565 996 628 1060 otio
650 996 847 1077 maximaque
868 997 959 1077 copia
980 997 1071 1077 quasi
1092 995 1226 1061 helluari
1248 994 1347 1072 libris,

229 1099 295 1178 5,si
328 1099 386 1162 boc
415 1098 510 1162 verbo
543 1097 573 1160 in
608 1104 673 1160 tam
706 1097 792 1162 clara
824 1117 859 1162 re
892 1098 1041 1162 utendum
1074 1106 1138 1174 est,
1171 1096 1346 1161 videbatur.

267 1200 296 1265 8.
326 1200 416 1280 Quod
439 1216 508 1262 cum
530 1198 710 1276 accidisset,
738 1207 773 1262 ut
794 1200 875 1265 alter
897 1200 1029 1264 alterum
1051 1200 1237 1278 necopinato
1258 1198 1345 1263 vide·

267 1320 386 1378 remus,
413 1300 550 1364 surrexit
578 1298 693 1363 statim.
743 1300 862 1365 Deinde
888 1301 990 1381 prima
1011 1299 1078 1378 illa,
1107 1318 1189 1381 quas
1216 1300 1248 1364 in
1271 1317 1345 1364 con-

267 1421 379 1483 gressu
401 1401 550 1467 solemus:
575 1401 657 1480 Quid
679 1407 728 1480 tu,
750 1402 864 1483 inquit,
887 1403 967 1466 huc?
990 1421 1009 1466 a
1030 1401 1102 1466 villa
1123 1401 1214 1481 enim,
1237 1402 1346 1479 credo,

267 1512 312 1569 et:
341 1504 374 1568 Si
395 1504 437 1567 ibi
459 1514 491 1567 te
513 1518 583 1567 esse
605 1503 747 1581 scissem,
770 1505 810 1567 ed
832 1510 865 1568 te
886 1503 954 1585 ipse
976 1504 1138 1568 venissem.
1184 1504 1275 1581 Heri,
1296 1504 1345 1567 in-

209 1611 250 1674 10
267 1625 370 1688 quam,
393 1605 474 1669 ludis
497 1606 668 1670 commissis
690 1624 728 1669 ex
749 1606 826 1669 urbe
848 1605 1007 1686 profectus
1024 1605 1094 1669 veni
1111 1606 1152 1669 ad
1169 1623 1345 1686 vesperum.

339 1816 346 1856 l
378 1824 465 1857 neom
490 1809 508 1855 Ι,
545 1826 587 1856 nec
606 1807 679 1857 lica
712 1808 859 1870 prensionem
876 1808 974 1873 [Alssi’
1006 1807 1098 1871 puidam
1117 1824 1166 1856 om.
1177 1809 1197 1856 11
1235 1812 1254 1854 3,
1276 1824 1343 1872 cope-

266 1878 337 1925 turli
377 1885 465 1939 oportet
484 1877 504 1925 C
523 1893 565 1939 ope
583 1876 620 1925 rei
635 1893 661 1923 se
678 1875 804 1924 detrahens
824 1877 843 1923 P
863 1879 905 1938 (ad
925 1877 962 1924 rai
978 1892 1026 1938 ing.
1046 1894 1071 1925 re
1091 1877 1151 1938 r'pee)
1188 1883 1211 1923 t.
1234 1873 1348 1942 [rotmari

268 1945 301 2012 A]
320 1943 395 1993 belino
414 1944 470 1992 lion·
487 1945 505 1992 P
524 1944 585 2008 (mg.
605 1942 728 1994 bellatoris.
754 1945 834 1992 altero
858 1943 867 1991 1
884 1949 983 2005 notato)
1003 1946 1052 1993 Mu
1075 1944 1151 1993 helino
1170 1944 1280 1992 librorum
1299 1944 1343 1993 Lc

267 2018 280 2058 5
309 2013 380 2062 otiam
401 2014 420 2060 l:
439 2024 486 2061 tam
506 2012 529 2059 in
550 2011 667 2062 LPMcR
703 2017 724 2062 9.
744 2013 768 2061 et'
784 2013 870 2062 omn*
906 2029 957 2062 esse
976 2013 1025 2077 ipse
1042 2013 1138 2062 scissem
1154 2013 1205 2062 MC
1224 2012 1273 2076 ipse
1292 2029 1344 2061 esse

265 2081 402 2130 trasenna
443 2087 476 2130 ro.
498 2097 619 2143 vesperam
639 2080 737 2129 Luca

266 2255 456 2310 substitutum
481 2265 540 2320 est3
568 2253 641 2310 illud
670 2254 728 2309 tale
751 2253 842 2310 fuisse
866 2253 996 2319 videtur,
1026 2265 1058 2309 ut
1081 2254 1224 2310 vitaretur
1246 2262 1343 2309 tauto-

266 2339 345 2413 logie
373 2358 422 2405 ea,
456 2357 532 2412 quae
565 2339 642 2395 inest
676 2339 705 2394 in
734 2339 793 2394 his:
827 2339 987 2394 inenltansto
1021 2358 1068 2395 neo
1100 2341 1198 2395 sambri
1226 2348 1342 2412 poterut.

266 2424 374 2482 Carere
398 2424 544 2480 adieetivo
567 2423 733 2480 huiusmodi
757 2423 852 2479 oratio
876 2423 925 2478 vix
949 2432 1054 2496 potest.
1079 2442 1143 2478 cum
1168 2412 1352 2498 praesertim

266 2508 390 2564 addatur
421 2528 466 2564 neo
494 2511 605 2575 aonam,
640 2527 713 2563 non:
748 2527 817 2581 prena
850 2511 948 2563 satiari
980 2527 1030 2562 non
1060 2518 1159 2580 posset.
1205 2506 1342 2584 [Fuitner

266 2597 384 2665 inpono
412 2597 438 2648 in
466 2612 495 2648 eo
523 2591 674 2665 am'ditos?]
720 2593 792 2649 Mox
820 2612 852 2648 ne
870 2595 1039 2667 prensionem
1061 2593 1149 2649 etiam
1175 2592 1251 2667 Spir.
1276 2590 1341 2669 [Β]

353 2678 467 2733 helluari
488 2678 575 2750 libras)
600 2677 649 2734 Sic
673 2677 736 2732 Pal.
756 2681 781 2745 l,
806 2695 864 2751 mg.
888 2676 977 2736 Crat..
1000 2678 1084 2734 codd.
1105 2679 1180 2734 Mor.
1205 2686 1233 2733 et
1254 2677 1342 2744 snat,

266 2763 312 2819 Et.
327 2764 354 2828 2,
379 2762 455 2836 Spir.
480 2759 535 2839 [B]
558 2763 634 2834 (cod.
650 2760 751 2820 Cuius.
775 2761 902 2831 baioaria,
927 2763 989 2818 Pal.
1009 2766 1027 2818 4
1050 2763 1086 2818 ad
1110 2781 1191 2820 oram
1215 2764 1343 2829 baioaria,

266 2844 308 2916 Εξ
331 2849 426 2903 bellari
447 2849 547 2920 lidm'r);
571 2846 700 2903 restituit
718 2847 821 2914 Grut.;
844 2865 898 2902 nec
915 2847 981 2903 ulla
1003 2866 1091 2904 causa
1115 2857 1158 2904 est
1181 2847 1341 2922 quidquam

265 2944 417 3007 praeterea
441 2931 582 2998 tentandi,
608 2951 673 2988 eunt
697 2932 849 2988 absolutae
873 2933 1027 3007 potestatis
1047 2934 1137 2989 verbo
1159 2943 1239 2989 reete
1261 2932 1343 2988 abla-

266 3017 344 3073 tivus
367 3016 492 3072 addatur
515 3017 666 3073 rosteriam
691 3030 720 3072 et
742 3018 967 3073 instrumentum
992 3018 1173 3093 significans3
1197 3016 1264 3094 [cfr.
1289 3036 1343 3091 pro

266 3102 352 3158 domo
380 3103 452 3158 124:
481 3103 613 3157 helluatus
641 3106 681 3158 rei
704 3103 828 3177 publicae
850 3099 1006 3178 tarpeium]
1035 3102 1120 3178 longe
1149 3102 1237 3158 aliter
1264 3101 1342 3176 apud

266 3185 346 3245 Geli.
370 3187 415 3254 11.
440 3187 480 3242 24
503 3186 624 3242 dicitur:
652 3207 711 3243 oum
735 3189 860 3261 plerique
880 3189 907 3242 in
927 3191 1097 3261 patrimoniis
1118 3189 1217 3262 amplis
1240 3187 1341 3243 brunn-

265 3281 366 3339 rentur,
390 3272 446 3345 hoo
462 3282 516 3335 est,
540 3271 569 3326 in
587 3271 773 3345 patrimoniis
790 3271 896 3346 amplis
914 3272 1075 3329 constituti.
1111 3268 1209 3329 Ceteri
1226 3271 1343 3327 codices

266 3354 381 3428 (Grut,
407 3357 493 3424 Dav.,
516 3355 596 3413 Oxx.
620 3351 697 3432 Ηξχ,
720 3355 801 3428 Gaii)
825 3358 910 3412 helluo
932 3357 1006 3424 tion,
1031 3357 1118 3413 etiam
1142 3357 1210 3413 edit.
1235 3356 1342 3422 Marsi;

265 3441 356 3497 ceteri
379 3450 446 3496 ante
470 3438 557 3498 Grut.
582 3440 626 3496 ed.
653 3441 746 3514 princ.
772 3442 864 3497 secuti
887 3452 980 3498 erant.

350 3528 377 3580 in
395 3535 448 3581 tom
465 3527 541 3582 olom
558 3531 600 3599 re)
620 3525 669 3581 Sic
686 3524 729 3602 [A
748 3536 777 3581 et
793 3524 852 3602 sio]
870 3525 966 3581 editur
983 3525 1050 3581 inde
1068 3545 1086 3581 a
1097 3525 1177 3582 Man.
1197 3536 1227 3581 et
1239 3525 1342 3581 Lamb.

265 3610 369 3678 tacite3
391 3609 546 3666 confirmet
568 3621 671 3684 aperto
693 3610 802 3666 indicio
826 3611 886 3666 Erl.
910 3608 975 3687 [Β]
1013 3612 1136 3667 Veteres
1159 3610 1224 3666 edd.
1246 3609 1341 3682 (Crat.

265 3704 294 3750 et
318 3695 410 3763 vtes.)
438 3706 469 3749 ut
500 3695 584 3753 codd.
609 3695 701 3750 nostri
725 3695 900 3762 deteriores,
930 3713 1053 3768 eamque
1081 3696 1255 3769 seripturam
1280 3693 1342 3752 Ga·

264 3780 396 3835 ratonius
419 3779 448 3835 iu
473 3779 536 3835 ood.
552 3778 724 3848 barberino,
748 3798 833 3853 quem
857 3781 1018 3854 perbonum
1043 3780 1174 3854 appellat
1191 3779 1254 3853 (sed
1278 3791 1343 3835 erat

264 3884 280 3919 e
303 3865 481 3920 deteriorum
505 3863 646 3936 familia),
670 3864 818 3920 inventam
842 3865 988 3939 probabat
1010 3866 1057 3933 (ad
1082 3875 1155 3921 orat.
1182 3884 1234 3939 pro
1258 3863 1339 3922 Cael.

264 3950 322 4005 ab
347 3968 373 4022 p.
391 3950 473 4022 401).
521 3948 658 4004 Potuisse
681 3949 722 4004 sic
742 3949 839 4015 scribi,
863 3951 1034 4006 ostendetur
1056 3949 1092 4005 ad
1106 3951 1142 4006 V.
1157 3951 1206 4006 26.
1254 3951 1341 4005 Proe-

263 4035 366 4090 rlorom
388 4053 448 4090 reru
473 4034 530 4090 dioi
554 4052 641 4107 quam
664 4036 767 4089 claram
790 4034 951 4090 Lambinus
976 4035 1117 4102 malebat,
1146 4034 1192 4090 oui
1221 4032 1341 4089 difficile

264 4128 309 4174 est
337 4119 409 4175 satis
437 4119 560 4174 firmiter
594 4119 809 4186 oont1·adicere;
844 4138 909 4174 nam
939 4119 1009 4175 alibi
1039 4123 1130 4175 clama
1158 4137 1274 4193 semper
1303 4118 1340 4174 ad

264 4203 399 4260 notitiam
428 4213 457 4259 et
484 4203 592 4259 famam
622 4204 765 4278 pertinet3
798 4223 852 4278 pro
882 4204 958 4262 Sest.
989 4222 1105 4278 quoque
1129 4206 1158 4272 7,
1188 4222 1246 4277 quo
1275 4203 1341 4259 loco

264 4288 399 4345 Bremius
422 4289 529 4356 utitur,
558 4290 635 4344 ctera
658 4293 747 4363 pietas
770 4299 828 4354 est,
858 4307 933 4362 quae
962 4289 1110 4345 hominum
1135 4289 1250 4344 animos
1273 4307 1341 4344 con-

263 4373 354 4429 vertit
375 4383 405 4430 et
426 4372 676 4429 fema'eelebrata
700 4385 758 4439 este
787 4374 886 4447 itaque
908 4373 1039 4429 additur:
1063 4384 1086 4430 et
1109 4375 1228 4429 omnibns
1248 4383 1339 4445 prato.

350 4459 378 4515 8.
415 4459 486 4514 ludia
514 4457 674 4530 commissio)
709 4458 849 4533 Imperite
883 4457 977 4515 Gziue
1011 4467 1041 4515 et
1074 4459 1145 4516 Otto
1181 4458 1341 4535 significari
