3030 5086
504 476 547 521 un
572 475 651 521 unu.
675 475 737 521 uta.
761 475 784 520 u
806 476 879 522 ear.
899 480 922 523 a.
937 476 1000 529 (eat
1227 457 1289 523 183

216 662 295 724 quae
318 649 503 723 sequuntur,
533 643 599 719 illa,
628 644 740 723 quibus
768 643 917 708 detractis
944 643 1058 708 clamat
1078 643 1232 724 Epicurus
1255 662 1289 707 sc

216 746 348 822 nescire,
377 746 451 826 quid
479 746 518 809 sit
546 745 675 822 bonum;
704 745 809 809 adsint
831 745 924 809 etiam
946 743 1076 809 formosi
1104 744 1207 825 pueri,
1237 746 1289 825 qui

216 848 405 923 ministreut3
440 847 630 927 respondeat
658 847 707 911 bis
736 846 845 922 vestis,
879 854 1057 927 argeutum,
1087 846 1289 915 Corinthium.

289 1040 306 1083 l.
326 1032 477 1082 extraett'sC
531 1037 553 1081 2.
571 1033 602 1082 sit
621 1033 711 1083 amc
754 1031 827 1099 [adsit
846 1030 897 1098 A¹]
953 1037 975 1080 3.
995 1032 1025 1082 ia
1044 1032 1119 1081 LMR
1158 1031 1289 1082 odi-ilicium

216 1108 271 1166 ipro
283 1101 436 1161 Corinthiam)
446 1101 541 1151 LPMC
559 1101 596 1150 vel
612 1101 753 1151 Corinthiam
769 1100 899 1152 odm'liet'em
910 1102 945 1160 R;
964 1100 1027 1150 Pin
1043 1115 1121 1165 marg.
1137 1101 1289 1150 cdort'ntln'um

217 1275 371 1349 (Davisius
394 1286 421 1330 et
440 1274 534 1334 Gzius
556 1274 683 1348 tacent);
706 1292 760 1331 nec
782 1284 861 1331 recte
884 1273 1102 1350 coniunguntur
1124 1276 1238 1350 dempsit
1261 1283 1291 1331 et

215 1362 367 1426 abstulerim
386 1379 452 1416 nam
470 1360 547 1434 quod
565 1361 679 1434 dempsit
695 1378 748 1434 pro
766 1361 909 1434 dempserit
926 1378 990 1417 esse
1008 1368 1123 1435 putant,
1142 1378 1180 1416 ex
1198 1361 1290 1436 demp-

215 1449 273 1501 sim.
297 1444 358 1501 dixi
382 1445 451 1501 alibi
476 1445 598 1519 (Opusc.
624 1445 679 1501 Ac.
703 1445 734 1501 11
757 1463 785 1519 p.
805 1445 945 1517 70sqq.),
969 1455 1100 1502 vetustas
1123 1445 1176 1501 lias
1198 1443 1290 1502 futuri

215 1531 339 1599 formas,
361 1533 449 1603 seeo,
473 1533 578 1604 jiem'ru.
607 1548 682 1603 quaa
706 1547 763 1585 non
792 1547 922 1605 syncopa
944 1539 1041 1597 ortae,
1072 1531 1123 1587 sed
1146 1539 1178 1586 ut
1200 1514 1290 1602 τύψω

216 1616 319 1672 ductae
342 1632 358 1670 e
381 1616 528 1690 praesenti
552 1623 628 1684 sunt,
653 1633 811 1687 numquam
835 1614 1001 1688 praeteriti,
1025 1634 1100 1690 quae
1123 1615 1170 1671 hic
1192 1613 1291 1688 requi·

216 1702 299 1763 ritur,
317 1700 557 1774 significationem
577 1700 738 1773 accepisse,
759 1699 865 1755 nedum
883 1699 926 1755 sic
943 1701 1057 1774 dempsit
1074 1700 1143 1774 poni
1161 1698 1292 1774 potnerit

216 1787 244 1843 in
269 1805 303 1841 eo
326 1786 425 1844 verbo.
448 1784 531 1841 cuius
553 1783 716 1860 perfeetum
740 1784 892 1840 indicativi
915 1785 994 1841 modi
1016 1785 1046 1842 id
1069 1785 1115 1841 sit.

302 1874 340 1926 m's
363 1880 387 1926 et
408 1867 546 1947 soirculns)
570 1870 668 1946 Vulgo
697 1881 758 1926 erat
786 1873 829 1926 ius
852 1879 881 1925 et
903 1870 945 1925 sic
968 1868 1055 1927 Grnt.
1079 1870 1107 1926 in
1132 1869 1195 1927 Pal.
1222 1872 1235 1925 1
1261 1878 1290 1925 et

216 1956 282 2013 aliis
305 1955 448 2031 repperit,
472 1954 516 2032 [at
535 1957 564 2011 A
581 1959 629 2014 vis.
653 1955 707 2011 etsi
726 1954 776 2011 iix
800 1954 872 2010 haec
894 1954 924 2010 in
948 1954 1031 2011 codd.
1055 1951 1289 2030 discernuntur];

216 2042 292 2098 Dar.
316 2045 363 2109 nis,
388 2041 416 2096 id
440 2051 493 2098 est.
516 2044 599 2107 eires,
623 2040 703 2096 dedit
726 2059 761 2096 ex
785 2039 892 2106 Mead,
917 2039 1002 2105 Ball,
1026 2039 1111 2098 CCC.
1158 2039 1290 2096 Sacerdos

217 2126 305 2199 (qnod
329 2126 386 2181 iarn
410 2126 488 2201 apud
512 2127 641 2181 Marsum
666 2143 729 2181 esse
752 2125 880 2196 videtur)
900 2124 966 2181 Pal.
990 2128 1002 2180 l
1027 2135 1065 2183 et.
1088 2133 1121 2180 ut
1144 2123 1290 2192 videntur,

216 2210 268 2267 alii
290 2206 359 2288 [B]:,
383 2211 459 2266 Dav.
482 2230 519 2266 ex
542 2210 602 2266 illis
625 2209 718 2265 tribus
740 2212 862 2266 sarculos
885 2208 1011 2284 profert,
1035 2209 1114 2268 Oxx.
1137 2218 1291 2284 praeterea

217 2315 254 2351 ex
277 2294 316 2362 E;
345 2293 438 2352 Gzius
466 2305 553 2351 tacet.
597 2295 643 2351 De
672 2294 788 2351 sacculo
819 2293 945 2361 vinario,
974 2312 1032 2368 qno
1060 2295 1128 2351 vina
1157 2293 1291 2350 defaeca-

216 2381 324 2435 bantnr
346 2388 384 2439 et.
407 2381 578 2435 atteteritate
596 2378 697 2439 fracta.
722 2379 838 2436 mitiora
857 2379 975 2447 fiebant,
1000 2397 1046 2437 ree
1069 2389 1140 2436 nota
1158 2397 1174 2435 e
1191 2378 1290 2435 Plinio

216 2464 287 2536 (rid.
310 2465 369 2522 lex.
395 2484 421 2520 r.
445 2484 539 2521 soccus
561 2473 589 2521 et
613 2463 720 2521 lleind.
746 2464 782 2520 ad
807 2465 878 2520 Hor.
899 2463 960 2522 Sat.
979 2464 1019 2535 ΙΙ,
1043 2466 1072 2534 4,
1097 2464 1159 2537 53).
1196 2463 1290 2520 Valde

180 2584 183 2589 ·
216 2558 313 2606 errant
333 2549 460 2606 editores
477 2548 539 2606 fere
562 2567 672 2606 ornnes.
697 2549 746 2622 qni
770 2549 848 2605 vires
871 2549 931 2605 rini
955 2567 1040 2606 sacco
1063 2547 1182 2618 fractae,
1205 2566 1290 2622 quae,

216 2646 247 2692 ut
272 2634 386 2692 Plinius
408 2635 548 2710 appellat,
572 2634 711 2690 castratio
734 2634 811 2709 apud
835 2642 949 2690 veteres
971 2634 1008 2690 ad
1031 2634 1092 2691 vini
1115 2633 1290 2690 svat'itatenr

217 2720 382 2777 necessario
406 2720 585 2793 pertinebat,
613 2718 643 2775 in
667 2719 738 2774 sitio
763 2729 905 2793 ponentes
927 2719 1094 2796 negativam
1123 2718 1198 2774 hanc
1226 2736 1291 2775 aen·

217 2805 337 2863 tentiam
366 2803 482 2861 efficere
505 2804 636 2874 student,
666 2804 772 2879 partim
803 2814 906 2861 eontra
934 2822 1097 2862 sermonem
1126 2811 1291 2879 peccantes,

217 2891 266 2964 qni
289 2900 336 2946 niet
359 2890 473 2966 legunt,
498 2890 581 2963 quasi
604 2889 721 2964 negatio
745 2908 781 2945 ex
805 2892 843 2946 ml
864 2889 900 2945 ad
923 2890 1046 2946 alteram
1070 2897 1182 2964 partem
1206 2906 1290 2946 sunm

216 2975 431 3032 substantivum
456 2974 610 3030 habentem
636 2975 791 3049 pertineat,
809 2975 907 3046 (Dar,
926 2974 1029 3043 Gzius,
1047 2974 1160 3047 Orell.),
1183 2974 1290 3048 partim

216 3061 436 3135 grammaticam
465 3069 631 3122 servantes,
665 3060 715 3133 qui
746 3078 799 3135 pro
827 3070 851 3115 et
878 3060 1059 3134 scripserunt.
1086 3079 1141 3116 nee.
1185 3058 1226 3115 Et
1254 3059 1291 3114 ad

217 3145 391 3202 sententiam
414 3157 493 3202 recte
516 3146 619 3214 habet,
648 3145 735 3201 niodo
764 3164 801 3201 ex
830 3147 874 3200 eni
899 3146 967 3201 nillil
993 3146 1057 3201 dnm
1084 3147 1119 3201 sit
1146 3142 1292 3201 efficiatur

216 3229 338 3303 aliquid,
362 3231 439 3303 quod
462 3232 499 3287 ad
523 3230 721 3286 rinilandem
741 3231 901 3304 pertineat;
924 3228 983 3307 [cui
1003 3231 1041 3286 nil
1062 3231 1127 3286 duri
1146 3232 1199 3286 ait!
1233 3228 1292 3288 Sed

184 3345 191 3357 ·
218 3315 365 3391 llauptius
388 3315 508 3388 Quaest.
532 3316 617 3375 Critt.
643 3316 721 3371 1841
748 3335 775 3390 p.
799 3317 837 3372 46
862 3324 950 3391 negat
972 3315 1015 3372 aie
1037 3314 1121 3371 traici
1150 3324 1179 3371 et
1206 3331 1289 3371 accu-

217 3401 312 3457 sativo
334 3400 427 3456 subici
451 3419 546 3474 posse,
570 3419 656 3474 quern
679 3400 814 3457 refellere
838 3410 918 3457 certo
941 3397 1082 3476 nequeo]
1126 3401 1239 3457 Mannt.
1263 3407 1292 3455 et

217 3486 336 3546 Lamb,
376 3495 490 3559 retenta
523 3485 749 3558 interpolatione
783 3496 882 3542 vetere
916 3487 1078 3561 oenophoro,
1118 3493 1216 3561 cetera
1249 3483 1291 3542 sic

217 3571 410 3646 scripserunt:
434 3574 477 3627 eui
498 3574 536 3626 nil
557 3573 671 3645 derupsit
693 3573 771 3643 (mitid
787 3573 931 3647 dempserit
947 3572 1013 3643 Lb.)
1036 3573 1083 3626 etin
1105 3581 1129 3626 et
1152 3570 1291 3643 (rreeLb.)

217 3658 340 3713 sacculus
362 3658 510 3714 alistulerit.

301 3742 456 3798 adhibentes
478 3739 568 3814 liedes)
592 3741 674 3797 Hace
696 3741 786 3816 vulgo
806 3741 911 3798 Lucilii
936 3741 1026 3797 rerba
1048 3747 1198 3816 putantur.
1232 3737 1289 3798 Sed

217 3843 393 3900 quamquam
422 3826 507 3882 ludos
535 3835 564 3881 et
586 3826 644 3881 alia
674 3829 756 3901 (quim
778 3828 937 3900 sequnntur)
960 3826 1127 3882 nominarat
1149 3823 1290 3893 Lucilius,

216 3920 313 3967 tamen
337 3911 493 3986 participio
521 3911 572 3967 illo
596 3911 772 3985 (adhibentes)
801 3913 873 3968 haec
900 3911 938 3967 ad
959 3911 1104 3984 reliquam
1127 3909 1289 3967 orationem

216 3997 340 4071 abipso
364 3995 507 4054 Cicerone
530 3998 750 4054 accommodata
772 3996 917 4053 videntur.

305 4080 484 4160 Corinthium)
512 4082 659 4138 Absolute
687 4082 761 4138 dixit
790 4101 843 4157 pro
871 4080 1048 4155 supellectili
1071 4078 1226 4138 Corinthia
1248 4079 1290 4151 (in

216 4167 302 4224 Verr.
327 4168 368 4235 ΙΙ,
383 4168 436 4240 83)
459 4167 521 4223 sive
544 4186 598 4241 pro
611 4166 780 4224 Corinthiis.
816 4168 925 4223 Veram
944 4165 1117 4240 scripturam
1137 4172 1293 4221 servarunt

216 4253 304 4308 etiam
328 4253 403 4308 Pall.
432 4256 457 4320 l,
483 4253 511 4322 3,
537 4254 564 4321 6,
588 4247 652 4331 [B,]
677 4271 733 4327 mg.
749 4251 841 4315 Crat,
865 4251 928 4307 eod.
951 4251 1027 4307 Mor.
1050 4249 1100 4326 (de
1123 4248 1238 4307 Davisii
1262 4256 1292 4304 et

217 4336 284 4394 Gzii
307 4337 389 4393 codd.
415 4338 487 4393 nihil
510 4337 646 4394 distincte
670 4337 817 4409 traditur).
862 4335 961 4394 Ceteri
984 4335 1076 4410 (Pall.
1100 4336 1133 4406 2,
1159 4335 1187 4405 5,
1211 4332 1291 4391 Oxx.

216 4421 304 4497 Πχψ,
329 4420 408 4480 Gud.
435 4424 467 4496 2)
491 4425 638 4479 odrilt'ct'um
662 4432 712 4478 atti
736 4424 899 4479 ordm'lict'um
928 4430 979 4478 aut
1000 4423 1158 4491 attilicittm,
1187 4411 1231 4487 Εξ
1251 4420 1293 4476 vel
