3030 5086
189 447 253 513 216
579 465 624 511 ns
646 462 777 511 sturnus
801 462 873 509 non.

189 633 329 714 protulit
352 652 446 714 quam
468 640 504 697 ut
525 632 646 703 Stoicis,
668 632 850 713 quibuscum
873 631 987 696 bellum
1003 631 1143 713 gerebat
1167 648 1275 713 oppo-

190 742 292 814 neret;
314 736 347 799 id
369 744 473 799 autern
495 735 649 800 eiusmodi
671 744 728 813 est,
750 746 786 797 ut
807 733 950 798 additum
969 735 1011 797 od
1027 733 1175 797 virtutem
1192 750 1273 798 auc·

190 837 349 902 toritatem
372 837 516 901 videatur
539 836 719 901 habiturum
737 842 769 900 et
785 835 981 916 expleturum
998 835 1154 899 cumulate
1171 834 1273 899 vitam

189 939 323 1015 beatam,
345 939 385 1003 de
407 958 468 1021 quo
492 939 591 1003 omnis
615 939 691 1003 baec
714 937 856 1019 quaestio
877 946 933 1001 est
967 938 1047 1002 Nam
1070 936 1123 1017 qui
1144 937 1187 1001 ad
1203 935 1273 1001 vir·

150 1042 286 1106 btutem
307 1041 481 1121 adiungunt
502 1041 551 1105 vel
573 1041 774 1121 voluptatem,
796 1057 888 1120 quarn
911 1058 1005 1103 unaun
1026 1039 1128 1103 virtus
1149 1036 1275 1103 minimi

189 1141 273 1220 iacit,
290 1142 338 1206 vel
356 1142 543 1207 vacuitatem
560 1142 687 1220 doloris,
705 1160 795 1222 quae,
812 1141 933 1205 etiamsi
952 1140 1033 1205 rnalo
1050 1147 1144 1219 caret,
1162 1148 1273 1205 muron

189 1263 251 1309 non
275 1252 322 1309 est
344 1263 498 1309 summurn
521 1245 650 1322 bonum,
678 1244 856 1308 accessione
882 1252 1013 1307 utuntur
1040 1261 1102 1307 non
1123 1242 1170 1307 ita
1191 1260 1274 1324 pro·

189 1347 291 1424 babili,
314 1364 370 1411 nec
387 1356 501 1423 tannen,
524 1365 579 1410 cur
596 1346 628 1410 id
645 1355 709 1410 tarn
727 1364 822 1427 parce
839 1356 966 1425 tamque
983 1346 1126 1410 restricte
1141 1342 1274 1423 faciam,

189 1447 344 1531 intellego.
389 1448 487 1527 Quasi
516 1447 597 1512 enirn
625 1449 788 1513 emendum
811 1447 857 1512 eis
879 1446 934 1525 sit,
964 1447 1049 1526 quod
1077 1447 1198 1511 addant
1225 1446 1274 1511 ad

132 1550 174 1615 10
191 1550 350 1627 virtutem,
383 1551 519 1631 primum
547 1549 712 1613 vilissimas
741 1568 791 1613 res
819 1550 953 1625 addunt,
988 1548 1100 1612 deinde
1127 1546 1275 1629 singulas

190 1652 308 1734 potine,
331 1670 424 1732 quarn
447 1652 565 1729 omnia,
588 1670 669 1732 quae
690 1652 794 1731 prima
817 1659 931 1714 natura
953 1649 1206 1730 approbavisset,
1231 1668 1277 1713 ea

189 1771 259 1817 cunr
286 1753 450 1817 honestate
477 1754 709 1833 coniungerent.
760 1754 811 1817 43.
845 1754 933 1831 Quae
960 1751 1045 1832 quod
1067 1750 1208 1815 Aristoni
1238 1756 1274 1815 et

262 1929 270 1970 l
291 1922 420 1987 pertuir'tE
447 1923 624 1987 apponerentE
643 1923 829 1986 opponeretur-R
864 1920 1075 1971 3.accrrrrralateC
1102 1920 1274 1971 mirtulanteit

190 1996 212 2041 9.
234 1989 365 2055 intediqurrt
382 2008 431 2040 error
450 1991 510 2039 enim
529 1990 633 2039 duracium
652 1989 725 2039 er'rE
761 1990 853 2039 addunt
872 1990 893 2037 lt
951 1995 987 2037 to.
1009 1988 1072 2057 [dein
1091 1988 1121 2056 Α]
1179 1994 1218 2039 11.
1240 2006 1274 2038 m

190 2077 239 2109 cam
260 2059 377 2125 voluptate
395 2059 454 2109 coni
474 2059 548 2108 Pntu
565 2075 606 2109 orn
635 2058 678 2111 Or,
721 2066 757 2133 tt.
776 2076 826 2107 cunr
845 2063 901 2122 (pro
920 2058 993 2123 qaod)
1013 2073 1107 2119 ornnes,
1126 2058 1170 2107 Or.

275 2220 307 2256 eo
330 2232 369 2241 -
392 2200 589 2272 corn'aaqerent)
613 2200 759 2275 Expectat
786 2197 893 2272 aliquis
921 2201 1089 2271 conirorqant.
1134 2197 1193 2258 Sed
1216 2198 1273 2255 illu

191 2285 272 2341 verbi
300 2283 396 2341 forma
419 2285 463 2351 id,
492 2284 571 2358 qnod
599 2285 662 2341 fiori
691 2284 838 2353 debuerit,
868 2284 897 2339 in
926 2282 1005 2339 alind
1034 2294 1150 2359 tempus
1171 2283 1272 2349 reicit,

190 2389 248 2444 qna
270 2369 364 2445 figura
387 2369 529 2426 orationis
552 2368 723 2429 Ciceronem
748 2370 835 2427 etiarn
855 2369 910 2439 1v,
925 2369 963 2425 39
989 2388 1070 2425 usum
1095 2386 1168 2429 esee.
1190 2368 1273 2443 opti·

191 2474 303 2511 rnorurn
328 2455 459 2512 codicum
484 2472 644 2512 consensus
667 2455 805 2511 declarat.
851 2454 1093 2512 Obversabantnr
1115 2452 1273 2511 Ciceronis

190 2540 299 2607 animo,
314 2551 343 2596 ut
358 2539 445 2595 etiarn
458 2541 573 2609 1V‚20,
586 2541 749 2596 sententiae
762 2540 818 2596 iarn
832 2540 944 2614 pridenr
957 2540 1143 2596 constitutae.
1166 2540 1272 2612 Atque

191 2644 228 2681 ex
252 2624 307 2681 hoc
330 2623 502 2699 imperfecto
526 2625 632 2700 pendet
656 2635 770 2699 tempus
787 2636 814 2681 et
834 2626 937 2681 modus
955 2624 1037 2681 verbi
1054 2624 1271 2699 approbavisset,

191 2729 245 2785 pro
279 2728 337 2784 quo
371 2710 457 2766 aliter
490 2710 657 2767 necessario
687 2710 873 2767 scribendum
908 2720 971 2766 erat
998 2712 1166 2785 approbarit.
1218 2708 1272 2769 Sic

190 2806 299 2853 autern.
322 2805 354 2851 nt
377 2795 455 2852 edidi
479 2798 550 2867 (earn
573 2797 729 2865 laonestate),
753 2796 892 2870 scripturn
917 2806 981 2851 erat
1003 2795 1090 2851 etiam
1111 2795 1141 2852 in
1159 2794 1225 2851 Pal.
1239 2794 1270 2865 3,

191 2881 319 2955 quinqua
343 2879 423 2939 Oxx.
446 2883 484 2955 (ψ
508 2881 567 2938 alia
590 2900 677 2937 rnanu
702 2883 861 2955 voluptate),
892 2879 960 2940 Gzii
983 2900 1042 2937 uno
1066 2888 1184 2955 praeter
1206 2878 1271 2937 Erl.

190 2966 308 3040 Reliqui
332 2967 416 3024 codd.
439 2967 529 3039 (Pali.
559 2965 705 3025 Gruterus
734 2967 879 3041 appellat,
908 2964 1001 3025 Gaius
1030 2964 1121 3040 Spir.)
1149 2975 1179 3021 et
1206 2964 1271 3021 edi·

190 3051 299 3108 tiones:
323 3072 382 3109 orror
404 3055 547 3127 voluptate,
570 3051 705 3109 absurde.
728 3051 866 3126 qnoniam
890 3051 925 3109 de
948 3052 984 3108 iia
1007 3051 1114 3127 agitur,
1137 3068 1213 3126 quae
1230 3049 1270 3108 ad

190 3136 329 3193 virtutem
357 3136 511 3193 addantur.
558 3138 662 3211 Itaque
686 3138 816 3204 Marsus,
851 3148 911 3194 tuni
942 3137 1101 3194 Lambinus
1128 3144 1272 3210 quattuor

191 3221 281 3278 rerba
303 3221 430 3283 sustulit.
454 3221 502 3277 hic
523 3222 561 3277 ab
584 3242 637 3279 suo
661 3223 761 3280 codiee
784 3223 871 3297 longe
894 3222 1005 3297 optimo
1025 3223 1128 3279 abesse
1146 3228 1271 3289 testans,

190 3306 226 3362 de
249 3324 308 3379 qno
331 3306 417 3363 valde
440 3307 552 3374 dubito,
577 3318 740 3383 postremo,
763 3326 780 3363 a
806 3307 943 3377 Dormio,
969 3308 1122 3377 Ernestio‚
1145 3306 1270 3365 Brenrio

189 3391 336 3449 damnata
355 3390 457 3449 Gaius.
492 3391 550 3465 Qui
568 3394 645 3466 quod
663 3397 823 3465 corrinnprart
840 3394 1025 3451 scribendum
1045 3392 1133 3449 tuisse
1150 3400 1269 3467 putant,

189 3484 223 3533 ut
245 3476 315 3533 olinr
338 3476 490 3533 Manutius
512 3477 658 3537 ediderat.
682 3480 812 3555 graviter
834 3488 941 3535 errant.
985 3478 1063 3534 Nam
1086 3477 1137 3550 qui
1159 3477 1203 3535 sie
1225 3477 1268 3534 lo·

189 3561 303 3636 quitur,
332 3561 357 3619 is
386 3562 441 3619 boc
468 3562 567 3638 potius
595 3583 682 3637 qnam
707 3564 779 3621 illud
803 3582 907 3619 nomen
931 3562 974 3632 ei,
1002 3562 1079 3636 quod
1103 3562 1168 3627 fiat.
1196 3579 1268 3619 con·

189 3646 290 3703 venire
319 3646 404 3716 dicit,
439 3667 497 3704 non
526 3649 581 3705 boc
609 3649 687 3718 fieri,
716 3650 841 3705 alterurn
870 3666 927 3704 non
956 3648 1028 3704 fieri.
1074 3646 1190 3704 Deinde
1220 3646 1268 3704 his

189 3732 306 3789 omissis
329 3731 442 3789 formae
465 3734 546 3790 verbi
570 3736 773 3809 approbacaaset
800 3733 876 3789 ratio
899 3733 981 3789 reddi
1006 3732 1117 3806 nequit.
1163 3731 1268 3810 [Nune

189 3827 304 3875 constat
331 3837 396 3874 cunr
422 3818 482 3875 Eri.
506 3822 533 3876 A
557 3828 587 3875 et
610 3819 634 3874 B
663 3828 692 3874 et
720 3818 782 3874 sine
806 3818 895 3875 dubio
919 3818 997 3895 Spin.
1028 3818 1056 3874 in
1081 3837 1152 3875 vora
1173 3818 1267 3892 scrip·

189 3914 254 3959 turn
277 3901 470 3980 consentire]

275 3988 324 4044 43.
358 3986 434 4056 Qrare
450 3990 536 4062 qaod)
554 3987 604 4045 Sic
622 3988 787 4046 necessario
805 3989 991 4046 scribendum
1011 3989 1078 4059 tuin
1101 4006 1168 4045 narn
1187 3986 1266 4061 qnod

190 4073 218 4129 in
247 4073 398 4131 codicibus
427 4074 534 4149 legitur·
562 4074 731 4148 editumque
759 4075 796 4130 ab
825 4075 961 4133 omnibus
989 4085 1048 4139 est,
1082 4073 1155 4130 nihil
1184 4072 1266 4130 aliud

189 4167 286 4232 potest
308 4160 474 4234 significare
497 4159 568 4215 nisi:
591 4180 643 4233 quo
664 4172 779 4235 ternpore
796 4170 860 4216 aut:
883 4163 1005 4234 quotiens
1026 4163 1083 4215 visa
1098 4168 1170 4220 errat,
1193 4176 1265 4231 quo-

188 4260 252 4299 rum
276 4253 431 4317 utrumqne
455 4244 669 4320 ineptissimum
694 4255 746 4302 est.
792 4247 897 4319 Itaque
920 4245 1071 4303 Manutius
1098 4247 1152 4301 sint
1173 4243 1267 4319 serip-

188 4327 241 4389 sit.
271 4328 342 4386 Otto
365 4333 505 4403 qnom'anr.
536 4340 659 4403 uterque
683 4330 814 4387 incidens
843 4331 871 4386 in
901 4330 1048 4387 causalem
1077 4329 1265 4397 sententiam,

188 4414 272 4487 ‹prrasi
297 4414 371 4472 ideo.
395 4416 473 4487 qnod
496 4415 607 4489 aliquid
627 4416 670 4471 illi
689 4416 827 4485 dixerint,
851 4427 953 4473 contra
971 4416 1027 4472 boc
1046 4415 1142 4490 ipsum
1166 4414 1265 4488 dispu-
