3030 5086
214 471 304 536 nnn
659 484 858 534 aunarium.

220 677 259 722 ne
286 675 345 738 qua
375 654 528 721 dubitatio
556 651 767 737 relinquatur,
797 655 974 736 speciminis
1002 655 1070 720 loco
1096 654 1128 720 iu
1156 654 1302 735 margine

218 763 365 830 inferiore
387 782 469 844 pono
493 762 604 839 omnia,
626 764 754 844 quaein
780 772 898 844 septem
920 762 1030 844 primis
1052 761 1207 843 capitibus
1226 760 1301 827 libri

219 871 311 953 primi
334 871 420 951 apud
444 870 476 935 C.
494 869 685 951 Stephanum
708 878 817 934 notata
838 870 955 951 sunt¹)

304 978 487 1060 Dionysium
509 977 691 1042 Lambiuum
714 978 817 1058 ipsum
839 984 960 1041 tantum
977 975 1144 1042 deterioris
1159 975 1301 1043 familiae

163 1097 167 1106 ·
218 1085 380 1150 codicibus
407 1103 496 1149 usum
525 1102 608 1163 esse,
637 1085 837 1166 perspicuum
863 1091 920 1149 ast
965 1083 1046 1148 Nam
1074 1093 1105 1148 et
1131 1085 1174 1149 ad
1200 1083 1230 1164 1,
1253 1083 1301 1148 24

217 1191 334 1269 scribit„
357 1192 386 1254 in
411 1191 553 1255 omnibus
576 1190 665 1256 libris
687 1191 915 1272 manuscriptis,
938 1191 1051 1271 quibus
1072 1189 1199 1272 quidam
1218 1208 1302 1257 usus

220 1298 269 1376 sit
291 1316 360 1362 esse
383 1298 496 1379 partim
516 1297 596 1377 fidei,
618 1299 734 1378 partim
754 1297 842 1378 fideti
863 1316 923 1378 pro
944 1297 1048 1374 uideri,
1069 1304 1101 1362 et
1121 1298 1163 1362 ad
1184 1298 1226 1376 ΙΙ,
1245 1297 1300 1376 12,

218 1405 314 1469 libros
343 1423 450 1470 omnes
473 1411 610 1484 veteres,
638 1424 717 1486 quos
746 1405 870 1486 quidem
892 1404 1020 1483 viderit,
1048 1405 1164 1470 habere
1183 1406 1300 1471 verba:

218 1511 270 1575 sed
288 1511 368 1591 forte
388 1511 497 1590 arcam
528 1513 559 1575 iu
587 1512 727 1577 delendis
753 1512 792 1576 iis
814 1511 955 1593 sequitur
976 1511 1105 1578 Victorii
1125 1514 1300 1578 auctomta-

220 1626 296 1696 tem;
325 1620 437 1684 deinde
463 1618 554 1683 addit
577 1619 691 1690 „alios“
716 1619 833 1684 babere
860 1618 975 1698 insuam
999 1623 1029 1682 st
1047 1623 1231 1699 susspectum,
1258 1636 1301 1685 se

219 1726 252 1790 id
275 1745 429 1807 nusquam
450 1727 636 1807 repperisse.
682 1725 850 1807 Significat,
874 1727 999 1807 opinor,
1022 1726 1193 1808 marginem
1215 1724 1300 1791 Cra»

220 1834 324 1898 tandri
347 1835 420 1913 (etsi
442 1833 483 1897 ibi
507 1841 590 1898 recte
608 1834 754 1898 scribitur
771 1832 893 1913 infusae,
915 1833 1107 1913 mmmm),
1130 1851 1226 1914 equo
1242 1831 1301 1897 iti·

219 1941 291 2005 dem
315 1949 472 2020 sumptum
494 1947 557 2019 eat,
580 1941 665 2021 quod
686 1941 717 2004 iu
740 1941 785 2020 ΙΙ,
810 1943 850 2005 10
874 1941 989 2014 „libros
1011 1939 1131 2020 aliquot
1152 1948 1296 2006 veterae*

218 2048 294 2112 dicit
316 2047 430 2111 habere
451 2045 618 2111 dmmrraleia
638 2045 831 2126 efficientibus
851 2046 1027 2126 voluptates.
1071 2046 1233 2127 (Marelius
1255 2046 1301 2110 de

220 2165 353 2234 utroque
371 2155 438 2218 loco
455 2158 559 2230 tacet)
594 2155 756 2219 Postremo
773 2156 815 2219 ad
831 2156 916 2233 111‚1
936 2152 1080 2231 affirmat,
1102 2155 1135 2219 in
1152 2152 1301 2219 omnibus

219 2261 285 2326 suis
309 2261 395 2325 libris
414 2260 566 2341 scriptum
583 2279 667 2326 esse:
690 2260 753 2324 alia
774 2261 880 2343 mucis,
902 2259 966 2324 alic
987 2261 1096 2324 naum.
1129 2260 1172 2326 m
1192 2267 1300 2325 muron

220 2369 269 2433 hic
292 2368 352 2433 illie
374 2366 491 2447 aliquid
513 2376 708 2448 compererat
729 2367 769 2433 ab
792 2369 839 2447 iis,
863 2368 917 2450 qui
939 2368 1083 2433 meliores
1105 2366 1226 2431 codices
1247 2367 1300 2431 in-

220 2484 403 2556 spexeraut;
431 2484 466 2539 ut
487 2475 548 2552 ΙΙΙ,
573 2476 590 2539 7
613 2495 630 2539 e
653 2475 820 2540 Cuiaciaoo
843 2474 965 2557 prolart
984 2473 1117 2537 imaum
1137 2472 1219 2554 libri,
1241 2473 1299 2553 ΙΙΙ,

218 2584 262 2649 32
284 2580 371 2644 nialla
393 2582 559 2646 restituens
581 2582 721 2647 ascribit:
752 2583 821 2654 „Sic
843 2589 913 2647 erat
934 2582 1118 2648 emendatus
1140 2581 1189 2645 hic
1208 2579 1299 2647 locus

220 2689 252 2754 iu
270 2689 348 2754 libro
359 2690 561 2770 Leoqucrui.“
577 2694 606 2766 2)
640 2689 678 2767 V,
690 2690 731 2754 89
749 2690 779 2753 in
796 2691 961 2770 praeclara
977 2689 1194 2754 emendatione
1208 2687 1301 2766 (dous

219 2801 249 2861 et
269 2796 393 2874 imiocii)
421 2815 457 2862 se
484 2797 605 2861 codices
633 2797 862 2878 manuscriptos
889 2805 1029 2862 secutum
1056 2795 1235 2878 profitetur3
1264 2795 1298 2862 iu

220 2905 320 2970 altera
353 2904 489 2968 editione
516 2905 698 2969 nominatim
727 2904 927 2969 Cuiaciauum
954 2911 987 2968 et
1012 2902 1212 2968 Huraltinum
1239 2921 1297 2984 ap·

221 3013 325 3094 pellat.
360 3012 454 3094 [add.
467 3012 503 3090 V,
516 3011 582 3094 50]
617 3012 664 3077 De
682 3011 836 3076 nonnullis
852 3030 1005 3093 perquam
1021 3011 1164 3092 ambigue
1180 3009 1298 3089 scribit,

221 3128 257 3184 ut
278 3121 308 3197 1,
329 3120 369 3184 bii
392 3119 423 3182 iu
446 3118 550 3200 prima
572 3119 707 3184 editione
728 3119 774 3183 ait
797 3118 913 3192 „libros
935 3126 1058 3185 veteres
1080 3117 1145 3182 iare
1167 3126 1296 3183 omnes“

222 3226 340 3292 habere
357 3227 512 3306 morbo,
534 3227 565 3291 in
588 3227 688 3292 altera
707 3227 821 3299 „libros
838 3226 984 3307 aliquam.
1017 3224 1189 3304 (mmm
1205 3224 1299 3290 scribi

221 3334 365 3399 voluerat
382 3332 539 3412 Marcius,
556 3354 647 3415 quem
659 3333 831 3400 Lambinus
847 3333 939 3398 etiam
956 3332 997 3396 ad
1014 3333 1054 3411 11,
1066 3333 1107 3398 26
1125 3329 1300 3412 significare

221 3442 352 3520 videtur,
377 3441 541 3506 nonnullos
564 3442 667 3523 legere
688 3440 871 3524 rscplopcnier
888 3439 1050 3519 scribens.)
1083 3439 1189 3505 Pauca
1205 3439 1298 3505 hum

249 3751 272 3815 ι)
291 3751 303 3812 ἓ
323 3750 337 3803 1
361 3751 388 3799 id
412 3764 463 3799 oon
485 3756 571 3801 rotarat
598 3758 670 3800 seius
693 3751 721 3797 id
743 3763 793 3798 raon
816 3756 869 3798 tam
887 3749 959 3807 illici.
982 3762 1033 3796 aon
1050 3748 1078 3796 id
1096 3754 1166 3809 ium).
1201 3745 1225 3798 2.
1245 3760 1298 3796 aaa

288 3840 366 3898 pesae)
387 3850 408 3885 v.
429 3849 479 3884 uon
496 3849 590 3898 possem
609 3834 703 3898 (vict).
748 3834 770 3886 5.
790 3849 806 3882 u
825 3833 914 3896 quibua
932 3833 994 3895 iam)
1013 3847 1035 3882 v.
1055 3846 1070 3880 a
1089 3832 1297 3894 quibusmultum

290 3922 384 3976 illici).
422 3919 445 3971 6.
465 3920 496 3968 ab
514 3919 629 3967 illiricus
648 3918 696 3983 rer)
715 3917 1109 3980 v.obilliromuerrerivici.).
1148 3917 1178 3968 11
1198 3915 1297 3979 quia-

288 4010 368 4069 putei)
388 4020 410 4054 v.
431 4004 493 4066 quid
509 4011 595 4066 putem
612 4004 705 4067 (ilict.)¹
742 4005 776 4055 20
793 4018 838 4052 suo
856 4006 931 4065 nuta)
951 4018 972 4053 v.
992 4017 1037 4052 suo
1055 4009 1124 4051 motu
1143 4002 1224 4061 (iiio,
1244 4014 1295 4051 non

291 4093 318 4142 R.
339 4091 506 4153 Stephanus).
542 4088 576 4140 23
598 4090 728 4152 corifirmut
750 4095 834 4137 autem
856 4088 931 4150 illud)
951 4103 973 4137 v.
993 4088 1124 4150 confirmor
1148 4086 1213 4136 illud
1235 4086 1296 4149 (boo

290 4178 317 4227 C.
344 4175 491 4237 Stephanus
518 4180 623 4223 secutus
651 4179 692 4223 est
719 4177 744 4223 io
769 4178 901 4233 ascierim
930 4177 956 4222 in
981 4176 1148 4223 auriotaiiona
1176 4176 1296 4222 inversus

289 4261 351 4309 ordo
371 4267 422 4317 esi;
443 4264 600 4318 manimius,
620 4259 644 4308 id
664 4265 703 4309 est
715 4260 817 4309 Viciorli
836 4264 862 4308 at
876 4258 904 4308 R.
915 4258 1048 4321 Siepbaui,
1068 4264 1122 4308 erat
1136 4258 1196 4321 confi
1213 4264 1297 4306 aurem

289 4344 371 4406 illudi.
408 4342 441 4395 23
459 4344 603 4408 patrioque)
624 4359 645 4393 v.
665 4344 749 4406 putris
768 4356 865 4406 quoque
884 4344 975 4406 (Aldus
995 4349 1019 4392 et
1038 4344 1204 4406 superiores).

246 4431 270 4494 ¹)
290 4429 316 4478 in
336 4429 416 4480 alteru
435 4431 549 4479 editione
568 4430 702 4480 scribitur:
722 4433 763 4488 „in
785 4429 851 4479 libro
870 4429 908 4479 ci.
928 4428 1061 4479 Poieani“.
