3030 5086
413 502 457 547 ar
481 501 561 547 orna.
584 501 647 547 nra.
671 501 695 546 rr
718 500 791 546 aar.
813 499 852 546 aa
867 498 1035 559 (ros-roo.)
1200 482 1265 549 325

186 670 290 735 Animi
308 670 387 734 enim
406 668 530 734 dolores
553 686 677 749 quoque
698 653 850 751 percipiet
871 667 1013 733 omnibus
1034 669 1176 750 partibus
1199 687 1264 734 ma-

185 773 268 837 iores
291 774 384 851 quam
408 771 559 850 corporis.
602 770 652 833 Ita
679 770 774 834 miser
802 771 843 834 sit
870 769 1038 851 aliquando
1066 789 1194 837 necesse
1217 777 1266 836 est

187 875 221 950 is,
245 891 336 955 quem
359 890 415 936 vos
437 871 563 936 beatum
586 890 710 952 semper
728 871 821 936 vultis
844 891 927 950 esse;
950 891 1006 937 nec
1027 891 1102 937 vero
1125 874 1166 953 id,
1189 874 1263 937 dum

187 975 289 1039 omnia
305 974 347 1038 ad
359 973 551 1053 voluptatem
569 973 771 1055 doloremque
786 973 935 1054 referetis
954 972 1094 1039 efficietis
1106 993 1263 1056 umquam.

189 1079 258 1142 109.
277 1078 382 1155 Quare
394 1074 479 1138 alind
497 1073 631 1155 aliquod,
650 1075 817 1156 Torquate,
834 1075 967 1140 hominis
985 1095 1139 1140 summum
1150 1077 1263 1148 bonum
1281 1075 1302 1140 5

187 1178 403 1259 reperiendum
421 1182 484 1255 est3
506 1175 698 1256 voluptatem
715 1176 824 1241 bestiis
841 1178 1055 1257 concedamus,
1078 1177 1190 1260 quibus
1208 1197 1264 1242 vos

187 1281 227 1344 de
250 1277 474 1344 summobono
497 1276 629 1341 testibus
651 1278 696 1342 uti
719 1278 834 1343 soletis.
869 1279 961 1359 Quid,
984 1280 1010 1343 si
1033 1280 1126 1344 etiam
1143 1278 1264 1344 bestiae

80 1474 84 1481 ἱ
186 1380 283 1445 multa
305 1379 431 1458 faciunt,
454 1379 534 1443 duce
556 1397 614 1443 sua
630 1397 773 1461 quaeque
790 1386 912 1460 natura,
935 1381 1050 1461 partim
1066 1380 1265 1461 indulgenter

187 1483 235 1547 vel
258 1500 327 1546 cum
343 1480 460 1554 labore,
484 1480 565 1544 utin
584 1479 748 1562 gignendo,
770 1482 802 1545 in
820 1482 981 1565 educando
1000 1481 1147 1564 perfacile
1163 1501 1263 1564 appa·

258 1724 278 1771 l.
298 1735 388 1782 quoque
406 1716 499 1766 dolore-r
517 1732 612 1777 omnes,
632 1718 676 1767 Or.
730 1724 754 1767 2.
774 1719 911 1782 corporec
947 1727 981 1768 ert
1000 1720 1089 1769 om.L
1142 1725 1165 1769 4.
1185 1719 1264 1768 amara

188 1803 234 1837 om.
252 1787 295 1836 LP
330 1785 424 1850 refertis
438 1785 507 1837 ELO
524 1785 669 1850 reserau'sR
703 1791 726 1835 5.
746 1785 841 1850 aliquid
857 1802 952 1846 omncs,
972 1789 1014 1838 Or.
1051 1786 1212 1852 reperiendam
1230 1796 1264 1836 aar

186 1873 299 1905 summam
317 1856 399 1904 bonam
417 1855 438 1903 L
475 1859 498 1903 8.
518 1870 612 1919 quaque
631 1854 700 1921 [mn

272 2063 340 2136 qaid
366 2059 503 2134 occurrat)
526 2061 623 2118 Paulo
650 2061 825 2118 insolentius
853 2061 962 2119 dictum
986 2063 1023 2119 de
1045 2081 1095 2133 eo,
1124 2063 1203 2137 quod
1225 2081 1262 2120 ex

187 2148 280 2204 altera
302 2155 385 2223 parte
408 2146 534 2203 obsistat
555 2157 585 2202 et
607 2146 766 2216 obiciatur3
790 2165 854 2202 cum
879 2156 977 2204 tamen
994 2158 1136 2205 occurrant
1155 2148 1263 2217 omnia,

186 2234 214 2289 in
239 2250 314 2306 quae
337 2231 503 2301 incidimus,
527 2240 556 2288 et
578 2249 644 2288 cum
668 2250 806 2289 occurrere
827 2241 909 2306 atque
930 2233 1056 2290 obsistere
1077 2235 1193 2290 coneda
1213 2236 1263 2290 oli·

185 2321 261 2375 craias
278 2316 393 2374 dicatur
405 2316 448 2388 (in
460 2316 547 2376 Catil.
559 2317 617 2387 Ill,
634 2318 683 2390 17)
701 2325 731 2373 et
747 2316 865 2387 similia,
883 2335 941 2374 non
954 2327 1027 2389 erat,
1045 2336 1098 2374 our
1108 2318 1263 2375 Ernestins

185 2404 221 2458 de
244 2402 369 2458 veritate
393 2401 555 2477 scripturae
578 2401 735 2459 dubitaret.

270 2487 363 2543 Am‘mi
383 2490 451 2543 enim
473 2489 578 2543 dolores
600 2485 719 2561 qaoque)
742 2485 881 2555 Correxi,
905 2487 982 2561 quod
1005 2487 1160 2562 perspicue
1184 2506 1263 2544 men·

185 2574 288 2630 <losum
312 2581 390 2641 erat3
419 2590 486 2627 nam
514 2590 579 2628 cum
604 2571 806 2647 voluptatibus
834 2571 925 2629 animi
954 2571 1094 2630 contrarii
1116 2582 1264 2647 ponantur

185 2658 315 2727 dolores,
350 2657 419 2713 huic
446 2656 591 2713 vocabulo
624 2657 791 2714 necessario
825 2657 1026 2714 subiciendum
1056 2666 1120 2714 erat
1149 2677 1263 2732 quoquc,

186 2743 267 2800 cuins
290 2741 453 2817 particulae
477 2761 494 2798 a
517 2741 647 2799 librariis
670 2741 869 2817 transpositae
892 2741 1028 2817 exempla
1050 2742 1165 2816 aliquot
1186 2742 1263 2799 iudi·

185 2829 249 2885 cavi
273 2828 302 2885 iu
326 2826 436 2902 Opusc.
456 2827 550 2884 Aced.
571 2829 585 2884 l
604 2847 632 2903 p.
653 2829 722 2884 181.
767 2824 843 2907 [cn.
867 2827 1072 2903 Wesenbergii
1095 2827 1262 2885 Emendatt.

185 2913 279 2988 Epist.
305 2912 367 2971 Cic.
390 2913 404 2969 I
425 2932 453 2988 p.
474 2908 538 2991 36.]
568 2912 709 2982 Accedit,
739 2913 817 2986 quod
841 2931 899 2969 vox
922 2931 1027 2986 qaoque
1054 2913 1096 2969 ita
1123 2911 1264 2969 adhaeret

185 2996 350 3074 principali,
375 3016 461 3071 quam
481 2998 621 3071 sequitur,
645 3007 677 3053 ut
699 2998 736 3053 ab
755 3016 789 3053 ea
807 3016 863 3055 non
882 2996 1040 3053 divellatur
1056 2996 1179 3054 alterius
1196 3015 1262 3072 par·

185 3084 292 3140 ticulae
315 3083 501 3158 interpositu,
526 3084 575 3139 sed
600 3083 628 3138 in
652 3083 705 3139 tali
729 3100 871 3139 concursu
891 3081 988 3156 priore
1005 3082 1071 3138 loco
1087 3081 1139 3151 sit;
1162 3082 1262 3156 itaque

184 3169 368 3225 scribendum
393 3176 470 3224 erat:
493 3172 577 3224 animi
597 3187 702 3242 quoque
724 3170 798 3225 enlm.
833 3169 923 3243 Apud
936 3166 1109 3226 Ciceronem
1127 3167 1178 3223 ubi
1195 3171 1263 3224 enda

184 3264 212 3310 et
235 3273 340 3328 quoque
362 3264 552 3322 concurrant,
582 3271 659 3310 nunc
687 3272 745 3310 non
769 3253 903 3320 memini3
932 3252 1011 3328 apud
1033 3251 1151 3309 Livium
1174 3270 1262 3329 saepe

184 3340 313 3410 (11,.18:
336 3341 367 3395 al
389 3357 494 3413 quoque
516 3342 592 3410 enim,
615 3339 674 3409 111,
695 3338 750 3395 50:
774 3341 826 3395 r'llr's
849 3356 955 3413 quoque
976 3341 1052 3408 caim,
1076 3338 1198 3409 XXIII,
1215 3338 1262 3407 12,

183 3425 320 3493 XXVII,
345 3425 395 3494 22,
424 3425 529 3497 XXX,
556 3428 582 3493 1,
611 3424 772 3495 XXXIII,
797 3424 851 3495 30,
880 3422 1038 3493 XXXVI,
1063 3424 1120 3492 273
1149 3423 1263 3480 notavit

183 3508 374 3586 Kreyssigius
397 3510 426 3565 in
450 3510 526 3566 Nov.
551 3509 660 3568 Annal.
682 3509 829 3585 Philolog.
853 3507 1006 3584 Supplem.
1029 3508 1087 3565 vol.
1110 3509 1125 3565 I
1148 3528 1176 3584 p.
1194 3509 1262 3582 53);

184 3596 233 3651 sed
257 3596 335 3670 apud
354 3594 525 3652 Ciceronem
551 3596 653 3652 eodem
677 3596 763 3652 modo
787 3593 926 3652 scribitur
943 3593 1026 3668 (Div.
1049 3593 1079 3650 in
1092 3592 1179 3651 Caec.
1194 3594 1262 3665 32):

184 3683 263 3738 liciae
285 3699 391 3755 qaoque
412 3684 502 3753 iqitur,
526 3698 600 3737 nou:
624 3682 702 3737 baiae
725 3684 806 3754 ἐρέτην
828 3699 941 3754 quoqne.
976 3675 1082 3757 [Apud
1096 3680 1260 3736 Varronem

183 3768 236 3823 illic
258 3785 364 3841 quoque
386 3769 453 3822 enim
476 3766 615 3822 scribitur
636 3765 670 3823 L.
685 3766 718 3822 L.
731 3767 800 3840 Vp.
814 3765 853 3822 30
866 3765 943 3839 Bip.,
967 3768 994 3820 ia
1016 3783 1046 3820 eo
1068 3782 1173 3838 qaoque
1195 3767 1261 3820 enim

272 3938 340 3993 109.
369 3846 447 3992 <Vrina
473 3935 597 4009 aliquod)
627 3934 677 3993 Sic
703 3943 782 3991 recte
805 3934 981 4001 Lambinus;
1009 3932 1068 3989 vid.
1097 3933 1134 3989 ad
1157 3934 1187 4003 I,
1214 3932 1261 3989 18.

184 4019 317 4102 [Refertia
340 4022 427 4078 etiam
453 4020 487 4077 B.
510 4039 567 4076 non
592 4015 646 4100 A.]

265 4111 368 4181 parum
398 4108 564 4178 indrrlqenter
586 4107 627 4162 vel
647 4124 707 4162 cam
730 4104 820 4161 labora
841 4105 910 4175 cet.)
933 4103 1135 4179 Neglegenter
1157 4101 1261 4161 Cicero

183 4202 282 4266 partes
305 4202 334 4247 et
358 4192 488 4248 membra
511 4190 674 4247 sententiae
696 4189 856 4247 distribuit.
890 4189 966 4246 Nam
991 4187 1074 4258 illud,
1097 4187 1190 4244 multa
1212 4187 1262 4243 be·
1353 4238 1355 4242 .

183 4277 255 4333 stias
278 4276 384 4334 facere.
408 4277 481 4332 duee
504 4295 558 4333 sua
580 4294 726 4350 quemque
749 4284 864 4345 natura,
888 4292 944 4330 non
969 4273 1087 4348 plenum
1112 4282 1170 4342 est;
1193 4271 1261 4329 addi

183 4361 260 4418 enim
279 4363 375 4433 debet,
399 4362 499 4436 qualia
515 4360 635 4420 faciant.
671 4359 731 4419 Sed
747 4359 811 4428 hoc,
835 4359 913 4435 quod
931 4359 1068 4417 universe
1085 4357 1143 4415 dici
1161 4356 1262 4414 debuit

183 4448 230 4524 (ea
252 4449 349 4522 quibas
371 4457 518 4522 appareat,
546 4448 625 4505 aliud
646 4447 779 4521 quiddam
800 4448 833 4501 ic's
850 4447 1021 4521 propositum
1043 4461 1114 4513 aare,
1143 4461 1194 4499 non
1217 4461 1261 4498 vo·
