<?xml version="1.0" encoding="UTF-8"?>
<!DOCTYPE html PUBLIC "-//W3C//DTD XHTML 1.0 Transitional//EN"
    "http://www.w3.org/TR/xhtml1/DTD/xhtml1-transitional.dtd">
<html xmlns="http://www.w3.org/1999/xhtml" xml:lang="en" lang="en">
 <head>
  <title>
</title>
<meta http-equiv="Content-Type" content="text/html;charset=utf-8" />
  <meta name='ocr-system' content='tesseract 3.04.00' />
  <meta name='ocr-capabilities' content='ocr_page ocr_carea ocr_par ocr_line ocrx_word'/>
</head>
<body>
  <div class='ocr_page' id='page_1' title='image "./mtulliiciceroni35cicegoog/mtulliiciceroni35cicegoog_0732.png"; bbox 0 0 3030 5086; ppageno 0'>
   <div class='ocr_carea' id='block_1_1' title="bbox 440 468 1257 547">
    <p class='ocr_par' dir='ltr' id='par_1_1' title="bbox 440 468 1257 547">
     <span class='ocr_line' id='line_1_1' title="bbox 440 468 1257 547; baseline 0.004 -18"><span class='ocrx_word' id='word_1_1' title='bbox 440 483 483 529; x_wconf 79' lang='lat' dir='ltr'>ar</span> <span class='ocrx_word' id='word_1_2' title='bbox 507 484 587 529; x_wconf 78' lang='lat' dir='ltr'>nnn.</span> <span class='ocrx_word' id='word_1_3' title='bbox 611 482 673 528; x_wconf 82' lang='lat' dir='ltr'>um.</span> <span class='ocrx_word' id='word_1_4' title='bbox 699 484 719 528; x_wconf 82' lang='lat' dir='ltr'>v</span> <span class='ocrx_word' id='word_1_5' title='bbox 741 482 814 529; x_wconf 78' lang='lat' dir='ltr'>cnr.</span> <span class='ocrx_word' id='word_1_6' title='bbox 837 489 857 532; x_wconf 83' lang='lat' dir='ltr'>r.</span> <span class='ocrx_word' id='word_1_7' title='bbox 873 485 1005 547; x_wconf 78' lang='lat' dir='ltr'>(ro-so.)</span> <span class='ocrx_word' id='word_1_8' title='bbox 1197 468 1257 532; x_wconf 74' lang='lat'>637</span> 
     </span>
    </p>
   </div>
   <div class='ocr_carea' id='block_1_2' title="bbox 184 650 1321 1647">
    <p class='ocr_par' dir='ltr' id='par_1_2' title="bbox 184 650 1321 1647">
     <span class='ocr_line' id='line_1_2' title="bbox 185 650 1259 734; baseline 0.002 -19"><span class='ocrx_word' id='word_1_9' title='bbox 185 651 216 715; x_wconf 88' lang='lat' dir='ltr'>hi</span> <span class='ocrx_word' id='word_1_10' title='bbox 234 650 404 731; x_wconf 83' lang='lat' dir='ltr'>principes:</span> <span class='ocrx_word' id='word_1_11' title='bbox 429 650 598 732; x_wconf 84' lang='lat' dir='ltr'>voluptatis</span> <span class='ocrx_word' id='word_1_12' title='bbox 610 651 799 732; x_wconf 81' lang='lat' dir='ltr'>Aristippus,</span> <span class='ocrx_word' id='word_1_13' title='bbox 821 671 882 716; x_wconf 90' lang='lat' dir='ltr'>non</span> <span class='ocrx_word' id='word_1_14' title='bbox 900 652 1024 717; x_wconf 88' lang='lat' dir='ltr'>dolendi</span> <span class='ocrx_word' id='word_1_15' title='bbox 1041 652 1259 734; x_wconf 83' lang='lat' dir='ltr'>Hieronymus,</span> 
     </span>
     <span class='ocr_line' id='line_1_3' title="bbox 185 752 1259 833; baseline 0.001 -17"><span class='ocrx_word' id='word_1_16' title='bbox 185 753 307 816; x_wconf 84' lang='lat' dir='ltr'>fruendi</span> <span class='ocrx_word' id='word_1_17' title='bbox 330 752 422 816; x_wconf 90' lang='lat' dir='ltr'>rebus</span> <span class='ocrx_word' id='word_1_18' title='bbox 444 752 492 831; x_wconf 85' lang='lat' dir='ltr'>iis,</span> <span class='ocrx_word' id='word_1_19' title='bbox 515 770 593 833; x_wconf 81' lang='lat' dir='ltr'>quas</span> <span class='ocrx_word' id='word_1_20' title='bbox 611 753 728 833; x_wconf 79' lang='lat' dir='ltr'>primas</span> <span class='ocrx_word' id='word_1_21' title='bbox 745 755 916 818; x_wconf 89' lang='lat' dir='ltr'>secundum</span> <span class='ocrx_word' id='word_1_22' title='bbox 933 764 1077 817; x_wconf 87' lang='lat' dir='ltr'>naturam</span> <span class='ocrx_word' id='word_1_23' title='bbox 1094 772 1164 820; x_wconf 86' lang='lat' dir='ltr'>esse</span> <span class='ocrx_word' id='word_1_24' title='bbox 1180 753 1259 818; x_wconf 84' lang='lat' dir='ltr'>dixi-</span> 
     </span>
     <span class='ocr_line' id='line_1_4' title="bbox 185 853 1258 935; baseline 0.003 -18"><span class='ocrx_word' id='word_1_25' title='bbox 185 874 262 929; x_wconf 71' lang='lat' dir='ltr'>mus,</span> <span class='ocrx_word' id='word_1_26' title='bbox 286 853 465 918; x_wconf 84' lang='lat' dir='ltr'>Carneades</span> <span class='ocrx_word' id='word_1_27' title='bbox 489 872 551 917; x_wconf 93' lang='lat' dir='ltr'>non</span> <span class='ocrx_word' id='word_1_28' title='bbox 568 853 619 920; x_wconf 87' lang='lat' dir='ltr'>illc</span> <span class='ocrx_word' id='word_1_29' title='bbox 635 855 760 935; x_wconf 90' lang='lat' dir='ltr'>quidem</span> <span class='ocrx_word' id='word_1_30' title='bbox 777 866 895 933; x_wconf 83' lang='lat' dir='ltr'><strong>auctor,</strong></span> <span class='ocrx_word' id='word_1_31' title='bbox 918 856 974 920; x_wconf 88' lang='lat' dir='ltr'>sed</span> <span class='ocrx_word' id='word_1_32' title='bbox 997 854 1143 920; x_wconf 87' lang='lat' dir='ltr'>defensor</span> <span class='ocrx_word' id='word_1_33' title='bbox 1159 856 1258 920; x_wconf 85' lang='lat' dir='ltr'>disse·</span> 
     </span>
     <span class='ocr_line' id='line_1_5' title="bbox 184 952 1258 1038; baseline 0 -17"><span class='ocrx_word' id='word_1_34' title='bbox 184 957 272 1022; x_wconf 82' lang='lat' dir='ltr'>rendi</span> <span class='ocrx_word' id='word_1_35' title='bbox 294 952 478 1020; x_wconf 77' lang='lat' dir='ltr'>consciuit</span> <span class='ocrx_word' id='word_1_36' title='bbox 512 955 696 1036; x_wconf 78' lang='lat' dir='ltr'>Superiores</span> <span class='ocrx_word' id='word_1_37' title='bbox 719 965 783 1021; x_wconf 88' lang='lat' dir='ltr'>tres</span> <span class='ocrx_word' id='word_1_38' title='bbox 806 965 904 1037; x_wconf 86' lang='lat' dir='ltr'>erant,</span> <span class='ocrx_word' id='word_1_39' title='bbox 927 975 1007 1038; x_wconf 89' lang='lat' dir='ltr'>quae</span> <span class='ocrx_word' id='word_1_40' title='bbox 1029 976 1098 1022; x_wconf 89' lang='lat' dir='ltr'>esse</span> <span class='ocrx_word' id='word_1_41' title='bbox 1114 965 1258 1038; x_wconf 89' lang='lat' dir='ltr'>possent;</span> 
     </span>
     <span class='ocr_line' id='line_1_6' title="bbox 184 1057 1299 1140; baseline 0.004 -17"><span class='ocrx_word' id='word_1_42' title='bbox 184 1077 317 1139; x_wconf 87' lang='lat' dir='ltr'>quarum</span> <span class='ocrx_word' id='word_1_43' title='bbox 340 1067 389 1121; x_wconf 88' lang='lat' dir='ltr'>est</span> <span class='ocrx_word' id='word_1_44' title='bbox 409 1076 473 1121; x_wconf 87' lang='lat' dir='ltr'>una</span> <span class='ocrx_word' id='word_1_45' title='bbox 495 1057 561 1122; x_wconf 89' lang='lat' dir='ltr'>sola</span> <span class='ocrx_word' id='word_1_46' title='bbox 584 1057 713 1122; x_wconf 83' lang='lat' dir='ltr'>defensa</span> <span class='ocrx_word' id='word_1_47' title='bbox 734 1077 833 1140; x_wconf 85' lang='lat' dir='ltr'>eoquo</span> <span class='ocrx_word' id='word_1_48' title='bbox 856 1059 1062 1124; x_wconf 86' lang='lat' dir='ltr'>vehementer.</span> <span class='ocrx_word' id='word_1_49' title='bbox 1107 1059 1187 1123; x_wconf 87' lang='lat' dir='ltr'>Nam</span> <span class='ocrx_word' id='word_1_50' title='bbox 1205 1062 1299 1128; x_wconf 77' lang='lat' dir='ltr'>vob</span> 
     </span>
     <span class='ocr_line' id='line_1_7' title="bbox 184 1158 1260 1241; baseline -0.002 -17"><span class='ocrx_word' id='word_1_51' title='bbox 184 1160 313 1241; x_wconf 75' lang='lat' dir='ltr'>luptatis</span> <span class='ocrx_word' id='word_1_52' title='bbox 330 1177 427 1223; x_wconf 84' lang='lat' dir='ltr'>causo</span> <span class='ocrx_word' id='word_1_53' title='bbox 442 1158 545 1223; x_wconf 89' lang='lat' dir='ltr'>facere</span> <span class='ocrx_word' id='word_1_54' title='bbox 562 1161 673 1237; x_wconf 87' lang='lat' dir='ltr'>omnia,</span> <span class='ocrx_word' id='word_1_55' title='bbox 695 1179 773 1239; x_wconf 86' lang='lat' dir='ltr'>cum,</span> <span class='ocrx_word' id='word_1_56' title='bbox 793 1160 914 1225; x_wconf 87' lang='lat' dir='ltr'>etiamsi</span> <span class='ocrx_word' id='word_1_57' title='bbox 933 1161 1008 1225; x_wconf 91' lang='lat' dir='ltr'>nihil</span> <span class='ocrx_word' id='word_1_58' title='bbox 1025 1178 1260 1241; x_wconf 84' lang='lat' dir='ltr'>consequamur,</span> 
     </span>
     <span class='ocr_line' id='line_1_8' title="bbox 186 1260 1260 1343; baseline -0.001 -17"><span class='ocrx_word' id='word_1_59' title='bbox 186 1271 288 1326; x_wconf 84' lang='lat' dir='ltr'>tamen</span> <span class='ocrx_word' id='word_1_60' title='bbox 317 1261 417 1341; x_wconf 87' lang='lat' dir='ltr'>ipsum</span> <span class='ocrx_word' id='word_1_61' title='bbox 446 1260 521 1324; x_wconf 90' lang='lat' dir='ltr'>illud</span> <span class='ocrx_word' id='word_1_62' title='bbox 544 1260 705 1324; x_wconf 90' lang='lat' dir='ltr'>consilium</span> <span class='ocrx_word' id='word_1_63' title='bbox 733 1262 778 1326; x_wconf 88' lang='lat' dir='ltr'>ita</span> <span class='ocrx_word' id='word_1_64' title='bbox 805 1260 936 1326; x_wconf 83' lang='lat' dir='ltr'>faciendi</span> <span class='ocrx_word' id='word_1_65' title='bbox 965 1280 1024 1343; x_wconf 93' lang='lat' dir='ltr'>per</span> <span class='ocrx_word' id='word_1_66' title='bbox 1051 1281 1085 1326; x_wconf 92' lang='lat' dir='ltr'>se</span> <span class='ocrx_word' id='word_1_67' title='bbox 1113 1271 1260 1343; x_wconf 82' lang='lat' dir='ltr'>expeten-</span> 
     </span>
     <span class='ocr_line' id='line_1_9' title="bbox 186 1361 1260 1441; baseline 0.002 -14"><span class='ocrx_word' id='word_1_68' title='bbox 186 1365 258 1428; x_wconf 75' lang='lat' dir='ltr'>tium</span> <span class='ocrx_word' id='word_1_69' title='bbox 287 1371 318 1427; x_wconf 89' lang='lat' dir='ltr'>et</span> <span class='ocrx_word' id='word_1_70' title='bbox 345 1361 509 1426; x_wconf 90' lang='lat' dir='ltr'>honestum</span> <span class='ocrx_word' id='word_1_71' title='bbox 539 1370 570 1426; x_wconf 89' lang='lat' dir='ltr'>et</span> <span class='ocrx_word' id='word_1_72' title='bbox 596 1362 696 1426; x_wconf 90' lang='lat' dir='ltr'>solum</span> <span class='ocrx_word' id='word_1_73' title='bbox 724 1363 839 1427; x_wconf 91' lang='lat' dir='ltr'>bonum</span> <span class='ocrx_word' id='word_1_74' title='bbox 867 1364 922 1441; x_wconf 88' lang='lat' dir='ltr'>sit,</span> <span class='ocrx_word' id='word_1_75' title='bbox 957 1381 1046 1427; x_wconf 88' lang='lat' dir='ltr'>nemo</span> <span class='ocrx_word' id='word_1_76' title='bbox 1076 1364 1162 1427; x_wconf 88' lang='lat' dir='ltr'>dixit.</span> <span class='ocrx_word' id='word_1_77' title='bbox 1212 1364 1260 1429; x_wconf 90' lang='lat' dir='ltr'>Ne</span> 
     </span>
     <span class='ocr_line' id='line_1_10' title="bbox 185 1462 1260 1546; baseline 0.002 -19"><span class='ocrx_word' id='word_1_78' title='bbox 185 1465 363 1529; x_wconf 86' lang='lat' dir='ltr'>vitationem</span> <span class='ocrx_word' id='word_1_79' title='bbox 386 1462 509 1543; x_wconf 89' lang='lat' dir='ltr'>quidem</span> <span class='ocrx_word' id='word_1_80' title='bbox 532 1464 650 1528; x_wconf 89' lang='lat' dir='ltr'>doloris</span> <span class='ocrx_word' id='word_1_81' title='bbox 673 1465 771 1545; x_wconf 88' lang='lat' dir='ltr'>ipsam</span> <span class='ocrx_word' id='word_1_82' title='bbox 795 1484 853 1546; x_wconf 91' lang='lat' dir='ltr'>per</span> <span class='ocrx_word' id='word_1_83' title='bbox 875 1482 910 1529; x_wconf 88' lang='lat' dir='ltr'>se</span> <span class='ocrx_word' id='word_1_84' title='bbox 931 1465 1096 1546; x_wconf 88' lang='lat' dir='ltr'>quisquam</span> <span class='ocrx_word' id='word_1_85' title='bbox 1115 1465 1146 1529; x_wconf 91' lang='lat' dir='ltr'>in</span> <span class='ocrx_word' id='word_1_86' title='bbox 1168 1465 1260 1529; x_wconf 90' lang='lat' dir='ltr'>rebus</span> 
     </span>
     <span class='ocr_line' id='line_1_11' title="bbox 185 1554 1321 1647; baseline 0.005 -17"><span class='ocrx_word' id='word_1_87' title='bbox 185 1567 366 1647; x_wconf 87' lang='lat' dir='ltr'>expetondis</span> <span class='ocrx_word' id='word_1_88' title='bbox 388 1566 524 1644; x_wconf 78' lang='lat' dir='ltr'>putavit,</span> <span class='ocrx_word' id='word_1_89' title='bbox 552 1566 611 1629; x_wconf 87' lang='lat' dir='ltr'>nisi</span> <span class='ocrx_word' id='word_1_90' title='bbox 634 1565 727 1630; x_wconf 84' lang='lat' dir='ltr'>etiarn</span> <span class='ocrx_word' id='word_1_91' title='bbox 750 1554 869 1631; x_wconf 79' lang='lat' dir='ltr'>euitare</span> <span class='ocrx_word' id='word_1_92' title='bbox 891 1578 1008 1647; x_wconf 89' lang='lat' dir='ltr'>posset.</span> <span class='ocrx_word' id='word_1_93' title='bbox 1053 1569 1095 1630; x_wconf 87' lang='lat' dir='ltr'>At</span> <span class='ocrx_word' id='word_1_94' title='bbox 1117 1585 1190 1631; x_wconf 85' lang='lat' dir='ltr'>vero</span> <span class='ocrx_word' id='word_1_95' title='bbox 1213 1565 1321 1638; x_wconf 68' lang='lat' dir='ltr'>fir-10</span> 
     </span>
    </p>
   </div>
   <div class='ocr_carea' id='block_1_3' title="bbox 182 1753 1260 1952">
    <p class='ocr_par' dir='ltr' id='par_1_3' title="bbox 182 1753 1260 1952">
     <span class='ocr_line' id='line_1_12' title="bbox 253 1753 1260 1817; baseline 0.003 -18"><span class='ocrx_word' id='word_1_96' title='bbox 253 1757 275 1803; x_wconf 76' lang='grc'>6,</span> <span class='ocrx_word' id='word_1_97' title='bbox 295 1761 341 1800; x_wconf 81' lang='lat' dir='ltr'>tum</span> <span class='ocrx_word' id='word_1_98' title='bbox 360 1755 416 1816; x_wconf 86' lang='lat' dir='ltr'>(pro</span> <span class='ocrx_word' id='word_1_99' title='bbox 434 1753 536 1815; x_wconf 82' lang='lat' dir='ltr'>cum)L</span> <span class='ocrx_word' id='word_1_100' title='bbox 571 1753 783 1815; x_wconf 53' lang='lat' dir='ltr'>consequammi»</span> <span class='ocrx_word' id='word_1_101' title='bbox 830 1757 852 1802; x_wconf 89' lang='grc'>7,</span> <span class='ocrx_word' id='word_1_102' title='bbox 871 1761 917 1801; x_wconf 74' lang='lat' dir='ltr'>inin</span> <span class='ocrx_word' id='word_1_103' title='bbox 937 1753 1011 1817; x_wconf 76' lang='grc' dir='ltr'>ι’ρειιηι</span> <span class='ocrx_word' id='word_1_104' title='bbox 1031 1754 1075 1802; x_wconf 79' lang='lat' dir='ltr'>Lu</span> <span class='ocrx_word' id='word_1_105' title='bbox 1120 1761 1142 1803; x_wconf 71' lang='lat' dir='ltr'>ti.</span> <span class='ocrx_word' id='word_1_106' title='bbox 1161 1762 1183 1802; x_wconf 76' lang='lat' dir='ltr'>et</span> <span class='ocrx_word' id='word_1_107' title='bbox 1202 1760 1260 1802; x_wconf 82' lang='lat' dir='ltr'>ante</span> 
     </span>
     <span class='ocr_line' id='line_1_13' title="bbox 182 1820 1259 1886; baseline 0.002 -18"><span class='ocrx_word' id='word_1_108' title='bbox 182 1822 365 1870; x_wconf 65' lang='lat' dir='ltr'>salaminii</span> <span class='ocrx_word' id='word_1_109' title='bbox 400 1820 455 1868; x_wconf 74' lang='lat' dir='ltr'>dicti</span> <span class='ocrx_word' id='word_1_110' title='bbox 475 1820 607 1870; x_wconf 76' lang='lat' dir='ltr'>Ll&#39;cnor.</span> <span class='ocrx_word' id='word_1_111' title='bbox 647 1825 684 1871; x_wconf 89' lang='lat'>10.</span> <span class='ocrx_word' id='word_1_112' title='bbox 702 1821 827 1884; x_wconf 71' lang='lat' dir='ltr'>putanti]</span> <span class='ocrx_word' id='word_1_113' title='bbox 863 1838 891 1869; x_wconf 77' lang='lat' dir='ltr'>ne</span> <span class='ocrx_word' id='word_1_114' title='bbox 908 1821 933 1871; x_wconf 76' lang='grc' dir='ltr'>εἰ</span> <span class='ocrx_word' id='word_1_115' title='bbox 950 1825 1006 1885; x_wconf 87' lang='lat' dir='ltr'>(pro</span> <span class='ocrx_word' id='word_1_116' title='bbox 1024 1821 1080 1886; x_wconf 70' lang='lat' dir='ltr'>nbi)</span> <span class='ocrx_word' id='word_1_117' title='bbox 1099 1836 1194 1881; x_wconf 62' lang='lat' dir='ltr'>omnem</span> <span class='ocrx_word' id='word_1_118' title='bbox 1215 1821 1259 1870; x_wconf 83' lang='lat' dir='ltr'>Or.</span> 
     </span>
     <span class='ocr_line' id='line_1_14' title="bbox 185 1889 571 1952; baseline -0.003 -15"><span class='ocrx_word' id='word_1_119' title='bbox 185 1905 240 1937; x_wconf 85' lang='lat' dir='ltr'>oum</span> <span class='ocrx_word' id='word_1_120' title='bbox 261 1899 320 1938; x_wconf 83' lang='lat' dir='ltr'>nota</span> <span class='ocrx_word' id='word_1_121' title='bbox 339 1889 422 1937; x_wconf 77' lang='lat' dir='ltr'>mendi</span> <span class='ocrx_word' id='word_1_122' title='bbox 457 1890 533 1952; x_wconf 78' lang='lat' dir='ltr'>possit</span> <span class='ocrx_word' id='word_1_123' title='bbox 551 1890 571 1936; x_wconf 80' lang='lat' dir='ltr'>L</span> 
     </span>
    </p>
   </div>
   <div class='ocr_carea' id='block_1_4' title="bbox 184 2046 1261 2549">
    <p class='ocr_par' dir='ltr' id='par_1_4' title="bbox 184 2046 1261 2549">
     <span class='ocr_line' id='line_1_15' title="bbox 272 2046 1260 2120; baseline 0.001 -19"><span class='ocrx_word' id='word_1_124' title='bbox 272 2046 343 2101; x_wconf 68' lang='lat' dir='ltr'>Noun</span> <span class='ocrx_word' id='word_1_125' title='bbox 368 2047 510 2118; x_wconf 75' lang='lat' dir='ltr'>noiicptatis</span> <span class='ocrx_word' id='word_1_126' title='bbox 538 2065 621 2101; x_wconf 78' lang='lat' dir='ltr'>cortou</span> <span class='ocrx_word' id='word_1_127' title='bbox 638 2048 734 2118; x_wconf 76' lang='lat' dir='ltr'>socero</span> <span class='ocrx_word' id='word_1_128' title='bbox 761 2048 848 2100; x_wconf 74' lang='lat' dir='ltr'>omitia</span> <span class='ocrx_word' id='word_1_129' title='bbox 871 2046 941 2120; x_wconf 87' lang='lat' dir='ltr'>cet.)</span> <span class='ocrx_word' id='word_1_130' title='bbox 965 2046 1014 2104; x_wconf 88' lang='lat' dir='ltr'>Sic</span> <span class='ocrx_word' id='word_1_131' title='bbox 1038 2047 1198 2103; x_wconf 88' lang='lat' dir='ltr'>orationem</span> <span class='ocrx_word' id='word_1_132' title='bbox 1222 2047 1260 2102; x_wconf 88' lang='lat' dir='ltr'>ab</span> 
     </span>
     <span class='ocr_line' id='line_1_16' title="bbox 184 2130 1259 2206; baseline -0.001 -17"><span class='ocrx_word' id='word_1_133' title='bbox 184 2132 329 2189; x_wconf 82' lang='lat' dir='ltr'>infinitivo</span> <span class='ocrx_word' id='word_1_134' title='bbox 342 2148 425 2187; x_wconf 86' lang='lat' dir='ltr'>orsus</span> <span class='ocrx_word' id='word_1_135' title='bbox 438 2140 490 2200; x_wconf 68' lang='lat' dir='ltr'>est,</span> <span class='ocrx_word' id='word_1_136' title='bbox 504 2130 588 2203; x_wconf 88' lang='lat' dir='ltr'>quasi</span> <span class='ocrx_word' id='word_1_137' title='bbox 601 2130 785 2186; x_wconf 84' lang='lat' dir='ltr'>subiecturus</span> <span class='ocrx_word' id='word_1_138' title='bbox 797 2139 889 2186; x_wconf 87' lang='lat' dir='ltr'>osset:</span> <span class='ocrx_word' id='word_1_139' title='bbox 901 2151 975 2187; x_wconf 80' lang='lat' dir='ltr'>nemo</span> <span class='ocrx_word' id='word_1_140' title='bbox 986 2133 1160 2206; x_wconf 61' lang='lat' dir='ltr'>expetendum</span> <span class='ocrx_word' id='word_1_141' title='bbox 1168 2141 1259 2206; x_wconf 73' lang='lat' dir='ltr'>pintae,</span> 
     </span>
     <span class='ocr_line' id='line_1_17' title="bbox 184 2215 1260 2290; baseline 0 -18"><span class='ocrx_word' id='word_1_142' title='bbox 184 2237 257 2273; x_wconf 72' lang='lat' dir='ltr'>rreroo</span> <span class='ocrx_word' id='word_1_143' title='bbox 278 2237 408 2272; x_wconf 74' lang='lat' dir='ltr'>sititianum</span> <span class='ocrx_word' id='word_1_144' title='bbox 431 2216 525 2271; x_wconf 76' lang='lat' dir='ltr'>hortano</span> <span class='ocrx_word' id='word_1_145' title='bbox 548 2216 612 2272; x_wconf 72' lang='lat' dir='ltr'>dim</span> <span class='ocrx_word' id='word_1_146' title='bbox 634 2224 685 2271; x_wconf 83' lang='lat' dir='ltr'>aut</span> <span class='ocrx_word' id='word_1_147' title='bbox 707 2215 802 2271; x_wconf 87' lang='lat' dir='ltr'>simile</span> <span class='ocrx_word' id='word_1_148' title='bbox 822 2215 907 2289; x_wconf 87' lang='lat' dir='ltr'>quid;</span> <span class='ocrx_word' id='word_1_149' title='bbox 932 2215 1045 2285; x_wconf 80' lang='lat' dir='ltr'>deinde,</span> <span class='ocrx_word' id='word_1_150' title='bbox 1070 2216 1147 2290; x_wconf 91' lang='lat' dir='ltr'>quod</span> <span class='ocrx_word' id='word_1_151' title='bbox 1171 2215 1260 2272; x_wconf 90' lang='lat' dir='ltr'>inter·</span> 
     </span>
     <span class='ocr_line' id='line_1_18' title="bbox 185 2300 1259 2377; baseline 0.001 -19"><span class='ocrx_word' id='word_1_152' title='bbox 185 2312 321 2377; x_wconf 87' lang='lat' dir='ltr'>posucrat</span> <span class='ocrx_word' id='word_1_153' title='bbox 345 2302 409 2357; x_wconf 90' lang='lat' dir='ltr'>illa:</span> <span class='ocrx_word' id='word_1_154' title='bbox 432 2319 492 2356; x_wconf 83' lang='lat' dir='ltr'>corn</span> <span class='ocrx_word' id='word_1_155' title='bbox 504 2333 544 2342; x_wconf 92' lang='lat'>—</span> <span class='ocrx_word' id='word_1_156' title='bbox 561 2303 646 2356; x_wconf 76' lang='lat' dir='ltr'>solnm</span> <span class='ocrx_word' id='word_1_157' title='bbox 664 2302 759 2357; x_wconf 83' lang='lat' dir='ltr'>bonum</span> <span class='ocrx_word' id='word_1_158' title='bbox 775 2305 819 2369; x_wconf 81' lang='lat' dir='ltr'>ait,</span> <span class='ocrx_word' id='word_1_159' title='bbox 843 2300 952 2358; x_wconf 85' lang='lat' dir='ltr'>oblitus</span> <span class='ocrx_word' id='word_1_160' title='bbox 969 2300 1046 2357; x_wconf 88' lang='lat' dir='ltr'>initii</span> <span class='ocrx_word' id='word_1_161' title='bbox 1064 2301 1162 2376; x_wconf 87' lang='lat' dir='ltr'>posuit</span> <span class='ocrx_word' id='word_1_162' title='bbox 1179 2303 1259 2359; x_wconf 74' lang='lat' dir='ltr'>dicit.</span> 
     </span>
     <span class='ocr_line' id='line_1_19' title="bbox 184 2382 1261 2464; baseline -0.001 -20"><span class='ocrx_word' id='word_1_163' title='bbox 184 2389 288 2460; x_wconf 82' lang='lat' dir='ltr'>Itaque</span> <span class='ocrx_word' id='word_1_164' title='bbox 313 2387 471 2443; x_wconf 84' lang='lat' dir='ltr'>Lambinus</span> <span class='ocrx_word' id='word_1_165' title='bbox 494 2385 613 2461; x_wconf 84' lang='lat' dir='ltr'>scripsit</span> <span class='ocrx_word' id='word_1_166' title='bbox 627 2388 759 2459; x_wconf 79' lang='lat' dir='ltr'>sacr&#39;enda</span> <span class='ocrx_word' id='word_1_167' title='bbox 782 2405 846 2442; x_wconf 79' lang='lat' dir='ltr'>ease.</span> <span class='ocrx_word' id='word_1_168' title='bbox 880 2382 1004 2464; x_wconf 85' lang='lat' dir='ltr'>[Lenius</span> <span class='ocrx_word' id='word_1_169' title='bbox 1022 2398 1099 2444; x_wconf 83' lang='lat' dir='ltr'>erat:</span> <span class='ocrx_word' id='word_1_170' title='bbox 1121 2406 1149 2443; x_wconf 81' lang='lat' dir='ltr'>se</span> <span class='ocrx_word' id='word_1_171' title='bbox 1164 2389 1261 2458; x_wconf 68' lang='lat' dir='ltr'>fiscone</span> 
     </span>
     <span class='ocr_line' id='line_1_20' title="bbox 184 2466 1261 2549; baseline 0 -22"><span class='ocrx_word' id='word_1_172' title='bbox 184 2477 279 2535; x_wconf 75' lang='lat' dir='ltr'>omma,</span> <span class='ocrx_word' id='word_1_173' title='bbox 303 2483 329 2527; x_wconf 88' lang='lat' dir='ltr'>et</span> <span class='ocrx_word' id='word_1_174' title='bbox 350 2471 475 2528; x_wconf 84' lang='lat' dir='ltr'>fortasse</span> <span class='ocrx_word' id='word_1_175' title='bbox 493 2471 534 2526; x_wconf 89' lang='lat' dir='ltr'>sic</span> <span class='ocrx_word' id='word_1_176' title='bbox 548 2472 652 2529; x_wconf 79' lang='lat' dir='ltr'>Cicero</span> <span class='ocrx_word' id='word_1_177' title='bbox 670 2466 814 2549; x_wconf 74' lang='lat' dir='ltr'>scripsit]</span> <span class='ocrx_word' id='word_1_178' title='bbox 847 2471 881 2527; x_wconf 90' lang='lat' dir='ltr'>In</span> <span class='ocrx_word' id='word_1_179' title='bbox 901 2471 1045 2547; x_wconf 85' lang='lat' dir='ltr'>particula</span> <span class='ocrx_word' id='word_1_180' title='bbox 1062 2491 1130 2542; x_wconf 75' lang='lat' dir='ltr'>citor,</span> <span class='ocrx_word' id='word_1_181' title='bbox 1155 2472 1183 2527; x_wconf 89' lang='lat' dir='ltr'>in</span> <span class='ocrx_word' id='word_1_182' title='bbox 1203 2490 1261 2545; x_wconf 85' lang='lat' dir='ltr'>que</span> 
     </span>
    </p>
   </div>
   <div class='ocr_carea' id='block_1_5' title="bbox 142 2556 1362 4502">
    <p class='ocr_par' dir='ltr' id='par_1_5' title="bbox 151 2556 1261 3228">
     <span class='ocr_line' id='line_1_21' title="bbox 184 2556 1261 2633; baseline 0 -20"><span class='ocrx_word' id='word_1_183' title='bbox 184 2559 239 2614; x_wconf 84' lang='lat' dir='ltr'>Th.</span> <span class='ocrx_word' id='word_1_184' title='bbox 253 2557 405 2613; x_wconf 87' lang='lat' dir='ltr'>Bentleins</span> <span class='ocrx_word' id='word_1_185' title='bbox 424 2568 453 2612; x_wconf 87' lang='lat' dir='ltr'>et</span> <span class='ocrx_word' id='word_1_186' title='bbox 472 2557 546 2612; x_wconf 86' lang='lat' dir='ltr'>Dav.</span> <span class='ocrx_word' id='word_1_187' title='bbox 566 2557 732 2623; x_wconf 78' lang='lat' dir='ltr'>haeserunt,</span> <span class='ocrx_word' id='word_1_188' title='bbox 757 2556 849 2614; x_wconf 86' lang='lat' dir='ltr'>Gzius</span> <span class='ocrx_word' id='word_1_189' title='bbox 872 2558 991 2625; x_wconf 74' lang='lat' dir='ltr'>erravit,</span> <span class='ocrx_word' id='word_1_190' title='bbox 1016 2556 1057 2612; x_wconf 87' lang='lat' dir='ltr'>ita</span> <span class='ocrx_word' id='word_1_191' title='bbox 1079 2557 1261 2633; x_wconf 85' lang='lat' dir='ltr'>significatur</span> 
     </span>
     <span class='ocr_line' id='line_1_22' title="bbox 184 2641 1261 2716; baseline 0 -18"><span class='ocrx_word' id='word_1_192' title='bbox 184 2662 273 2698; x_wconf 79' lang='lat' dir='ltr'>carisa</span> <span class='ocrx_word' id='word_1_193' title='bbox 301 2643 398 2698; x_wconf 82' lang='lat' dir='ltr'>oirrnia</span> <span class='ocrx_word' id='word_1_194' title='bbox 427 2653 546 2715; x_wconf 85' lang='lat' dir='ltr'>propter</span> <span class='ocrx_word' id='word_1_195' title='bbox 570 2642 750 2716; x_wconf 81' lang='lat' dir='ltr'>voluptatem</span> <span class='ocrx_word' id='word_1_196' title='bbox 780 2642 922 2709; x_wconf 73' lang='lat' dir='ltr'>faciendi,</span> <span class='ocrx_word' id='word_1_197' title='bbox 952 2651 983 2698; x_wconf 89' lang='lat' dir='ltr'>ut</span> <span class='ocrx_word' id='word_1_198' title='bbox 1011 2641 1098 2699; x_wconf 87' lang='lat' dir='ltr'>simul</span> <span class='ocrx_word' id='word_1_199' title='bbox 1126 2643 1155 2699; x_wconf 90' lang='lat' dir='ltr'>in</span> <span class='ocrx_word' id='word_1_200' title='bbox 1185 2642 1261 2698; x_wconf 87' lang='lat' dir='ltr'>banc</span> 
     </span>
     <span class='ocr_line' id='line_1_23' title="bbox 151 2727 1261 2803; baseline 0.001 -20"><span class='ocrx_word' id='word_1_201' title='bbox 151 2750 157 2755; x_wconf 92' lang='lat'><em>·</em></span> <span class='ocrx_word' id='word_1_202' title='bbox 184 2727 386 2783; x_wconf 87' lang='lat' dir='ltr'>secundariam</span> <span class='ocrx_word' id='word_1_203' title='bbox 405 2727 579 2783; x_wconf 81' lang='lat' dir='ltr'>sententiani</span> <span class='ocrx_word' id='word_1_204' title='bbox 598 2727 765 2783; x_wconf 84' lang='lat' dir='ltr'>includatur</span> <span class='ocrx_word' id='word_1_205' title='bbox 782 2727 819 2793; x_wconf 78' lang='lat' dir='ltr'>id,</span> <span class='ocrx_word' id='word_1_206' title='bbox 844 2728 921 2800; x_wconf 88' lang='lat' dir='ltr'>quod</span> <span class='ocrx_word' id='word_1_207' title='bbox 946 2727 1063 2803; x_wconf 86' lang='lat' dir='ltr'>proprie</span> <span class='ocrx_word' id='word_1_208' title='bbox 1081 2745 1146 2783; x_wconf 90' lang='lat' dir='ltr'>cum</span> <span class='ocrx_word' id='word_1_209' title='bbox 1164 2727 1261 2784; x_wconf 82' lang='lat' dir='ltr'>infini-</span> 
     </span>
     <span class='ocr_line' id='line_1_24' title="bbox 184 2808 1259 2890; baseline 0 -22"><span class='ocrx_word' id='word_1_210' title='bbox 184 2814 245 2868; x_wconf 86' lang='lat' dir='ltr'>tivo</span> <span class='ocrx_word' id='word_1_211' title='bbox 269 2813 405 2886; x_wconf 82' lang='lat' dir='ltr'>coniungi</span> <span class='ocrx_word' id='word_1_212' title='bbox 424 2812 563 2867; x_wconf 76' lang='lat' dir='ltr'>debebat:</span> <span class='ocrx_word' id='word_1_213' title='bbox 587 2816 692 2868; x_wconf 77' lang='lat' dir='ltr'>etianmi</span> <span class='ocrx_word' id='word_1_214' title='bbox 712 2813 779 2868; x_wconf 79' lang='lat' dir='ltr'>nihil</span> <span class='ocrx_word' id='word_1_215' title='bbox 800 2831 1003 2886; x_wconf 80' lang='lat' dir='ltr'>consequamur.</span> <span class='ocrx_word' id='word_1_216' title='bbox 1038 2808 1139 2890; x_wconf 86' lang='lat' dir='ltr'>[Quod</span> <span class='ocrx_word' id='word_1_217' title='bbox 1163 2823 1205 2867; x_wconf 84' lang='lat' dir='ltr'>cst</span> <span class='ocrx_word' id='word_1_218' title='bbox 1230 2813 1259 2868; x_wconf 88' lang='lat' dir='ltr'>in</span> 
     </span>
     <span class='ocr_line' id='line_1_25' title="bbox 186 2896 1260 2972; baseline -0.001 -19"><span class='ocrx_word' id='word_1_219' title='bbox 186 2898 245 2954; x_wconf 85' lang='lat' dir='ltr'>Erl.</span> <span class='ocrx_word' id='word_1_220' title='bbox 269 2905 297 2952; x_wconf 85' lang='lat' dir='ltr'>ct</span> <span class='ocrx_word' id='word_1_221' title='bbox 315 2898 349 2965; x_wconf 77' lang='grc' dir='ltr'>Β,</span> <span class='ocrx_word' id='word_1_222' title='bbox 374 2899 442 2952; x_wconf 73' lang='lat' dir='ltr'>dicit</span> <span class='ocrx_word' id='word_1_223' title='bbox 464 2896 633 2953; x_wconf 86' lang='lat' dir='ltr'>coniectura</span> <span class='ocrx_word' id='word_1_224' title='bbox 655 2908 845 2971; x_wconf 81' lang='lat' dir='ltr'>praeceperat</span> <span class='ocrx_word' id='word_1_225' title='bbox 868 2897 1036 2957; x_wconf 75' lang='lat' dir='ltr'>Lambinus.</span> <span class='ocrx_word' id='word_1_226' title='bbox 1059 2907 1089 2953; x_wconf 84' lang='lat' dir='ltr'>ct</span> <span class='ocrx_word' id='word_1_227' title='bbox 1112 2896 1260 2972; x_wconf 88' lang='lat' dir='ltr'>praecedit</span> 
     </span>
     <span class='ocr_line' id='line_1_26' title="bbox 185 2981 1261 3057; baseline -0.001 -21"><span class='ocrx_word' id='word_1_228' title='bbox 185 2993 222 3038; x_wconf 62' lang='lat' dir='ltr'>est</span> <span class='ocrx_word' id='word_1_229' title='bbox 235 2985 355 3054; x_wconf 55' lang='lat' dir='ltr'>iterasse,</span> <span class='ocrx_word' id='word_1_230' title='bbox 374 2983 630 3054; x_wconf 81' lang='lat' dir='ltr'>sequiturpntonit.</span> <span class='ocrx_word' id='word_1_231' title='bbox 666 2982 842 3057; x_wconf 83' lang='lat' dir='ltr'>Repugnant</span> <span class='ocrx_word' id='word_1_232' title='bbox 860 2981 924 3038; x_wconf 89' lang='lat' dir='ltr'>illa:</span> <span class='ocrx_word' id='word_1_233' title='bbox 942 3002 1001 3039; x_wconf 81' lang='lat' dir='ltr'>curn</span> <span class='ocrx_word' id='word_1_234' title='bbox 1016 3016 1050 3023; x_wconf 89' lang='lat'>—</span> <span class='ocrx_word' id='word_1_235' title='bbox 1066 3001 1261 3055; x_wconf 75' lang='lat' dir='ltr'>consequamur</span> 
     </span>
     <span class='ocr_line' id='line_1_27' title="bbox 186 3066 1259 3140; baseline 0 -18"><span class='ocrx_word' id='word_1_236' title='bbox 186 3101 224 3108; x_wconf 90' lang='lat'>-</span> <span class='ocrx_word' id='word_1_237' title='bbox 248 3071 295 3133; x_wconf 59' lang='lat' dir='ltr'>aim</span> <span class='ocrx_word' id='word_1_238' title='bbox 325 3067 375 3121; x_wconf 91' lang='lat' dir='ltr'>sed</span> <span class='ocrx_word' id='word_1_239' title='bbox 399 3068 473 3121; x_wconf 85' lang='lat' dir='ltr'>banc</span> <span class='ocrx_word' id='word_1_240' title='bbox 497 3077 659 3140; x_wconf 87' lang='lat' dir='ltr'>temporum</span> <span class='ocrx_word' id='word_1_241' title='bbox 684 3068 909 3123; x_wconf 86' lang='lat' dir='ltr'>inconstantiam</span> <span class='ocrx_word' id='word_1_242' title='bbox 933 3066 1019 3123; x_wconf 83' lang='lat' dir='ltr'>facile</span> <span class='ocrx_word' id='word_1_243' title='bbox 1042 3067 1178 3135; x_wconf 79' lang='lat' dir='ltr'>ferirnus3</span> <span class='ocrx_word' id='word_1_244' title='bbox 1207 3066 1259 3122; x_wconf 89' lang='lat' dir='ltr'>cfr.</span> 
     </span>
     <span class='ocr_line' id='line_1_28' title="bbox 185 3148 884 3228; baseline 0.003 -21"><span class='ocrx_word' id='word_1_245' title='bbox 185 3153 220 3207; x_wconf 82' lang='lat' dir='ltr'>ad</span> <span class='ocrx_word' id='word_1_246' title='bbox 244 3154 268 3218; x_wconf 81' lang='grc' dir='ltr'>Ι,</span> <span class='ocrx_word' id='word_1_247' title='bbox 295 3152 349 3217; x_wconf 85' lang='grc'>63;</span> <span class='ocrx_word' id='word_1_248' title='bbox 373 3152 472 3225; x_wconf 86' lang='lat' dir='ltr'>itaque</span> <span class='ocrx_word' id='word_1_249' title='bbox 496 3161 563 3225; x_wconf 85' lang='lat' dir='ltr'>post</span> <span class='ocrx_word' id='word_1_250' title='bbox 586 3151 736 3208; x_wconf 84' lang='lat' dir='ltr'>Baitcrum</span> <span class='ocrx_word' id='word_1_251' title='bbox 760 3148 884 3228; x_wconf 72' lang='lat' dir='ltr'>recepi]</span> 
     </span>
    </p>

    <p class='ocr_par' dir='ltr' id='par_1_6' title="bbox 142 3236 1362 4502">
     <span class='ocr_line' id='line_1_29' title="bbox 270 3236 1257 3310; baseline -0.002 -17"><span class='ocrx_word' id='word_1_252' title='bbox 270 3243 322 3294; x_wconf 78' lang='lat' dir='ltr'>nisi</span> <span class='ocrx_word' id='word_1_253' title='bbox 337 3240 414 3292; x_wconf 78' lang='lat' dir='ltr'>etima</span> <span class='ocrx_word' id='word_1_254' title='bbox 432 3240 530 3293; x_wconf 70' lang='lat' dir='ltr'>emtore</span> <span class='ocrx_word' id='word_1_255' title='bbox 543 3237 647 3310; x_wconf 79' lang='lat' dir='ltr'>posset)</span> <span class='ocrx_word' id='word_1_256' title='bbox 661 3237 695 3292; x_wconf 92' lang='lat' dir='ltr'>ln</span> <span class='ocrx_word' id='word_1_257' title='bbox 713 3236 806 3292; x_wconf 85' lang='lat' dir='ltr'>altera</span> <span class='ocrx_word' id='word_1_258' title='bbox 823 3237 969 3294; x_wconf 86' lang='lat' dir='ltr'>sententia</span> <span class='ocrx_word' id='word_1_259' title='bbox 985 3255 1131 3293; x_wconf 86' lang='lat' dir='ltr'>summum</span> <span class='ocrx_word' id='word_1_260' title='bbox 1150 3238 1257 3293; x_wconf 89' lang='lat' dir='ltr'>bonum</span> 
     </span>
     <span class='ocr_line' id='line_1_30' title="bbox 186 3323 1258 3396; baseline -0.001 -18"><span class='ocrx_word' id='word_1_261' title='bbox 186 3323 349 3395; x_wconf 86' lang='lat' dir='ltr'>ponebatur</span> <span class='ocrx_word' id='word_1_262' title='bbox 364 3325 459 3394; x_wconf 80' lang='lat' dir='ltr'>J&#39;ooere</span> <span class='ocrx_word' id='word_1_263' title='bbox 480 3326 567 3377; x_wconf 72' lang='lat' dir='ltr'>onznia</span> <span class='ocrx_word' id='word_1_264' title='bbox 591 3343 640 3377; x_wconf 84' lang='lat' dir='ltr'>non</span> <span class='ocrx_word' id='word_1_265' title='bbox 664 3323 773 3378; x_wconf 80' lang='lat' dir='ltr'>dolendi</span> <span class='ocrx_word' id='word_1_266' title='bbox 793 3342 886 3391; x_wconf 83' lang='lat' dir='ltr'>consa,</span> <span class='ocrx_word' id='word_1_267' title='bbox 909 3324 1014 3379; x_wconf 80' lang='lat' dir='ltr'>etiamsi</span> <span class='ocrx_word' id='word_1_268' title='bbox 1033 3323 1064 3379; x_wconf 78' lang='lat' dir='ltr'>id</span> <span class='ocrx_word' id='word_1_269' title='bbox 1084 3325 1194 3396; x_wconf 80' lang='lat' dir='ltr'>assequi</span> <span class='ocrx_word' id='word_1_270' title='bbox 1214 3342 1258 3377; x_wconf 81' lang='lat' dir='ltr'>nc·</span> 
     </span>
     <span class='ocr_line' id='line_1_31' title="bbox 184 3407 1258 3479; baseline 0.007 -23"><span class='ocrx_word' id='word_1_271' title='bbox 184 3427 283 3479; x_wconf 73' lang='lat' dir='ltr'>quens,</span> <span class='ocrx_word' id='word_1_272' title='bbox 313 3407 366 3462; x_wconf 87' lang='lat' dir='ltr'>hoc</span> <span class='ocrx_word' id='word_1_273' title='bbox 389 3417 448 3477; x_wconf 82' lang='lat' dir='ltr'>est,</span> <span class='ocrx_word' id='word_1_274' title='bbox 479 3417 511 3463; x_wconf 89' lang='lat' dir='ltr'>ut</span> <span class='ocrx_word' id='word_1_275' title='bbox 538 3407 604 3463; x_wconf 89' lang='lat' dir='ltr'>aliis</span> <span class='ocrx_word' id='word_1_276' title='bbox 628 3407 725 3463; x_wconf 81' lang='lat' dir='ltr'>serbis</span> <span class='ocrx_word' id='word_1_277' title='bbox 753 3407 830 3463; x_wconf 88' lang='lat' dir='ltr'>idem</span> <span class='ocrx_word' id='word_1_278' title='bbox 859 3408 988 3479; x_wconf 83' lang='lat' dir='ltr'>dicatur,</span> <span class='ocrx_word' id='word_1_279' title='bbox 1019 3409 1134 3464; x_wconf 81' lang='lat' dir='ltr'>dolorem</span> <span class='ocrx_word' id='word_1_280' title='bbox 1164 3412 1258 3477; x_wconf 82' lang='lat' dir='ltr'>vitare,</span> 
     </span>
     <span class='ocr_line' id='line_1_32' title="bbox 183 3492 1259 3569; baseline 0.002 -22"><span class='ocrx_word' id='word_1_281' title='bbox 183 3495 288 3548; x_wconf 73' lang='lat' dir='ltr'>en&#39;nnni</span> <span class='ocrx_word' id='word_1_282' title='bbox 309 3496 406 3547; x_wconf 81' lang='lat' dir='ltr'>evitare</span> <span class='ocrx_word' id='word_1_283' title='bbox 435 3512 484 3547; x_wconf 85' lang='lat' dir='ltr'>non</span> <span class='ocrx_word' id='word_1_284' title='bbox 504 3495 603 3565; x_wconf 78' lang='lat' dir='ltr'>possis.</span> <span class='ocrx_word' id='word_1_285' title='bbox 648 3492 738 3564; x_wconf 86' lang='lat' dir='ltr'>(Nam</span> <span class='ocrx_word' id='word_1_286' title='bbox 761 3496 874 3561; x_wconf 79' lang='lat' dir='ltr'>evitare,</span> <span class='ocrx_word' id='word_1_287' title='bbox 904 3503 933 3548; x_wconf 83' lang='lat' dir='ltr'>ui</span> <span class='ocrx_word' id='word_1_288' title='bbox 957 3495 1083 3567; x_wconf 75' lang='lat' dir='ltr'>effuqere,</span> <span class='ocrx_word' id='word_1_289' title='bbox 1112 3492 1259 3569; x_wconf 83' lang='lat' dir='ltr'>significa·</span> 
     </span>
     <span class='ocr_line' id='line_1_33' title="bbox 184 3576 1258 3653; baseline 0.003 -22"><span class='ocrx_word' id='word_1_290' title='bbox 184 3577 292 3632; x_wconf 88' lang='lat' dir='ltr'>tionem</span> <span class='ocrx_word' id='word_1_291' title='bbox 317 3577 404 3632; x_wconf 84' lang='lat' dir='ltr'>habet</span> <span class='ocrx_word' id='word_1_292' title='bbox 427 3576 557 3645; x_wconf 76' lang='lat' dir='ltr'>effectus,</span> <span class='ocrx_word' id='word_1_293' title='bbox 581 3581 672 3641; x_wconf 66' lang='lat' dir='ltr'>vitare„</span> <span class='ocrx_word' id='word_1_294' title='bbox 696 3577 746 3633; x_wconf 90' lang='lat' dir='ltr'>ubi</span> <span class='ocrx_word' id='word_1_295' title='bbox 769 3596 835 3634; x_wconf 91' lang='lat' dir='ltr'>cum</span> <span class='ocrx_word' id='word_1_296' title='bbox 858 3577 909 3634; x_wconf 90' lang='lat' dir='ltr'>illo</span> <span class='ocrx_word' id='word_1_297' title='bbox 926 3579 1121 3653; x_wconf 70' lang='lat' dir='ltr'>coniungitur,</span> <span class='ocrx_word' id='word_1_298' title='bbox 1145 3587 1258 3635; x_wconf 82' lang='lat' dir='ltr'>tantum</span> 
     </span>
     <span class='ocr_line' id='line_1_34' title="bbox 184 3662 1260 3738; baseline 0.002 -22"><span class='ocrx_word' id='word_1_299' title='bbox 184 3671 319 3729; x_wconf 87' lang='lat' dir='ltr'>conntns;</span> <span class='ocrx_word' id='word_1_300' title='bbox 344 3662 456 3719; x_wconf 82' lang='lat' dir='ltr'>Seneca</span> <span class='ocrx_word' id='word_1_301' title='bbox 479 3663 533 3737; x_wconf 85' lang='lat' dir='ltr'>Ep.</span> <span class='ocrx_word' id='word_1_302' title='bbox 547 3663 596 3732; x_wconf 82' lang='lat'>93,</span> <span class='ocrx_word' id='word_1_303' title='bbox 614 3663 665 3718; x_wconf 80' lang='lat'>12:</span> <span class='ocrx_word' id='word_1_304' title='bbox 693 3662 766 3730; x_wconf 78' lang='lat' dir='ltr'>Quid</span> <span class='ocrx_word' id='word_1_305' title='bbox 787 3673 876 3719; x_wconf 81' lang='lat' dir='ltr'>autem</span> <span class='ocrx_word' id='word_1_306' title='bbox 897 3665 937 3719; x_wconf 83' lang='lat' dir='ltr'>od</span> <span class='ocrx_word' id='word_1_307' title='bbox 957 3683 1013 3720; x_wconf 84' lang='lat' dir='ltr'>rem</span> <span class='ocrx_word' id='word_1_308' title='bbox 1031 3667 1153 3738; x_wconf 73' lang='lat' dir='ltr'>pertinet,</span> <span class='ocrx_word' id='word_1_309' title='bbox 1176 3682 1260 3736; x_wconf 80' lang='lat' dir='ltr'>quam</span> 
     </span>
     <span class='ocr_line' id='line_1_35' title="bbox 184 3747 1362 3823; baseline 0.004 -23"><span class='ocrx_word' id='word_1_310' title='bbox 184 3749 230 3801; x_wconf 83' lang='lat' dir='ltr'>din</span> <span class='ocrx_word' id='word_1_311' title='bbox 255 3751 347 3805; x_wconf 75' lang='lat' dir='ltr'>vites,</span> <span class='ocrx_word' id='word_1_312' title='bbox 372 3750 445 3820; x_wconf 76' lang='lat' dir='ltr'>qriod</span> <span class='ocrx_word' id='word_1_313' title='bbox 467 3751 598 3805; x_wconf 80' lang='lat' dir='ltr'>evitare</span> <span class='ocrx_word' id='word_1_314' title='bbox 620 3768 670 3803; x_wconf 84' lang='lat' dir='ltr'>non</span> <span class='ocrx_word' id='word_1_315' title='bbox 689 3750 811 3823; x_wconf 72' lang='lat' dir='ltr'>possiet)</span> <span class='ocrx_word' id='word_1_316' title='bbox 844 3749 949 3823; x_wconf 87' lang='lat' dir='ltr'>Itaque</span> <span class='ocrx_word' id='word_1_317' title='bbox 972 3747 1021 3823; x_wconf 86' lang='lat' dir='ltr'>qui</span> <span class='ocrx_word' id='word_1_318' title='bbox 1046 3748 1121 3804; x_wconf 85' lang='lat' dir='ltr'>hanc</span> <span class='ocrx_word' id='word_1_319' title='bbox 1142 3756 1259 3805; x_wconf 87' lang='lat' dir='ltr'>senten·</span> <span class='ocrx_word' id='word_1_320' title='bbox 1359 3748 1362 3754; x_wconf 77' lang='grc'>’</span> 
     </span>
     <span class='ocr_line' id='line_1_36' title="bbox 184 3832 1260 3909; baseline 0.004 -22"><span class='ocrx_word' id='word_1_321' title='bbox 184 3832 253 3887; x_wconf 86' lang='lat' dir='ltr'>tiam</span> <span class='ocrx_word' id='word_1_322' title='bbox 280 3850 337 3887; x_wconf 91' lang='lat' dir='ltr'>non</span> <span class='ocrx_word' id='word_1_323' title='bbox 363 3832 466 3905; x_wconf 86' lang='lat' dir='ltr'>probat</span> <span class='ocrx_word' id='word_1_324' title='bbox 489 3842 518 3888; x_wconf 88' lang='lat' dir='ltr'>et</span> <span class='ocrx_word' id='word_1_325' title='bbox 542 3833 606 3906; x_wconf 87' lang='lat' dir='ltr'>plus</span> <span class='ocrx_word' id='word_1_326' title='bbox 629 3833 761 3906; x_wconf 76' lang='lat' dir='ltr'>requirit,</span> <span class='ocrx_word' id='word_1_327' title='bbox 787 3833 811 3889; x_wconf 89' lang='lat' dir='ltr'>is</span> <span class='ocrx_word' id='word_1_328' title='bbox 834 3843 931 3909; x_wconf 83' lang='lat' dir='ltr'>negat,</span> <span class='ocrx_word' id='word_1_329' title='bbox 955 3833 1124 3890; x_wconf 81' lang='lat' dir='ltr'>vitationem</span> <span class='ocrx_word' id='word_1_330' title='bbox 1149 3832 1260 3891; x_wconf 85' lang='lat' dir='ltr'>doloris</span> 
     </span>
     <span class='ocr_line' id='line_1_37' title="bbox 142 3916 1258 3990; baseline 0.004 -20"><span class='ocrx_word' id='word_1_331' title='bbox 142 3935 145 3942; x_wconf 92' lang='lat'>·</span> <span class='ocrx_word' id='word_1_332' title='bbox 185 3916 291 3972; x_wconf 88' lang='lat' dir='ltr'>bonum</span> <span class='ocrx_word' id='word_1_333' title='bbox 316 3935 396 3983; x_wconf 77' lang='lat' dir='ltr'>esse,</span> <span class='ocrx_word' id='word_1_334' title='bbox 420 3918 475 3974; x_wconf 90' lang='lat' dir='ltr'>nisi</span> <span class='ocrx_word' id='word_1_335' title='bbox 499 3917 565 3990; x_wconf 88' lang='lat' dir='ltr'>quis</span> <span class='ocrx_word' id='word_1_336' title='bbox 588 3937 654 3973; x_wconf 91' lang='lat' dir='ltr'>enm</span> <span class='ocrx_word' id='word_1_337' title='bbox 678 3918 766 3974; x_wconf 83' lang='lat' dir='ltr'>etiam</span> <span class='ocrx_word' id='word_1_338' title='bbox 790 3918 895 3987; x_wconf 80' lang='lat' dir='ltr'>evitet,</span> <span class='ocrx_word' id='word_1_339' title='bbox 919 3918 974 3975; x_wconf 89' lang='lat' dir='ltr'>hoc</span> <span class='ocrx_word' id='word_1_340' title='bbox 997 3928 1056 3981; x_wconf 80' lang='lat' dir='ltr'>cst,</span> <span class='ocrx_word' id='word_1_341' title='bbox 1080 3917 1135 3975; x_wconf 87' lang='lat' dir='ltr'>nisi</span> <span class='ocrx_word' id='word_1_342' title='bbox 1159 3920 1258 3975; x_wconf 87' lang='lat' dir='ltr'>vacui·</span> 
     </span>
     <span class='ocr_line' id='line_1_38' title="bbox 183 4001 1259 4077; baseline 0.004 -21"><span class='ocrx_word' id='word_1_343' title='bbox 183 4011 271 4057; x_wconf 85' lang='lat' dir='ltr'>tatem</span> <span class='ocrx_word' id='word_1_344' title='bbox 296 4001 405 4058; x_wconf 86' lang='lat' dir='ltr'>doloris</span> <span class='ocrx_word' id='word_1_345' title='bbox 428 4012 632 4076; x_wconf 88' lang='lat' dir='ltr'>consequatur.</span> <span class='ocrx_word' id='word_1_346' title='bbox 667 4003 761 4077; x_wconf 88' lang='lat' dir='ltr'>Copia</span> <span class='ocrx_word' id='word_1_347' title='bbox 783 4003 927 4076; x_wconf 82' lang='lat' dir='ltr'>quasdam</span> <span class='ocrx_word' id='word_1_348' title='bbox 951 4003 1094 4060; x_wconf 86' lang='lat' dir='ltr'>naturalis</span> <span class='ocrx_word' id='word_1_349' title='bbox 1117 4004 1259 4060; x_wconf 83' lang='lat' dir='ltr'>orationis</span> 
     </span>
     <span class='ocr_line' id='line_1_39' title="bbox 183 4087 1258 4164; baseline 0.004 -23"><span class='ocrx_word' id='word_1_350' title='bbox 183 4087 212 4141; x_wconf 90' lang='lat' dir='ltr'>in</span> <span class='ocrx_word' id='word_1_351' title='bbox 236 4105 270 4141; x_wconf 84' lang='lat' dir='ltr'>eo</span> <span class='ocrx_word' id='word_1_352' title='bbox 294 4097 352 4150; x_wconf 77' lang='lat' dir='ltr'>est,</span> <span class='ocrx_word' id='word_1_353' title='bbox 383 4088 460 4159; x_wconf 84' lang='lat' dir='ltr'>quod</span> <span class='ocrx_word' id='word_1_354' title='bbox 489 4088 589 4144; x_wconf 85' lang='lat' dir='ltr'>addita</span> <span class='ocrx_word' id='word_1_355' title='bbox 611 4087 663 4143; x_wconf 86' lang='lat' dir='ltr'>illa</span> <span class='ocrx_word' id='word_1_356' title='bbox 685 4092 773 4162; x_wconf 80' lang='lat' dir='ltr'>ipsam</span> <span class='ocrx_word' id='word_1_357' title='bbox 791 4107 843 4162; x_wconf 84' lang='lat' dir='ltr'>per</span> <span class='ocrx_word' id='word_1_358' title='bbox 870 4109 898 4145; x_wconf 81' lang='lat' dir='ltr'>oe</span> <span class='ocrx_word' id='word_1_359' title='bbox 927 4088 985 4145; x_wconf 84' lang='lat' dir='ltr'>iam</span> <span class='ocrx_word' id='word_1_360' title='bbox 1013 4089 1258 4164; x_wconf 81' lang='lat' dir='ltr'>significationem</span> 
     </span>
     <span class='ocr_line' id='line_1_40' title="bbox 184 4171 1258 4249; baseline 0.004 -23"><span class='ocrx_word' id='word_1_361' title='bbox 184 4171 292 4226; x_wconf 88' lang='lat' dir='ltr'>habent</span> <span class='ocrx_word' id='word_1_362' title='bbox 320 4173 397 4235; x_wconf 73' lang='lat' dir='ltr'>eius,</span> <span class='ocrx_word' id='word_1_363' title='bbox 432 4173 511 4246; x_wconf 89' lang='lat' dir='ltr'>quod</span> <span class='ocrx_word' id='word_1_364' title='bbox 541 4181 694 4247; x_wconf 83' lang='lat' dir='ltr'>praeterea</span> <span class='ocrx_word' id='word_1_365' title='bbox 721 4173 902 4246; x_wconf 79' lang='lat' dir='ltr'>requiratur,</span> <span class='ocrx_word' id='word_1_366' title='bbox 936 4192 1011 4247; x_wconf 86' lang='lat' dir='ltr'>quae</span> <span class='ocrx_word' id='word_1_367' title='bbox 1039 4173 1177 4249; x_wconf 85' lang='lat' dir='ltr'>expletur</span> <span class='ocrx_word' id='word_1_368' title='bbox 1204 4173 1258 4230; x_wconf 88' lang='lat' dir='ltr'>hac</span> 
     </span>
     <span class='ocr_line' id='line_1_41' title="bbox 183 4256 1258 4336; baseline 0.003 -25"><span class='ocrx_word' id='word_1_369' title='bbox 183 4256 341 4313; x_wconf 85' lang='lat' dir='ltr'>sententia:</span> <span class='ocrx_word' id='word_1_370' title='bbox 365 4261 418 4313; x_wconf 78' lang='lat' dir='ltr'>nisi</span> <span class='ocrx_word' id='word_1_371' title='bbox 438 4262 516 4314; x_wconf 83' lang='lat' dir='ltr'>etiam</span> <span class='ocrx_word' id='word_1_372' title='bbox 539 4266 593 4314; x_wconf 84' lang='lat' dir='ltr'>cet.</span> <span class='ocrx_word' id='word_1_373' title='bbox 638 4256 715 4334; x_wconf 81' lang='lat' dir='ltr'>[Cir.</span> <span class='ocrx_word' id='word_1_374' title='bbox 733 4257 798 4315; x_wconf 86' lang='lat' dir='ltr'>Liv.</span> <span class='ocrx_word' id='word_1_375' title='bbox 816 4258 873 4326; x_wconf 85' lang='lat' dir='ltr'>lx,</span> <span class='ocrx_word' id='word_1_376' title='bbox 887 4260 936 4321; x_wconf 79' lang='lat'>46,</span> <span class='ocrx_word' id='word_1_377' title='bbox 950 4256 993 4336; x_wconf 87' lang='grc'>8.]</span> <span class='ocrx_word' id='word_1_378' title='bbox 1037 4258 1072 4316; x_wconf 90' lang='lat' dir='ltr'>In</span> <span class='ocrx_word' id='word_1_379' title='bbox 1096 4258 1161 4317; x_wconf 86' lang='lat' dir='ltr'>cod.</span> <span class='ocrx_word' id='word_1_380' title='bbox 1179 4259 1258 4315; x_wconf 84' lang='lat' dir='ltr'>arch.</span> 
     </span>
     <span class='ocr_line' id='line_1_42' title="bbox 182 4342 1259 4416; baseline 0.005 -21"><span class='ocrx_word' id='word_1_381' title='bbox 182 4360 235 4414; x_wconf 88' lang='lat' dir='ltr'>pro</span> <span class='ocrx_word' id='word_1_382' title='bbox 263 4344 316 4398; x_wconf 75' lang='lat' dir='ltr'>nisi</span> <span class='ocrx_word' id='word_1_383' title='bbox 343 4342 483 4416; x_wconf 83' lang='lat' dir='ltr'>scriptum</span> <span class='ocrx_word' id='word_1_384' title='bbox 508 4354 571 4399; x_wconf 86' lang='lat' dir='ltr'>erat</span> <span class='ocrx_word' id='word_1_385' title='bbox 598 4362 630 4399; x_wconf 81' lang='lat' dir='ltr'>ne</span> <span class='ocrx_word' id='word_1_386' title='bbox 651 4347 677 4399; x_wconf 83' lang='lat' dir='ltr'>oi</span> <span class='ocrx_word' id='word_1_387' title='bbox 697 4347 742 4415; x_wconf 85' lang='lat' dir='ltr'>(ut</span> <span class='ocrx_word' id='word_1_388' title='bbox 764 4351 867 4400; x_wconf 82' lang='lat' dir='ltr'>contra</span> <span class='ocrx_word' id='word_1_389' title='bbox 890 4344 962 4414; x_wconf 75' lang='lat'>§55</span> <span class='ocrx_word' id='word_1_390' title='bbox 986 4347 1040 4401; x_wconf 80' lang='lat' dir='ltr'>nisi</span> <span class='ocrx_word' id='word_1_391' title='bbox 1059 4345 1259 4401; x_wconf 71' lang='lat' dir='ltr'>iucrcndmsimio</span> 
     </span>
     <span class='ocr_line' id='line_1_43' title="bbox 182 4428 1258 4502; baseline 0.006 -21"><span class='ocrx_word' id='word_1_392' title='bbox 182 4428 288 4498; x_wconf 70' lang='lat' dir='ltr'>peridem</span> <span class='ocrx_word' id='word_1_393' title='bbox 313 4447 365 4501; x_wconf 89' lang='lat' dir='ltr'>pro</span> <span class='ocrx_word' id='word_1_394' title='bbox 388 4447 420 4484; x_wconf 83' lang='lat' dir='ltr'>nc</span> <span class='ocrx_word' id='word_1_395' title='bbox 442 4433 467 4485; x_wconf 76' lang='lat' dir='ltr'>oi</span> <span class='ocrx_word' id='word_1_396' title='bbox 487 4431 538 4485; x_wconf 84' lang='lat' dir='ltr'>ino.</span> <span class='ocrx_word' id='word_1_397' title='bbox 561 4433 632 4502; x_wconf 76' lang='lat' dir='ltr'>qm).</span> <span class='ocrx_word' id='word_1_398' title='bbox 678 4429 713 4485; x_wconf 91' lang='lat' dir='ltr'>Id</span> <span class='ocrx_word' id='word_1_399' title='bbox 736 4428 873 4486; x_wconf 84' lang='lat' dir='ltr'>mendum</span> <span class='ocrx_word' id='word_1_400' title='bbox 896 4429 1024 4490; x_wconf 88' lang='lat' dir='ltr'>Ursinus</span> <span class='ocrx_word' id='word_1_401' title='bbox 1046 4429 1178 4487; x_wconf 82' lang='lat' dir='ltr'>correxit</span> <span class='ocrx_word' id='word_1_402' title='bbox 1198 4431 1258 4502; x_wconf 85' lang='lat' dir='ltr'>(co-</span> 
     </span>
    </p>
   </div>
   <div class='ocr_carea' id='block_1_6' title="bbox 0 0 1520 5086">
    <p class='ocr_par' dir='ltr' id='par_1_7' title="bbox 0 0 1520 5086">
     <span class='ocr_line' id='line_1_44' title="bbox 0 0 1520 5086; baseline 0 0"><span class='ocrx_word' id='word_1_403' title='bbox 0 0 1520 5086; x_wconf 95' lang='lat' dir='ltr'> </span> 
     </span>
    </p>
   </div>
  </div>
 </body>
</html>
