3030 5086
460 529 504 574 nr
527 529 607 575 nnn.
629 530 693 576 nm.
715 531 751 576 rn
773 529 846 576 our.
865 531 890 580 a.
909 528 1042 593 (ro-rr.)
1228 511 1290 577 357

216 716 295 778 quos
318 698 416 761 bonos
439 697 537 775 viros,
564 697 676 776 lortcs,
698 697 811 776 iustos,
838 699 1017 762 moderatos
1039 704 1094 762 aut
1115 698 1291 763 audivimus

215 799 246 863 in
270 818 305 863 re
327 798 448 879 publica
467 797 562 863 fuisse
578 805 634 863 aut
650 799 711 881 ipsi
728 799 871 878 vidimus
894 799 947 880 qui
969 800 1035 865 sine
1056 800 1119 864 ulla
1140 800 1291 878 doctrina,

216 909 361 965 naturam
383 901 484 980 ipsam
507 901 614 978 secuti,
636 901 734 965 multa
754 900 923 966 laudabilia
939 899 1086 981 fecerunt,
1109 920 1163 966 eos
1182 901 1291 966 melius

216 1022 235 1065 a
257 1011 371 1066 natura
392 1001 551 1066 institutos
574 1000 679 1080 fuisse,
702 1021 795 1083 quam
817 1002 936 1067 institui
959 1003 1136 1085 potuissent
1154 1022 1173 1068 a
1190 1003 1291 1084 pbilo-

216 1105 337 1184 sophia,
361 1103 387 1167 si
410 1103 504 1167 ullam
527 1104 620 1167 aliem
636 1104 855 1183 probavissent
872 1111 998 1184 praeter
1014 1122 1092 1182 eam,
1115 1123 1197 1191 quae
1216 1103 1329 1170 nihilb

216 1206 300 1270 aliud
328 1205 360 1268 in
389 1205 477 1269 bonis
504 1204 635 1269 baberet
662 1205 721 1269 nisi
742 1204 921 1279 honestum,
951 1205 1025 1270 nibil
1053 1206 1111 1270 nisi
1140 1213 1232 1292 turpe
1260 1206 1290 1269 in

217 1307 320 1385 malis;
344 1312 466 1372 ceterae
483 1306 739 1386 philosophorum
756 1306 946 1388 discipliuae,
967 1308 1091 1372 omnino
1108 1307 1170 1371 alia
1191 1307 1291 1387 magis

288 1515 308 1556 1.
328 1517 405 1558 autem
424 1510 445 1557 E
496 1515 517 1556 5.
536 1526 607 1571 quara
625 1511 682 1573 (pro
697 1510 805 1573 praeter)
824 1510 845 1559 C
893 1515 915 1560 6.
935 1510 1005 1559 habet
1023 1509 1163 1562 PMcROr.
1182 1511 1251 1559 labet
1267 1510 1291 1558 r'u

217 1579 281 1626 bonis
302 1578 323 1625 L
359 1578 421 1626 Post
437 1578 513 1640 mapa
530 1577 582 1626 aba
601 1579 659 1629 add.
678 1577 753 1627 minas
772 1578 891 1628 LPMCR

217 1770 303 1807 nerito
333 1751 448 1807 locutus
476 1760 535 1819 est,
571 1761 603 1807 ut
630 1769 730 1825 quaero
757 1754 824 1807 scire
852 1770 905 1824 pro
935 1768 984 1821 eo,
1019 1751 1098 1824 quod
1126 1760 1171 1806 est
1198 1753 1291 1807 studeo

217 1836 279 1893 sive
302 1838 388 1910 capio,
412 1835 530 1891 diceret.
576 1835 634 1894 Sed
657 1838 733 1905 scire,
757 1845 789 1892 ut
811 1835 872 1894 Erl.
898 1833 943 1913 [et
960 1834 1042 1911 AB],
1066 1835 1205 1891 omittunt
1227 1835 1290 1892 cod.

216 1921 293 1978 Mor.
324 1929 353 1976 et
376 1920 453 1994 Spir.
482 1930 512 1975 et
540 1920 585 1978 El.
614 1923 626 1976 1
653 1921 710 1993 (2),
740 1920 769 1976 id
797 1930 856 1984 est,
888 1919 1038 1987 meliores,
1067 1928 1205 1993 recteque
1232 1919 1290 1976 iarn

217 2005 372 2074 Davisius,
403 2004 570 2074 Ernestius,
600 2005 735 2061 Bremius
764 2005 947 2064 damnarent.
994 2003 1052 2063 Sed
1081 2004 1197 2080 longius
1224 2022 1291 2079 pro·

217 2109 334 2166 gressus
357 2089 464 2156 Gzius,
488 2090 566 2163 quod
590 2091 619 2145 in
643 2091 725 2158 Bas,
748 2090 876 2164 pessimo
899 2090 1013 2160 codice,
1037 2098 1128 2146 esset:
1151 2109 1229 2162 epoue
1251 2093 1291 2145 τή-

218 2180 275 2249 quit
297 2179 423 2243 seutiam,
454 2174 564 2230 delevit
591 2175 679 2231 etiam
702 2179 812 2248 quaem's
834 2187 863 2231 et
885 2176 968 2232 uncis
991 2175 1110 2232 inclusit
1137 2176 1206 2250 quid
1232 2194 1292 2231 seu·

218 2268 292 2330 ticua,
317 2269 349 2315 ut
371 2260 459 2316 simili
483 2255 628 2316 brevitate
651 2259 697 2315 hic
721 2278 790 2316 usus
813 2260 850 2315 sit
874 2259 977 2318 Cicero
1000 2271 1087 2333 atque
1110 2260 1181 2316 Ide
1200 2260 1289 2335 Legg.

152 2413 159 2426 ,
221 2348 273 2401 14:
299 2346 397 2402 Ordire
419 2347 561 2418 replicare,
585 2347 618 2400 de
639 2347 710 2400 ciuili
731 2348 788 2400 iure
809 2347 878 2419 quid
898 2347 1006 2400 sentias.
1040 2345 1154 2416 Epona?
1176 2364 1292 2401 eurumos

211 2433 302 2504 fouisse
329 2432 356 2485 ia
383 2432 487 2485 ciuitate
509 2440 601 2485 nostra
624 2432 772 2485 virescet.
802 2439 831 2484 et
859 2429 925 2484 aliis
948 2429 1029 2485 locis.
1075 2430 1186 2486 Verum
1210 2430 1292 2485 nulla

218 2523 382 2583 causaest,
405 2533 457 2570 cur
479 2512 615 2571 Ciceroni
638 2514 861 2584 interdicamus,
885 2532 920 2569 no
943 2513 1029 2587 plene
1052 2513 1145 2583 dicat,
1169 2532 1292 2588 praepo·

217 2601 273 2657 sito
302 2618 367 2655 cum
396 2597 504 2655 affectu
532 2599 658 2672 quodam
680 2618 759 2672 eqoue
781 2600 846 2674 (pro
868 2601 1024 2672 palaemone,
1048 2602 1114 2672 epo).
1160 2599 1198 2655 Et
1221 2599 1292 2655 satis

217 2692 354 2759 apparel,
384 2684 412 2739 in
444 2684 511 2741 Boe.
542 2702 599 2739 non
628 2687 739 2740 ..seutiam
766 2684 829 2741 sine
857 2702 945 2740 sensu
973 2683 1103 2740 additum
1133 2702 1211 2752 esse,
1240 2683 1292 2740 sed

218 2781 315 2826 cetera
349 2769 502 2825 excidisse.
560 2768 646 2840 Quod
681 2768 773 2826 Gzius
807 2769 862 2833 ait,
895 2768 925 2824 in
960 2767 1021 2825 Erl.
1054 2777 1083 2824 et
1117 2768 1194 2843 Spir.
1228 2786 1292 2824 esse

217 2874 327 2929 quaero,
351 2854 463 2920 omnia,
492 2864 525 2909 ut
547 2854 636 2922 solet,
659 2852 827 2922 confundit3
856 2871 922 2909 nem
951 2853 993 2909 sic
1022 2853 1109 2909 etiam
1133 2853 1222 2927 vulgo
1245 2853 1292 2909 edi

218 2951 331 3009 narrat,
360 2940 411 2995 sed
435 2939 464 2993 in
489 2937 568 2996 Gnd.
594 2942 607 2993 l
633 2956 696 2993 esse
719 2942 835 3011 quaen's.
884 2938 963 2993 Fieri
987 2946 1098 3011 potest,
1127 2948 1159 2994 ut
1186 2937 1216 2994 in
1240 2937 1292 2993 illo

218 3044 275 3081 uno
299 3023 436 3079 librarius
460 3035 581 3098 propter
602 3042 681 3095 epona
703 3023 854 3098 scripserit
871 3043 979 3096 quaero.
1014 3023 1073 3078 Pro
1096 3026 1182 3095 iuquit
1203 3022 1292 3078 etiam

218 3109 294 3183 Spin.
316 3107 371 3186 [B]
395 3112 511 3182 luperam,
536 3107 649 3183 vulgari
673 3126 781 3167 errore.
827 3108 901 3166 Cato
925 3108 967 3163 ita
988 3107 1155 3181 respondet,
1179 3116 1291 3162 utnon

216 3195 335 3268 proprie
369 3194 404 3248 de
434 3193 587 3268 Pyrrhone
617 3203 646 3249 et
674 3194 815 3250 Aristone
843 3192 965 3257 iudicet,
999 3191 1050 3248 sed
1083 3210 1185 3248 omnes
1218 3191 1292 3247 alias

216 3279 388 3353 disciplinas
422 3289 539 3352 praeter
568 3277 696 3337 Stoicam
730 3279 854 3334 reiciens
887 3277 955 3333 illos
988 3276 1075 3332 etiam
1105 3276 1293 3333 damnatione

217 3363 455 3438 comprehendat.

303 3451 328 3503 iu
353 3450 425 3503 bouis
449 3448 569 3521 baberet)
592 3445 657 3527 [Sic
680 3448 766 3503 etiam
791 3447 855 3503 AB.
893 3447 1001 3503 Forma
1024 3447 1106 3503 verbi
1129 3464 1292 3503 accommo-

218 3533 304 3588 datur
326 3533 362 3587 ud
386 3533 425 3599 id,
449 3533 526 3607 quod
549 3534 584 3588 de
608 3532 767 3607 praeterito
790 3543 921 3606 tempore
944 3527 1087 3610 fingitur]

302 3628 403 3673 ceterae
429 3619 647 3692 pbilosophorum
675 3619 831 3692 discipliuae
855 3649 891 3659 -
916 3617 976 3689 cue)
1006 3615 1198 3672 Memorabile
1227 3634 1291 3671 ora·

218 3702 305 3758 tionis
328 3703 492 3759 institutam
516 3701 640 3757 formam
664 3721 720 3757 non
745 3702 890 3758 servantis
913 3701 1090 3775 exemplum.
1125 3700 1202 3757 Nem
1226 3719 1292 3757 cum

217 3789 379 3862 superiora,
402 3806 478 3865 qnae
501 3805 644 3842 summam
667 3786 768 3843 iudicii
784 3787 944 3854 continent,
968 3805 986 3841 a
1009 3786 1099 3842 verbo
1121 3787 1204 3841 seatio
1221 3785 1292 3857 (eeu-

217 3876 292 3946 liant)
316 3892 392 3929 nexa
415 3881 522 3939 essent,
547 3871 582 3926 de
606 3870 711 3926 ceteris
734 3871 896 3945 disciplinis
915 3870 1026 3944 aliquid
1046 3870 1199 3926 additurus
1217 3868 1292 3927 Celo

216 3967 325 4014 rectam
350 3968 379 4013 et
402 3958 525 4012 liberam
548 3955 710 4012 orationem
734 3956 868 4023 instituit,
892 3955 1007 4025 deinde,
1032 3954 1180 4011 nonnullis
1203 3954 1293 4010 inter·

217 4042 335 4118 positis,
365 4042 473 4099 subicit
499 4042 630 4109 arbitram
665 4040 764 4114 itaque
789 4040 988 4097 nominativus
1015 4039 1138 4114 pendet;
1167 4039 1225 4095 vid.
1254 4037 1292 4095 ad

216 4129 265 4194 Π,
293 4129 361 4184 107.
406 4128 483 4182 Tum
507 4129 563 4181 alia
584 4128 684 4199 mauis,
713 4127 768 4181 alia
789 4129 875 4181 miuus
898 4144 999 4182 omnes
1022 4134 1091 4180 ants
1114 4122 1217 4192 Grut,
1241 4123 1292 4198 qui

216 4217 303 4269 miurus
327 4211 444 4268 sustulit
467 4212 530 4267 Pal.
552 4213 564 4267 1
591 4209 780 4279 auctoritate;
808 4219 870 4266 eret
898 4210 927 4266 in
952 4211 1029 4267 Dav.
1054 4209 1137 4265 codd.
1161 4218 1190 4265 et
1213 4208 1292 4266 Oxx.

217 4298 367 4362 ornnibus;
397 4295 490 4353 Gaius
514 4305 599 4352 tecet.
645 4293 695 4373 [B.
719 4313 775 4351 om.
819 4296 946 4370 Propter
968 4294 1134 4364 Handium,
1165 4293 1216 4368 qui
1243 4292 1292 4350 hic

217 4400 332 4455 qnoque
355 4381 612 4456 interpolationem
636 4379 766 4436 defendit
787 4380 873 4437 Turs.
895 4381 945 4437 111
963 4400 993 4456 p.
1008 4379 1080 4448 560,
1102 4378 1219 4436 ascribo
1235 4379 1291 4448 IV,

217 4467 267 4534 43,
291 4467 379 4523 Tusc.
403 4467 457 4535 lv,
482 4466 537 4523 53:
559 4469 615 4523 alia
636 4468 722 4538 maala
744 4467 809 4536 alia,
831 4464 896 4522 Liv.
919 4464 1042 4534 XXIX,
1069 4464 1116 4532 15,
1142 4461 1205 4540 ll.]
1292 4467 1294 4471 ’
