3030 5086
429 527 432 535 ,
488 480 532 526 nr
555 480 635 527 man.
658 480 720 528 nm.
744 482 777 528 rv
800 481 873 528 cnr.
895 482 933 532 rr.
952 482 1016 546 (er.)
1225 463 1287 531 bbl

112 655 125 663 ’“
217 649 323 727 vendi,
351 667 371 712 a
398 667 433 715 se
459 649 613 730 principia
634 650 679 715 rei
701 650 856 730 gerendae
883 650 962 730 peti;
989 668 1059 717 esee
1085 651 1168 719 enim
1195 669 1289 717 unam

192 752 378 830 rationem,
401 769 463 832 qua
484 759 516 816 et
537 751 691 833 principia
713 770 817 817 rernm
839 753 1031 832 agendarum
1053 758 1086 818 et
1106 753 1216 817 ultima
1232 753 1289 818 bo·

216 873 327 919 norum
349 853 590 933 continerentur,
612 861 707 935 atque
727 863 763 918 ut
784 854 940 919 Aristonis
962 865 1047 919 esset
1067 855 1194 937 explosa
1216 874 1289 921 sen·

217 955 322 1034 tentia,
344 955 484 1033 dieentm,
501 955 577 1020 nihil
594 956 719 1021 differre
735 957 820 1020 aliud
838 955 879 1020 ab
896 956 958 1020 alie
976 975 1031 1022 nec
1048 975 1118 1023 esse
1136 975 1188 1022 res
1207 957 1289 1023 ullas

217 1065 344 1139 praeter
360 1058 491 1122 virtutes
513 1065 546 1122 et
561 1058 645 1136 vitia,
667 1059 748 1122 inter
765 1076 844 1139 quas
861 1058 1032 1141 quidquam
1049 1059 1173 1123 omnine
1190 1059 1288 1126 inter·
1306 1061 1330 1127 b

217 1168 313 1238 esset,
341 1161 385 1225 sio
412 1178 519 1224 errare
540 1162 709 1240 Zenonem,
736 1160 790 1242 qui
817 1160 902 1225 nulla
928 1161 958 1224 iu
981 1180 1017 1226 re
1038 1160 1098 1225 nisi
1120 1161 1151 1225 in
1173 1161 1289 1229 virtute

215 1262 358 1328 autvitio
379 1263 618 1342 propensionem
642 1282 681 1327 ue
702 1261 818 1327 minimi
840 1263 964 1344 quidem
980 1263 1129 1329 momenti
1145 1264 1186 1329 ad
1205 1282 1289 1329 sum-

217 1380 301 1432 mum
324 1365 437 1429 bonum
459 1365 696 1445 adipiscendum
718 1383 787 1430 esse
809 1364 928 1430 diceret
948 1371 988 1444 et,
1011 1383 1080 1430 cum
1102 1367 1144 1431 ad
1166 1366 1290 1431 beatam
1363 1350 1366 1355 ¹

217 1468 312 1532 uitam
336 1466 452 1530 nullum
473 1473 661 1533 momentum
684 1459 787 1532 detera
808 1466 973 1545 baberent,
1001 1467 1044 1531 ad
1064 1467 1290 1549 appetitionem

289 1660 308 1701 l.
325 1651 461 1718 quendem
494 1654 591 1719 petiisse
609 1659 666 1720 lpro
681 1655 734 1720 peti
749 1655 852 1716 corelli
897 1659 919 1704 b.
938 1653 1089 1718 qns'eqoidE
1134 1659 1156 1704 7.
1175 1663 1217 1704 out
1234 1654 1291 1705 vs'tr'o

217 1722 289 1772 uncis
307 1721 411 1771 inclusit
429 1722 470 1772 Or.
514 1724 632 1773 arminiam
650 1724 671 1773 P
689 1722 807 1774 sarnanum
825 1740 858 1772 on
876 1722 935 1786 qnid
950 1739 1016 1774 mem.
1036 1722 1108 1786 ng.
1162 1728 1184 1772 9.
1205 1741 1235 1774 ea
1251 1741 1291 1774 rer

210 1791 311 1840 deberet
328 1806 424 1851 omues,
443 1791 486 1841 Or.

217 1974 278 2023 tum
302 1983 462 2040 pronomen
486 1965 556 2039 poni
574 1965 720 2040 debebat),
743 1969 929 2041 quodcumqae
941 1999 979 2008 —
997 1968 1086 2023 veniet
1100 1998 1139 2010 -·
1156 1977 1290 2038 occurrat,

217 2070 246 2108 sc
276 2055 354 2124 ecqui
385 2052 471 2107 dicent
500 2061 525 2107 et
551 2070 597 2107 vos
626 2083 665 2094 -·
693 2055 867 2111 revertemini.
917 2052 995 2123 Nes,
1029 2051 1100 2126 quid
1129 2051 1289 2128 scripserit,

218 2154 394 2212 quaerimus.

302 2240 359 2278 eece
379 2241 461 2276 onam
483 2224 626 2292 rationem,
654 2241 710 2296 qno
736 2257 773 2265 --
795 2224 1002 2291 continerentur)
1025 2223 1152 2285 Prorsus
1175 2221 1290 2279 mombi-

218 2306 285 2364 liter
297 2306 410 2366 Cicero.
434 2324 498 2363 cnm
522 2316 590 2381 apte
609 2306 646 2363 ed
665 2307 705 2377 id,
728 2308 806 2383 quod
824 2308 1182 2383 praeeedit(rcverlemr'ni),
1205 2325 1290 2365 ersus

217 2401 296 2449 esset
317 2412 335 2448 a
356 2391 455 2448 futuro
473 2391 626 2467 potentiali
639 2395 691 2467 (-
709 2393 752 2450 sic
768 2412 821 2450 cur
837 2393 993 2469 appellem.
1016 2393 1172 2468 apparebit
1188 2411 1226 2450 ex
1243 2392 1290 2460 iis,

217 2496 293 2553 quae
311 2478 459 2552 disputavi
478 2478 586 2553 Opusc.
605 2479 698 2536 Acad.
716 2479 747 2536 ΙΙ
765 2499 793 2554 p.
809 2479 848 2534 82
867 2496 942 2552 sqq..
961 2479 999 2535 97
1013 2495 1077 2552 sqq.
1096 2479 1158 2553 -),
1181 2478 1290 2548 oratio·
1388 2492 1392 2499 ’

216 2582 283 2620 nem
306 2563 343 2620 ad
366 2563 446 2619 aliud
469 2575 584 2638 tempus
608 2564 757 2621 transtulit
779 2566 994 2638 (continerentur,
1017 2572 1085 2620 essct
1106 2565 1227 2639 ecploso,
1250 2568 1290 2620 in·

215 2659 324 2707 teresset
335 2652 411 2721 cet).
435 2651 570 2724 Apparet
583 2648 765 2713 Ciceronem,
782 2649 925 2707 orationis
941 2648 1017 2706 initii
1035 2648 1170 2718 oblitum,
1194 2648 1289 2706 visum

216 2752 280 2791 esse
304 2735 360 2791 sibi
383 2753 472 2810 supra
494 2745 545 2790 ant
567 2753 717 2803 narrasse,
746 2735 816 2809 quid
839 2734 951 2792 Zenoni
973 2734 1011 2791 ad
1033 2744 1168 2792 naturam
1191 2753 1291 2791 rever·
1367 2788 1369 2793 .

217 2820 290 2876 tenti
313 2819 468 2876 accidisset
495 2824 647 2894 (quaerenti
672 2831 771 2877 notura
798 2824 856 2877 inre
876 2820 1080 2894 respondebat),
1110 2837 1169 2893 qua
1196 2818 1291 2876 forma

217 2905 285 2975 §55
304 2905 411 2961 utitur:
434 2909 521 2962 minna
539 2906 727 2979 probabantur
744 2915 810 2973 oet..
833 2915 885 2961 aut
901 2904 1144 2962 condicionaliter
1159 2904 1290 2962 locutum

217 3009 296 3047 esse:
314 2993 339 3047 ei
355 2992 394 3046 ad
410 3001 535 3046 araturam
552 2995 753 3061 rencrmemint',
776 2994 833 3047 iore
849 2993 896 3047 ille
912 2991 984 3047 nobie
1001 2991 1181 3064 responderet.
1215 2988 1289 3048 Cum

216 3075 381 3132 huiusmodi
400 3076 629 3133 commutatione
641 3076 783 3134 orationis
800 3085 986 3151 comparatae
998 3075 1125 3132 leviores
1137 3075 1290 3144 eiusmodi,

217 3161 332 3236 qualem
356 3161 386 3217 in
405 3162 635 3232 satanacam,
658 3179 779 3236 prorsus
796 3162 1004 3230 obscurantur;
1026 3160 1087 3227 illa,
1111 3160 1167 3219 etsi
1184 3161 1213 3216 in
1231 3160 1291 3218 alio

216 3265 334 3323 genere,
357 3265 415 3303 non
440 3247 561 3303 minoris
583 3258 627 3303 est
650 3247 867 3323 neglegentiae,
890 3266 977 3321 quam
1000 3246 1064 3316 ΙΙΙ,
1088 3246 1126 3303 51
1151 3245 1289 3304 vidimus.

302 3335 355 3388 nisi
376 3335 403 3388 in
425 3335 521 3388 m'rtnte
542 3343 590 3388 aot
611 3330 686 3410 citio)
704 3333 753 3390 Ad
776 3351 920 3389 summum
941 3333 1049 3389 bonum
1068 3331 1290 3406 adipiscendum

217 3417 320 3484 virtus,
339 3436 396 3473 non
408 3417 512 3473 vitium
531 3419 754 3493 propensionem
772 3417 877 3500 habeti
893 3418 992 3492 itaque
1008 3417 1077 3474 inde
1095 3415 1245 3492 aGuyeto
1262 3425 1292 3473 et

217 3503 341 3560 Davisio
354 3503 426 3558 duas
439 3512 603 3577 postremas
616 3522 702 3560 voees
713 3503 853 3560 delendas
865 3513 977 3577 putant.
1012 3502 1086 3561 Mihi
1099 3520 1157 3560 non
1171 3520 1291 3577 prorsus

217 3597 328 3646 certum
347 3598 400 3657 est,
419 3588 500 3644 nullo
519 3589 603 3645 modo
622 3590 684 3646 lieri
702 3589 843 3664 potuisse,
862 3599 904 3656 ut,
922 3607 987 3645 cnm
1005 3598 1176 3646 consuesset
1187 3587 1292 3648 Cicero

217 3673 336 3730 virtutis
364 3685 391 3729 et
420 3674 484 3729 vitii
514 3675 689 3731 mentionem
719 3675 911 3750 coniungere,
940 3693 1015 3747 quae
1044 3674 1107 3731 sola
1134 3674 1171 3730 ad
1200 3673 1292 3730 vitam

218 3760 358 3816 momenti
376 3759 487 3831 aliquid
505 3759 613 3816 habere
631 3759 724 3818 Stoici
741 3769 887 3834 putarent,
904 3759 953 3816 hie
970 3777 1095 3834 quoque,
1113 3775 1292 3834 quemquam

218 3845 254 3901 de
276 3845 449 3919 adipiscendo
471 3864 584 3901 summo
608 3846 684 3901 bono
702 3845 821 3915 diceret,
845 3855 1000 3919 utrumque
1017 3843 1204 3921 neglegentia
1221 3861 1294 3917 que-

218 3930 283 3987 dam
307 3930 481 3998 nominaret,
505 3930 628 3987 obscure
650 3931 826 3987 contrariam
850 3931 1075 4006 propensionem
1094 3931 1131 3986 ad
1155 3929 1292 3987 miseram

217 4015 308 4073 vitam
332 4015 536 4090 complectens.
581 4016 686 4090 Itaque
714 4034 771 4072 non
800 4035 888 4073 ausus
915 4035 978 4072 sum
1007 4025 1106 4073 notam
1135 4032 1293 4090 apponere.

218 4099 296 4182 [cfr.
320 4103 377 4169 III,
404 4097 468 4180 11.]
514 4102 573 4160 Sed
595 4112 692 4158 tamen
715 4101 758 4157 ita
779 4101 827 4158 hic
849 4101 948 4158 omnia
975 4101 1012 4157 ad
1035 4101 1114 4158 vitae
1136 4102 1240 4158 beatae
1264 4107 1294 4156 et

217 4188 360 4245 bonerum
384 4198 414 4243 et
436 4206 532 4243 rerum
556 4187 785 4263 appetendarum
809 4187 957 4243 notionem
980 4185 1163 4256 referuntur,
1186 4185 1293 4242 utrix

217 4273 357 4330 credibile
380 4273 427 4340 sit,
452 4271 587 4331 Ciceroni
610 4272 684 4330 illud
706 4292 744 4328 ex
767 4272 860 4328 altero
883 4290 990 4349 genere
1013 4273 1185 4330 occurrisse.

303 4370 336 4427 ct,
359 4379 418 4415 cnm
431 4391 470 4400 -
489 4361 589 4416 nnllrtm
608 4368 764 4415 momentum
786 4367 873 4415 cetera
895 4359 1029 4428 baberent,
1051 4359 1090 4415 od
1107 4360 1294 4433 omnnem

218 4453 305 4501 tomen
327 4446 403 4518 cet).
445 4443 570 4504 Secutus
592 4463 655 4502 sum
679 4443 863 4520 perspicuam
886 4453 916 4501 et
937 4442 1133 4502 neeessariam
1155 4442 1294 4518 emanda-
