3030 5086
412 477 455 524 nn
479 477 560 524 uun.
583 476 646 524 nm.
669 479 704 525 rv
728 477 801 526 cae.
820 481 860 527 ar.
875 479 1007 541 (sa-so.)
1171 457 1232 526 571

160 646 215 711 sed
237 654 272 711 ut
294 645 352 711 boc
374 645 597 726 indicaremus,
626 666 687 711 non
710 665 780 712 esse
800 648 833 712 iu
855 646 904 712 his
926 653 1049 729 partem
1071 647 1235 714 maximam

159 747 294 830 positam
313 748 402 813 beate
419 755 475 812 aut
491 766 582 814 secus
599 749 731 815 vivendi.
775 751 825 816 60.
847 750 899 814 Ad
916 767 1069 814 summam
1086 769 1132 830 ea,
1155 766 1236 830 quae

159 851 243 914 Zeno
271 849 466 915 aestimanda
496 858 527 915 et
554 852 704 917 sumenda
732 857 764 917 et
788 860 865 933 apta
891 857 1024 917 naturae
1051 871 1120 917 esso
1148 850 1234 930 dixit,

160 953 269 1017 eadem
298 952 344 1015 illi
371 952 453 1017 bona
479 953 654 1034 appellaut;
683 953 776 1017 vitam
804 961 908 1020 autem
936 954 1058 1019 beatam
1084 953 1129 1018 illi
1156 971 1233 1031 eam,

160 1072 241 1135 quae
268 1059 426 1119 constaret
454 1074 491 1119 ex
517 1055 554 1120 iis
582 1056 689 1134 rebus,
718 1073 797 1137 quas
824 1056 903 1135 dixi,
930 1061 986 1120 aut
1011 1055 1153 1137 plurimis
1180 1062 1235 1119 ant
1251 1046 1280 1122 5v

159 1156 361 1237 gravissimis.
406 1156 489 1221 Zeno
511 1165 623 1236 autem,
647 1158 730 1239 qnod
752 1177 851 1238 suam,
874 1158 957 1239 quod
979 1157 1141 1238 propriam
1162 1174 1234 1240 spe·

229 1364 251 1411 2.
270 1376 391 1409 messmam
409 1377 438 1409 en
457 1360 479 1409 L
515 1366 537 1412 t.
556 1360 593 1410 lus
612 1361 701 1414 ECOr.
740 1366 762 1413 d.
780 1379 844 1430 apem
863 1362 883 1412 P
901 1362 1012 1428 (speciem
1030 1363 1093 1426 mg.)

159 1532 238 1604 dixi,
273 1533 322 1590 nbi
356 1542 449 1591 totum
483 1534 539 1591 lroc
566 1553 658 1611 genus
691 1535 779 1593 certis
812 1546 841 1593 et
874 1536 1036 1612 perspicuis
1069 1533 1234 1611 praeceptis

160 1619 378 1695 comprehendi,
401 1617 511 1695 Opusc.
535 1620 630 1679 Acad.
654 1621 686 1678 II
709 1641 737 1697 p.
751 1622 823 1678 212.
866 1621 959 1679 Recta
981 1631 1078 1678 autem
1102 1618 1234 1677 oratione

159 1703 313 1761 dicendum
338 1713 415 1761 erat:
442 1704 517 1774 Quid
537 1708 605 1763 caim
627 1709 661 1762 sit
684 1711 711 1764 in
733 1712 829 1764 virtute
851 1714 972 1764 tuntum?
1001 1707 1072 1762 Mox
1095 1715 1144 1761 unt
1165 1712 1233 1760 ante

160 1790 233 1846 dente
254 1790 321 1849 add.
346 1791 441 1859 itiam,
469 1790 556 1850 Grnt.
585 1802 688 1849 contra
709 1804 825 1850 veteres
847 1792 929 1850 editt.
954 1801 985 1848 et
1006 1789 1122 1855 codices
1144 1790 1234 1862 (Dav.

159 1884 308 1950 quattuor,
332 1875 420 1942 Oxx,
444 1874 522 1946 Gzii,
548 1873 626 1957 [B]).

244 1970 292 2016 ant
315 1964 442 2036 plectamus
470 1972 518 2017 nat
543 1962 725 2037 pravissimis)
755 1963 787 2021 Si
815 1963 857 2019 ita
880 1961 984 2020 Cicero
1007 1959 1138 2036 scripsit,
1167 1979 1232 2036 per·

159 2045 350 2122 neglegenter
372 2065 435 2102 eam
459 2047 549 2103 vitam
573 2048 685 2118 omisit,
713 2066 789 2122 qnae
817 2049 870 2104 bas
897 2065 945 2104 res
972 2064 1073 2105 omnes
1101 2045 1233 2115 haberet,

160 2141 189 2188 ot
211 2151 332 2206 prorsus
356 2151 493 2206 perverse
516 2132 589 2190 haec
611 2133 753 2202 diiunxit;
784 2151 879 2207 nequa
907 2133 984 2190 onim
1012 2132 1157 2210 plurimae
1187 2149 1234 2188 rea

159 2216 336 2287 huiusmodi,
359 2218 383 2273 si
407 2236 464 2273 non
489 2218 575 2275 simul
592 2218 786 2294 gravissimae
802 2219 870 2288 sint,
893 2218 923 2275 in
947 2219 1001 2276 bac
1018 2229 1150 2276 veterum
1168 2234 1234 2273 san·

159 2300 268 2371 tentia,
285 2302 320 2358 de
343 2320 401 2377 qua
424 2304 460 2359 ad
479 2307 493 2372 5
515 2305 550 2359 15
572 2305 643 2362 dixi.
666 2304 757 2360 vitam
781 2305 896 2360 beatam
921 2303 1068 2374 efficiunt,
1096 2302 1147 2359 sed
1169 2302 1234 2377 plu·

157 2387 251 2445 rimae
269 2400 297 2443 et
315 2388 507 2463 gravissimae
525 2375 555 2464 (ἢ
571 2375 671 2445 πάντα
693 2375 710 2462 ἢ
731 2385 855 2445 πλεῖστα
877 2377 925 2444 καὶ
947 2381 1094 2464 μέγιστα).
1129 2386 1234 2446 Omitti

157 2482 257 2550 potest
273 2475 456 2548 plurimarum
478 2473 663 2550 significatio,
687 2484 720 2531 nt
741 2474 774 2530 fit
796 2474 864 2543 §15
888 2474 969 2530 etin
993 2472 1156 2532 Carneadis
1177 2472 1235 2528 flue

158 2560 248 2617 Tusc.
273 2560 312 2630 V,
332 2561 386 2630 84,
410 2570 457 2629 ut,
486 2578 551 2616 cum
575 2560 721 2617 maximae
745 2559 947 2628 nominentur,
976 2558 1063 2616 simul
1086 2557 1235 2615 sufficiens

157 2663 297 2702 numerus
320 2645 479 2720 cogitatum
508 2645 559 2702 sed
582 2654 750 2721 separatae,
779 2654 812 2702 ut
839 2645 887 2702 hic
909 2645 955 2711 fit,
984 2643 1174 2719 aplurimis,
1203 2652 1235 2699 nt

65 2784 69 2792 ,
157 2748 269 2807 paucae
292 2730 516 2806 intellegantur,
546 2749 581 2786 ne
611 2731 756 2787 rnaximae
785 2731 903 2805 quidem
931 2728 1066 2787 sufficere
1088 2728 1233 2786 videntur.

158 2816 219 2875 Sed
245 2816 288 2873 ita
316 2834 405 2891 saepe
433 2816 537 2875 Cicero
565 2815 720 2873 formulam
752 2827 850 2873 notam
881 2826 910 2872 ot
937 2825 1126 2890 pervagatam
1155 2823 1234 2871 recta

158 2902 267 2976 posuit,
287 2901 365 2959 utin
384 2921 449 2958 enm
468 2901 583 2977 culpam
603 2901 737 2958 conferre
755 2901 806 2958 vix
823 2901 946 2958 audeam
965 2909 994 2957 et
1010 2899 1234 2975 Wesenbergio,

159 2987 210 3059 qni
232 2987 313 3061 prior
335 2988 421 3045 huius
444 2987 502 3043 loci
525 2987 628 3043 vitium
652 2986 870 3057 animadvertit,
893 3005 985 3062 paene
1008 2985 1168 3056 assentiar,
1192 2983 1235 3043 sic

159 3070 302 3145 scriptum
314 3071 404 3130 fuisse
422 3073 553 3149 putanti:
571 3083 629 3129 urat
646 3074 797 3130 oncrribna
813 3083 861 3129 ant
874 3074 1001 3147 plurimis
1017 3081 1041 3127 ct
1056 3073 1233 3145 pravissimis.

158 3158 188 3213 A
212 3156 309 3232 priore
337 3168 384 3213 unt
411 3160 447 3215 ad
475 3159 599 3216 alterum
629 3158 766 3214 aberrare
794 3157 933 3215 librarius
960 3156 1100 3214 facillime
1124 3155 1235 3233 potnit;

159 3251 221 3298 tum
256 3242 421 3299 necessario
460 3244 644 3300 scribebatur
682 3253 729 3299 unt
766 3245 935 3316 pravissimis
974 3242 1133 3318 (quomodo
1171 3242 1234 3299 sine

158 3326 325 3384 huiusmodi
349 3345 438 3384 cansa
459 3329 597 3386 scribitur
619 3329 649 3385 in
672 3328 735 3386 Erl.
760 3328 855 3401 534).

245 3414 319 3487 qnod
339 3433 426 3484 snam,
450 3416 523 3488 qnod
540 3419 682 3489 propriam
705 3418 817 3491 specim
840 3413 949 3484 babeat)
968 3413 1054 3470 Adeo
1072 3413 1143 3470 mihi
1161 3412 1234 3469 mira

67 3495 72 3504 ’
159 3498 266 3556 accidit
289 3500 361 3555 haec
379 3499 408 3556 in
427 3500 529 3556 sedata
547 3500 713 3557 definientis
736 3499 869 3558 oratione
892 3498 1074 3575 pronominis
1097 3497 1235 3574 repetitio

159 3595 192 3641 et
212 3603 282 3642 snae
305 3596 393 3659 atque
416 3586 552 3662 propriae
575 3587 685 3661 speciei
709 3585 873 3651 distinctio,
897 3594 928 3641 nt
951 3584 1092 3659 suspicer,
1116 3603 1134 3640 a
1152 3583 1235 3643 Cice·

159 3689 232 3727 rone
266 3671 406 3745 scriptum
436 3671 541 3728 fuisse:
574 3674 649 3746 qnod
675 3692 753 3728 snum
780 3673 920 3745 quandum
944 3676 1087 3746 propriam
1115 3673 1235 3750 speciem.

160 3752 312 3835 [Baiterus
340 3758 368 3812 in
394 3757 438 3814 ed.
461 3757 531 3813 min.
559 3760 633 3830 qnod
650 3760 793 3832 proprium
815 3757 948 3820 seclusit:
977 3756 1028 3812 sad
1056 3754 1142 3811 nimis
1170 3755 1234 3811 bre·

159 3842 237 3899 viter
259 3841 300 3897 sic
323 3838 452 3921 dicitnr]
485 3842 580 3899 Panlo
598 3854 665 3918 post
683 3843 837 3900 Davisium
856 3843 919 3898 inre
936 3840 1059 3898 offendit
1076 3859 1135 3896 vox
1152 3841 1236 3897 solam

159 3945 218 3983 non
242 3937 319 3983 recte
343 3929 454 4002 posita;
477 3928 520 3984 sic
543 3928 619 3984 enim
644 3929 698 3984 boc
722 3928 837 3998 dicitnr,
861 3937 1009 4002 tamquam
1033 3936 1148 3982 veteres
1171 3944 1235 3982 eam

159 4011 249 4069 stiam
272 4011 378 4081 vitam,
407 4032 482 4087 quae
506 4013 568 4070 sine
591 4014 700 4070 virtute
723 4013 892 4090 degenetur,
923 4013 1039 4069 beatam
1062 4029 1126 4069 asse
1149 4029 1235 4086 posse

160 4097 338 4172 putaverint.
385 4097 443 4157 Sed
467 4099 496 4154 in
520 4098 595 4154 hanc
617 4099 833 4174 neglegentiam
852 4097 956 4156 Cicero
979 4097 1092 4168 incidit,
1116 4096 1184 4153 dnm
1207 4105 1237 4153 et

160 4183 298 4251 eandem,
334 4202 421 4258 qnam
445 4202 534 4260 snpra
562 4185 654 4257 (vitum
682 4194 770 4241 numm
798 4185 900 4241 beatam
929 4185 970 4240 itti
996 4186 1066 4256 earn)
1094 4180 1236 4239 orationis

159 4265 285 4325 formam
309 4278 338 4325 et
361 4269 536 4327 brevitatem
559 4269 685 4327 retinere
708 4270 807 4327 studet
829 4278 858 4326 et
874 4268 962 4332 s'uuul
979 4268 1154 4344 significare,
1177 4267 1236 4324 vir·

91 4400 97 4405 .
161 4362 252 4410 tutem
276 4355 368 4412 solam
391 4355 512 4430 requiri.
558 4357 592 4414 In
617 4374 667 4427 eo,
691 4355 770 4430 quod
791 4354 933 4414 Davisius
955 4353 1044 4411 scribi
1069 4354 1145 4411 vult:
1168 4373 1235 4426 cam,
