3030 5086
284 469 349 536 460
674 488 720 534 nn
742 485 873 533 sturnus
896 485 968 532 sou.

286 655 418 736 quisque
441 656 618 737 occuparit,
641 656 685 719 sio
712 655 743 718 in
766 655 843 719 urbe
864 654 1021 718 mundove
1044 655 1196 718 communi
1218 673 1281 719 non
1305 655 1365 719 ad·

179 824 183 832 ,
287 765 431 822 versatur
443 757 500 835 ine,
518 775 580 839 quo
598 757 699 822 minus
712 775 801 821 suurn
814 757 951 837 quidque
967 756 1117 836 cuiusque
1134 756 1182 820 sit.
1217 757 1267 820 68.
1286 756 1366 820 cnm

287 866 391 922 autem
409 859 449 922 ad
466 859 600 922 tuendos
615 859 911 937 conservandosque
926 857 1066 922 homiues
1082 857 1239 921 homiuem
1254 864 1366 922 natum

287 978 357 1023 osse
378 960 552 1036 videamus,
581 968 824 1024 cousentaneum
846 967 895 1024 est
915 960 986 1023 huie
1008 965 1153 1036 naturae,
1181 965 1217 1023 ut
1238 959 1367 1040 sapiens

248 1061 269 1126 ὁ
287 1062 361 1126 velit
378 1080 488 1141 gerere
505 1070 536 1125 et
553 1062 772 1126 adudnistrare
789 1080 853 1126 rem
871 1061 1025 1141 publicem
1042 1067 1145 1141 etque,
1164 1069 1199 1124 ut
1215 1079 1233 1125 e
1250 1069 1368 1125 nature

287 1163 380 1239 vivat,
403 1181 530 1226 uxorem
554 1163 724 1243 adiungere
747 1169 779 1228 et
795 1163 872 1227 velle
894 1182 931 1226 ex
954 1182 991 1227 ea
1013 1161 1135 1226 liberos.
1169 1161 1217 1226 Ne
1239 1179 1368 1226 amores

357 1338 380 1382 9.
399 1332 501 1396 quidque
519 1346 566 1382 orn.
589 1335 610 1382 R
629 1332 736 1396 quodque
755 1333 843 1384 ELOr.
899 1338 922 1385 d.
941 1332 1045 1395 velleque
1064 1333 1086 1380 R
1121 1331 1183 1382 Post
1200 1330 1285 1381 liberos
1304 1332 1367 1382 add.

285 1418 413 1465 procreare
436 1402 509 1450 ltclt

288 1552 409 1616 propter
432 1540 605 1597 rhetoricam
628 1540 753 1598 fonnem
777 1540 928 1609 orationis,
952 1539 1022 1613 quia
1044 1538 1192 1595 contraria
1210 1548 1278 1595 sunt
1294 1558 1369 1595 cont-

289 1646 365 1682 rnnne
392 1628 426 1681 eit
454 1636 483 1681 et
510 1629 566 1682 eius
594 1646 664 1688 esee,
698 1626 753 1684 hoe
781 1629 837 1683 eius
864 1626 907 1682 sie
935 1624 1048 1699 posuit,
1078 1634 1110 1680 ut
1139 1622 1300 1680 referretur
1327 1623 1368 1680 ed

289 1715 418 1786 quisque,
448 1711 526 1783 quod
555 1710 583 1766 in
612 1711 737 1767 relativa
765 1710 911 1767 sententia
938 1720 1111 1783 sequeretur
1133 1710 1223 1782 (quem
1250 1712 1370 1783 quiaque

288 1800 424 1870 occupant
446 1797 539 1860 laeum,
562 1816 621 1852 eum
642 1799 698 1852 eius
720 1797 802 1870 esse);
826 1795 921 1852 simile
943 1804 1002 1863 est,
1025 1813 1089 1850 cunr
1114 1793 1368 1850 demonstrativae

289 1881 451 1938 sententiae
475 1881 613 1946 verbum,
644 1881 726 1938 cuius
754 1881 916 1937 subiectum
945 1899 961 1935 e
984 1883 1098 1953 quisque
1120 1880 1206 1953 (quio)
1229 1879 1368 1948 sumitur,

289 1975 356 2023 ente
380 1966 532 2022 relativum
556 1966 730 2022 sententiam
754 1966 888 2040 ponitur,
912 1973 944 2022 ut
966 1965 1012 2022 IV
1034 1965 1122 2020 Tusa.
1141 1965 1174 2020 t:
1202 1965 1252 2020 sed
1272 1965 1368 2037 deffen-

289 2054 346 2120 dat,
370 2052 443 2126 quotl
464 2054 577 2125 quisque
599 2055 685 2107 sentit.
720 2047 816 2130 [Lnel.
830 2052 885 2107 ⁴29:
908 2060 938 2106 ut
954 2053 997 2110 sit.
1017 2068 1168 2124 perquem
1191 2059 1368 2122 assequatur,

289 2139 363 2211 qaod
383 2140 497 2210 quisque
518 2138 663 2202 desistere&
693 2135 751 2194 Off.
775 2136 799 2205 I,
824 2138 873 2204 65,
898 2135 1026 2209 Philipp.
1052 2135 1139 2204 VIII,
1163 2135 1214 2204 26,
1238 2132 1303 2190 Liv.
1326 2135 1367 2205 V,

291 2223 415 2290 tuost
428 2223 456 2286 9,
480 2221 578 2279 Pleut.
604 2222 686 2277 Pers.
704 2222 761 2291 III,
786 2223 832 2290 14,
847 2223 874 2290 5,
898 2220 1050 2294 Hor.'Ep.
1077 2220 1115 2282 ΙΙ,
1143 2221 1167 2289 l,
1192 2213 1278 2297 262]

374 2326 452 2363 suarm
474 2308 593 2380 quidque
615 2309 743 2380 orriuoque
764 2305 811 2379 eit)
835 2306 864 2362 id
888 2315 946 2372 est,
977 2323 1154 2379 unaquaeque
1181 2323 1226 2360 rer
1253 2307 1288 2360 eit
1314 2322 1369 2360 arta

289 2395 426 2465 citiusque.
455 2394 600 2466 Apparet,
623 2393 743 2465 quidque
758 2391 973 2448 substantivum
992 2408 1065 2446 esse.
1095 2390 1161 2447 Non
1179 2398 1258 2446 reete
1275 2387 1370 2464 igitur

290 2478 377 2534 etiarn
402 2476 479 2550 Spir.
504 2474 559 2553 [B]
583 2479 722 2551 quodque3
745 2477 805 2535 vid
829 2477 914 2546 adl,
941 2476 988 2532 18

378 2561 425 2617 68.
455 2571 483 2617 ut
510 2564 618 2635 sapiens
645 2563 707 2617 uelit
731 2580 823 2653 perere
856 2595 893 2604 -
930 2580 984 2617 rem
1011 2561 1147 2660 publicam
1175 2557 1245 2654 oet.)
1276 2558 1367 2652 Diog.

291 2648 388 2704 ledet.
413 2647 487 2716 VII,
517 2647 588 2702 tut.
624 2630 870 2703 Πολιτεύσεσθαί
889 2661 964 2719 φασι
985 2636 1039 2699 τὸν
1061 2627 1172 2716 σοφόν,
1206 2660 1242 2698 αν
1270 2630 1311 2717 μή
1338 2660 1369 2699 τι

290 2719 395 2803 κωλύῃ
418 2718 458 2794 ὥς
475 2746 547 2803 φησι
559 2718 774 2825 Χρνσιπποι
760 2747 789 2784 εν
806 2747 914 2824 προπερ
936 2747 1002 2824 arpa
994 2717 1097 2820 βίων·
1121 2717 1169 2783 καὶ
1186 2716 1307 2825 peip
1259 2725 1368 2783 κακίαν

292 2807 402 2909 ἐφέξειν
424 2804 472 2871 καὶ
496 2805 538 2868 ἐπ’
564 2803 672 2910 ἀραιήν
691 2801 904 2903 παρορμήσειν·
927 2801 976 2868 καὶ
998 2801 1149 2889 γαμήσειν,
1172 2829 1212 2875 ως
1234 2799 1368 2883 ὁΖήνιον

291 2886 379 2974 φησιν
402 2893 432 2955 ἐν
453 2893 600 2972 πολιτείᾳ,
623 2887 672 2952 καὶ
694 2884 975 2971 παιδοποιήσεσθαι.
1022 2898 1067 2954 De
1089 2897 1132 2954 rei
1155 2895 1292 2973 publicae
1314 2895 1368 2952 ed·

292 2984 507 3042 numeratione
519 2982 571 3040 cfr
585 2980 666 3040 Stob.
680 2983 742 3039 Eol.
755 2982 822 3038 Eth.
835 3001 863 3056 p.
880 2984 936 3039 184
951 2984 1050 3051 Heer.,
1071 2981 1174 3040 Senes.
1186 2983 1222 3038 de
1233 2983 1368 3056 Trenqu

291 3072 350 3127 An.
371 3071 396 3137 1,
419 3071 471 3126 10:
495 3070 588 3125 Placet
610 3070 680 3124 uiant
698 3067 807 3140 (editur
823 3070 887 3140 οισι)
901 3077 1106 3142 praeceptorum
1127 3071 1206 3143 sequi
1225 3077 1250 3124 et
1267 3072 1295 3125 ιἰι
1312 3085 1368 3125 me·

291 3157 363 3212 (lione
392 3160 431 3211 r're
453 3173 556 3228 remp.
585 3162 614 3209 et
642 3153 730 3228 paulo
759 3160 840 3227 post:
869 3154 1017 3227 Promptus
1039 3156 1251 3228 compositusque
1272 3151 1328 3225 (sie
1352 3167 1368 3208 e

291 3240 355 3296 cod.
378 3238 483 3298 Colon.
513 3238 697 3295 scribendum
726 3241 783 3311 est)
809 3256 908 3312 sequar
930 3240 1053 3307 Zenona,
1087 3238 1245 3307 Cleanthen,
1277 3237 1368 3311 Chry·

290 3329 412 3400 apperire,
436 3342 550 3398 quorum
572 3334 659 3380 tamen
681 3342 755 3379 nemo
776 3324 815 3378 ad
836 3342 891 3379 rem
909 3343 940 3398 p.
962 3326 1088 3393 aecessit,
1116 3342 1190 3379 nemo
1212 3343 1263 3379 ιιοιι
1285 3324 1368 3378 misit.

377 3420 401 3465 et
417 3411 482 3466 uelle
498 3428 531 3464 ea
547 3428 578 3464 ea
596 3408 704 3481 liberos)
727 3408 757 3465 id
774 3417 828 3476 est,
852 3426 959 3483 cupere
976 3408 1085 3464 liberos
1102 3407 1210 3465 hebere
1228 3417 1266 3477 et,
1290 3422 1369 3480 quae

292 3495 327 3551 ed
352 3495 381 3551 id
405 3494 586 3570 pertineant,
610 3492 724 3563 feeere;¹
746 3493 867 3549 honeste
891 3492 1024 3550 elocutus
1046 3501 1105 3562 est,
1128 3493 1206 3567 quod
1229 3491 1300 3549 alibi
1325 3491 1370 3548 di·
1400 3520 1402 3523 v

292 3580 368 3636 eitur
390 3581 485 3637 liberos
502 3597 640 3653 quaerere,
661 3576 914 3633 παιδοποιεῖσθαι.
944 3577 1102 3635 Terentius
1115 3578 1187 3634 Hee.
1200 3577 1254 3643 IV,
1268 3579 1297 3641 4,
1312 3576 1369 3633 ³3:

292 3668 317 3722 ei
336 3685 370 3721 eo
392 3684 432 3721 me
454 3666 501 3721 r'lla
524 3665 619 3720 liberos
640 3663 716 3719 vellet
737 3663 796 3720 ati.
842 3662 930 3735 (Velle
952 3664 1021 3720 eibi
1040 3665 1147 3737 olr'qur‘cl
1168 3663 1244 3719 dixit
1262 3661 1370 3720 Cicero

293 3751 324 3808 lI
337 3752 370 3807 R.
383 3752 417 3807 P.
431 3751 494 3821 48.)
528 3748 578 3808 Sic
595 3751 702 3816 eutem,
721 3755 752 3803 ut
770 3764 846 3803 nune
864 3748 969 3816 editur,
987 3748 1128 3823 seriptum
1147 3748 1236 3804 estin
1255 3745 1333 3805 Pell.
1352 3749 1366 3803 l

292 3846 321 3892 et
344 3839 372 3895 4.
396 3834 474 3903 Gaii,
498 3842 622 3908 excepto
646 3831 724 3891 Gud.
749 3833 776 3894 2,
800 3831 945 3901 omnibus,
969 3833 1079 3889 editum
1103 3853 1120 3889 a
1143 3832 1282 3893 Grutero.
1306 3832 1370 3887 Dn-

292 3921 382 3986 visio,
406 3919 491 3977 Gaio.
536 3919 666 3994 Explent
693 3918 855 3974 orationem
885 3919 975 3975 ceteri
1004 3919 1119 3975 codices
1142 3918 1256 3992 (Grut,
1280 3917 1370 3988 Dav,

292 4005 395 4076 Ona),
419 4005 519 4061 addito
538 4023 691 4079 procreare.
736 4002 873 4058 Editores
896 4021 961 4059 eunt
985 4002 1203 4060 offenderentur
1226 4004 1279 4059 huo
1297 4019 1371 4058 oon·

291 4090 440 4147 iunctione
463 4092 523 4146 uelit
547 4123 583 4132 -
609 4092 682 4156 velle,
709 4088 768 4155 ulii,
792 4096 825 4144 ut
847 4089 1012 4153 Manutius,
1035 4091 1100 4145 velte
1123 4090 1185 4145 tolli
1210 4089 1370 4156 iusserunt,

292 4186 406 4242 retento
426 4194 578 4249 proareare,
601 4174 662 4242 alii,
685 4174 742 4230 hoo
764 4173 867 4240 eiecto,
892 4193 945 4248 pro
967 4176 1032 4231 velle
1054 4175 1142 4231 seribi
1166 4184 1216 4230 eut
1238 4191 1371 4247 quaerere

292 4261 394 4333 (Dav.)
422 4271 472 4316 nat
501 4262 590 4316 tollere
622 4259 750 4332 (Gaius).
802 4259 876 4315 Mihi
906 4258 1010 4318 Cicero
1040 4278 1105 4315 curn
1134 4261 1198 4315 uelle
1225 4256 1371 4333 singulari

291 4346 505 4420 significatione
529 4355 660 4419 poneret,
684 4344 792 4400 oblitus
805 4343 930 4414 videtur,
953 4344 1007 4401 hos
1029 4344 1189 4400 infinitivus
1206 4342 1334 4418 pendere
1352 4359 1373 4398 ιι

292 4434 360 4498 uelit,
384 4430 463 4505 quod
486 4430 542 4486 ium
568 4430 656 4504 peulo
678 4429 818 4486 remotius
841 4438 895 4486 est.
928 4429 1040 4487 Neela
1060 4426 1370 4504 henoueglegentieur
