3030 5086
663 400 859 447 nuneramo.
1183 381 1298 447 LXVII

215 568 394 646 pertinent,
423 567 521 647 quod,
549 565 617 631 lieri
646 585 708 631 non
730 573 850 647 potest,
877 567 971 631 utin
998 566 1053 631 tali
1075 567 1300 631 sententiarum

218 674 346 739 ratione
367 691 491 754 semper
512 679 641 765 eertum,
663 673 802 754 aequale,
825 673 1025 754 perspicuum
1047 670 1132 751 fluat,
1155 673 1298 753 quamvis

217 780 262 843 sit
291 780 400 845 (icero
432 772 589 844 scribendi
623 788 655 844 et
688 780 810 845 dicendi
838 779 958 844 artifex.
1007 779 1118 860 Neque
1150 779 1228 844 haee
1256 779 1300 843 ita

219 887 411 963 unnedica,
435 892 473 971 'ut
494 886 672 950 haerentem
695 904 810 966 magna
831 905 899 951 cum
921 886 1014 950 laude
1036 903 1181 950 coronam
1203 885 1300 966 capili

218 993 291 1058 dus
323 991 489 1058 detrahere
516 1011 625 1071 coner,
658 993 712 1074 qui
738 992 808 1073 ipse
835 994 1044 1073 exposuerim,
1078 1010 1159 1074 quae
1186 1011 1300 1058 causae

219 1099 391 1177 effecerint,
413 1106 448 1163 ut
468 1085 519 1163 hie
540 1119 561 1163 a
577 1118 612 1165 se
630 1099 767 1164 nonnihil
783 1100 940 1163 interdum
957 1100 1131 1165 desciscere
1146 1100 1299 1164 videatur.

220 1206 292 1271 Nos
309 1224 383 1271 nero
400 1204 581 1272 Ciceronem
603 1207 795 1271 admiremur
816 1207 849 1269 in
872 1205 1078 1283 orationibus;
1100 1207 1131 1271 in
1154 1206 1241 1271 libris
1260 1208 1300 1270 de

221 1311 423 1394 philosophia
448 1312 637 1394 aoeipiamus
664 1313 773 1391 tuem,
806 1312 907 1394 qualis
937 1330 1007 1378 esse
1033 1314 1149 1393 potuit,
1183 1312 1300 1379 habea-

222 1437 357 1500 musque
389 1418 526 1484 debitam
557 1419 708 1501 gradam,
747 1420 832 1501 quod
864 1426 895 1484 et
927 1419 1040 1484 Latine
1072 1418 1300 1501 philosophiam

221 1526 331 1590 docuit
362 1531 396 1589 et
429 1531 548 1590 tantam
579 1524 742 1590 materiam
775 1527 817 1591 ad
847 1525 1039 1590 Graecorum
1071 1526 1299 1606 philosophiam

220 1632 472 1712 cognoscendam
505 1631 595 1696 n'ohis
627 1633 765 1697 servarit
797 1651 866 1698 oum
899 1633 930 1696 in
963 1632 1076 1698 ceteris
1108 1632 1301 1713 argumentis
1341 1688 1344 1693 .

220 1737 387 1819 librisque,
420 1744 486 1803 trun
512 1738 545 1803 in
572 1738 632 1803 hac
658 1739 842 1820 quaestione
874 1741 914 1803 de
946 1738 1059 1804 finibus
1088 1718 1301 1825 bonorumet

221 1844 388 1909 malorum.

380 2082 597 2134 mdcccxxxlx.
712 2124 715 2130 .
