3030 5086
381 484 425 530 nu
450 485 529 530 usu.
553 485 616 532 me.
640 486 660 531 v
684 485 756 532 cue.
779 488 888 537 st-se.
904 489 1037 546 usu-se.)
1184 469 1244 535 751

169 651 307 733 phesset,
330 660 366 716 ut
387 651 513 733 sepiens
535 650 638 729 inerit,
660 671 763 718 nonne
784 653 904 719 beatior
921 673 1023 735 quum,
1045 660 1082 718 ut
1103 654 1176 719 item
1195 674 1246 720 su·

168 753 258 834 piens
280 752 386 831 doerit,
409 753 462 834 qui
485 755 515 819 in
538 760 698 834 potestate
718 755 854 821 hostium
877 755 988 837 vigiliis
1012 764 1044 821 et
1064 756 1170 822 inedie
1192 774 1247 821 ne-

168 864 256 920 catus
279 866 336 933 est,
358 855 518 936 Regulus?

253 957 399 1022 XXVIII.
428 959 479 1022 83.
508 958 591 1037 Quid
614 976 663 1022 me
684 957 785 1036 istud,
807 957 949 1040 inquom,
971 959 1089 1039 rogus?
1126 959 1249 1026 Stoicos

168 1078 252 1138 roge
297 1059 380 1139 Quid
402 1058 511 1140 igitur,
537 1058 652 1140 inquit,
675 1077 730 1124 eos
752 1077 961 1140 responsuros
982 1062 1098 1140 putas?
1140 1062 1284 1129 Nihnoo
1312 1106 1319 1115 ·

167 1160 337 1226 beatiorem
354 1180 424 1226 esse
435 1159 596 1226 Metellum
612 1179 707 1241 quem
722 1161 883 1240 Regulum.
917 1162 995 1227 Inde
1011 1162 1113 1244 igitur,
1134 1164 1245 1245 iuquit,

167 1262 352 1327 ordiendum
380 1270 435 1327 est
480 1261 598 1326 Temen
627 1281 647 1326 e
673 1262 852 1343 proposito,
882 1264 1024 1345 inquam,
1051 1264 1243 1330 aberremus.

239 1470 258 1515 l.
279 1465 340 1513 Post
358 1464 524 1528 triumphasset
542 1467 600 1516 edd.
619 1465 687 1514 modo
703 1467 723 1514 L
742 1481 774 1515 ex
792 1468 947 1516 correctione
983 1473 1004 1518 2.
1024 1467 1122 1517 bmnium
1141 1484 1189 1519 om.
1201 1469 1244 1519 Pc

168 1539 192 1584 4,
210 1548 290 1597 rupae,
309 1533 404 1596 iuquam
415 1533 550 1586 LPCROr.
586 1539 610 1581 5.
629 1533 799 1597 auqouomc
836 1538 858 1586 t.
877 1534 1018 1584 audiendum
1037 1544 1073 1585 est
1085 1552 1180 1588 omnes.
1200 1536 1242 1585 Or.

167 1602 330 1650 obmavimus
348 1601 393 1652 CR

168 1801 268 1847 tenent
280 1791 360 1850 Cret
373 1800 402 1848 et
414 1792 492 1850 Vict.
505 1809 542 1847 ex
556 1792 591 1858 R,
609 1791 746 1865 idemque
759 1791 834 1847 Dav.
852 1809 868 1847 e
886 1792 954 1849 Per.
971 1797 983 1850 l
998 1805 1134 1851 annotet:
1151 1813 1245 1851 censor

166 1888 235 1933 esset
251 1878 452 1949 superfuisset
468 1878 672 1952 triumphasset3
696 1876 793 1933 Meed.
813 1895 906 1933 censor
922 1880 1000 1934 ctiam
1016 1889 1083 1936 esset
1104 1899 1130 1936 u.
1142 1882 1244 1953 finisset

167 1972 200 2018 tr.
247 1960 345 2019 Ceteri
368 1962 529 2018 deteriores
552 1957 680 2038 (Εξχψ)ι
709 1981 802 2018 censor
823 1965 902 2018 enum
923 1967 1128 2037 superfuisset
1149 1969 1242 2021 tmuiu-

164 2047 291 2121 pbusoet‚
314 2065 330 2103 e
354 2065 412 2120 qno
436 2046 532 2104 Aldus
556 2047 635 2104 Mun.
660 2045 746 2103 fecit:
772 2065 866 2103 censor
886 2051 965 2103 etium
987 2068 1126 2123 nuperque
1141 2051 1244 2122 fuisset

166 2141 191 2187 et
212 2141 256 2200 tn,
280 2132 358 2205 quod
381 2142 485 2206 postes
507 2140 652 2189 retentum
673 2141 726 2188 est.
760 2133 805 2191 Id.
828 2132 906 2205 quod
924 2150 1000 2188 nunc
1019 2133 1125 2202 editur,
1149 2133 1242 2192 Gzius

166 2234 197 2272 se
221 2235 258 2272 ex
282 2216 342 2272 Eri.
361 2226 391 2272 et
407 2216 486 2291 Spin.
510 2217 670 2291 sumpsisse
693 2216 769 2274 falso
791 2227 903 2285 nerrst3
928 2218 979 2274 sed
1002 2228 1099 2274 tumen
1124 2237 1139 2275 e
1162 2219 1241 2276 codi-

165 2319 231 2357 cum
245 2301 396 2358 meliorum
411 2301 544 2376 vestigiis
561 2302 616 2357 hoc
634 2299 775 2370 efficitun3
798 2312 865 2358 essct
882 2302 959 2358 enim
977 2320 1014 2358 ex
1024 2305 1127 2376 fuisset
1143 2304 1242 2361 nescio

165 2386 312 2460 quomodo
330 2397 427 2443 ortum
440 2386 565 2443 videtur.
600 2386 631 2444 si
650 2386 776 2443 Hertelii
794 2386 912 2443 silentio
930 2387 1035 2444 confidi
1053 2399 1159 2463 potest,
1183 2389 1240 2446 iem

165 2471 282 2529 Mersus
305 2471 347 2526 itu
369 2471 495 2546 scripsit
540 2472 575 2528 In
599 2471 644 2527 his
668 2472 768 2529 verbis
795 2481 824 2527 ut
850 2475 957 2546 sapiens
978 2476 1066 2545 suerit
1095 2475 1242 2548 quomodo

165 2565 194 2611 ut
215 2555 342 2631 positum
367 2557 413 2621 sit,
438 2556 546 2613 dictum
571 2567 616 2613 est
638 2556 675 2612 ed
697 2557 803 2624 11‚71.
848 2553 971 2636 [Incipit
992 2558 1064 2615 Piso
1087 2559 1130 2615 sic
1152 2561 1243 2632 (Enyo

164 2641 238 2713 tibi),
268 2641 352 2714 quasi
375 2641 559 2697 subiecturus
583 2641 635 2697 sit:
663 2642 746 2697 nihilo
772 2643 871 2699 mutuor
893 2644 1015 2699 videtur?
1043 2643 1148 2701 deinde
1176 2644 1242 2719 plu·

164 2725 245 2782 ribus
268 2726 451 2800 interpositis
474 2726 508 2781 de
532 2726 654 2783 Metello
676 2726 762 2784 aliter
783 2722 970 2805 interroget]

250 2809 323 2884 Cup.
347 2811 498 2871 XXVIII,
524 2812 573 2868 83.
598 2813 761 2868 audiendum
783 2812 836 2885 est)
859 2808 924 2891 [sic
946 2808 1111 2891 edebatur]
1136 2813 1242 2872 Cicero

164 2894 297 2968 scripsit:
320 2896 477 2951 ordiendum
499 2906 545 2952 cst.
593 2895 746 2970 Significat
768 2896 844 2952 enim
869 2896 954 2962 Piso,
978 2915 1073 2954 novae
1096 2898 1151 2955 sibi
1175 2918 1242 2955 oru-

164 2979 253 3036 tionis
266 2979 380 3035 initium
395 2982 433 3035 ab
445 3000 480 3036 eo
497 2981 682 3054 capiendum,
701 2981 730 3037 in
749 2999 807 3053 quo
826 2981 976 3037 dissensus
993 2990 1023 3037 et
1040 2984 1242 3040 controversie

163 3074 315 3129 muscetum
339 3064 392 3121 cfr.
413 3066 503 3140 Legg.
521 3066 546 3133 Ι,
566 3067 620 3122 21:
649 3086 712 3122 nunu
734 3069 759 3122 si
780 3067 828 3122 boc
850 3086 900 3122 non
919 3067 1035 3142 probas,
1058 3068 1093 3123 ub
1114 3086 1145 3123 eo
1167 3069 1240 3124 nobis

163 3168 248 3206 cuusa
269 3151 400 3207 ordienda
422 3161 461 3206 eet
479 3154 647 3222 potissimum
670 3147 713 3230 [ct
736 3168 825 3225 supra
846 3151 910 3220 III,
938 3152 989 3208 lo:
1017 3153 1078 3209 binc
1105 3155 1174 3208 mmo
1201 3162 1241 3209 est

161 3231 343 3313 ordiendum}
388 3235 617 3311 Aggredientem
647 3235 738 3311 igitur
760 3235 976 3306 demonstrare,
1006 3237 1158 3294 Metellum
1182 3236 1239 3293 Re·

161 3319 232 3394 gulo
256 3321 415 3376 beatiorem
440 3339 518 3390 esse,
549 3320 664 3376 inhibet
686 3319 807 3389 Cicero,
837 3339 895 3376 non
924 3321 953 3377 id
976 3322 1023 3396 egi
1047 3322 1155 3378 dicens.
1203 3321 1240 3378 In

162 3404 303 3462 librorum
334 3406 493 3479 scripturo,
528 3405 554 3462 si
588 3404 711 3461 similem
741 3406 915 3462 sententium
944 3405 1060 3463 efficere
1088 3424 1239 3475 conemur,

162 3507 249 3562 quem
273 3499 302 3545 et
325 3494 405 3562 ipitur
427 3500 456 3546 et
479 3489 631 3549 Ciceronis
653 3508 825 3565 responsum
850 3491 994 3565 postulet,
1023 3491 1148 3566 primum
1178 3494 1241 3549 inde
1292 3516 1294 3520 ⁴

161 3576 258 3630 audire
280 3575 335 3631 hoc
358 3575 538 3650 significatu,
568 3585 601 3631 nt
628 3576 667 3631 sit
694 3575 857 3632 orationem
885 3575 953 3631 inde
976 3575 1164 3650 incipientem
1188 3595 1239 3634 uu-

162 3658 239 3728 dire,
269 3678 390 3733 prorsus
412 3660 552 3717 inusitato
580 3660 701 3728 diuitum
735 3660 855 3727 deinde,
884 3661 908 3716 si
936 3678 968 3716 se
997 3661 1143 3718 dicturum
1167 3662 1238 3719 Piso

161 3744 350 3819 significaret,
373 3744 476 3801 saltem
499 3746 572 3802 uobis
594 3745 730 3813 adderem
752 3763 835 3815 nem,
859 3745 914 3802 hoc
937 3746 1060 3814 omisso,
1084 3747 1141 3803 sibi
1164 3746 1239 3803 elios

161 3828 323 3885 audiendos
347 3829 500 3904 significat.
546 3830 742 3904 Relinquitur,
766 3840 798 3886 ut
820 3848 852 3886 se
874 3830 961 3887 buius
981 3830 1099 3889 Stoicae
1122 3841 1237 3889 senteu-

161 3913 219 3970 tiue
243 3913 442 3971 defensionem
462 3915 564 3971 audire
582 3914 658 3972 veile
676 3915 768 3984 dicet;
791 3915 873 3989 etqui
896 3925 959 3972 tum
981 3924 1011 3972 et
1033 3919 1096 3973 iude
1116 3934 1238 3992 prorsus

160 4017 283 4072 pravum
313 4008 355 4055 est
377 4000 491 4074 (iteque
513 4000 641 4057 Kernius
664 4000 754 4057 vertit
780 4001 926 4074 domim),
956 4019 1052 4074 neque
1074 4002 1238 4058 audendum

159 4085 298 4156 estonihi)
311 4084 353 4140 sic
370 4085 427 4140 dici
447 4094 544 4159 potest
566 4085 603 4142 ab
626 4103 671 4154 eo,
695 4085 744 4159 qui
767 4084 879 4159 eliqnid
902 4085 1005 4143 audire
1028 4086 1118 4161 cupit,
1141 4103 1238 4160 neque

159 4169 265 4233 omitti
289 4188 363 4242 quos
386 4170 487 4226 audire
512 4170 592 4226 velit
639 4169 760 4244 Siquis
782 4178 879 4227 eutem
903 4171 983 4242 (nem
1008 4171 1106 4228 omnis
1128 4168 1238 4246 effugia

159 4253 376 4328 praecludenda
400 4260 497 4328 puto),
521 4255 546 4311 si
569 4255 634 4329 quis
657 4255 747 4331 igitur
769 4257 831 4311 inde
853 4255 1007 4332 intelleget
1027 4276 1046 4313 α
1068 4257 1180 4324 Stoicis,
1204 4265 1237 4312 ut

159 4339 292 4396 omittam
311 4340 464 4396 dicendum
482 4338 574 4397 fuisse
593 4343 670 4396 istinc
687 4343 737 4412 (ex
754 4340 799 4401 iis,
817 4358 892 4414 quos
905 4350 936 4398 tu
948 4358 1025 4398 nuunc
1037 4340 1108 4397 mihi
1120 4339 1235 4414 obicis),

158 4434 188 4480 et
211 4425 297 4481 nimis
320 4425 444 4485 obscure
467 4437 496 4481 et
520 4424 632 4482 infinite
655 4425 703 4481 hic
725 4443 842 4501 qnoque
864 4425 922 4483 dici
945 4427 1107 4483 audiendum
1129 4435 1183 4493 est,
1205 4434 1237 4482 et
