3030 5086
255 450 318 517 252
645 468 689 513 55
712 467 843 515 uramus
865 468 939 514 sou.

254 634 324 700 licia
352 642 384 701 et
410 634 485 700 iana
507 643 733 714 contemneret;
761 635 806 699 ita
828 654 889 699 nou
912 635 1040 699 timidus
1062 637 1102 699 ad
1124 641 1271 714 mortem,
1298 640 1336 700 ut

254 738 286 802 in
304 737 370 802 acie
387 738 428 802 sit
444 738 483 802 ob
503 756 567 802 rem
584 737 738 818 publicam
755 736 945 801 interfectus.
980 737 1030 801 64.
1054 734 1251 817 Cupiditates
1270 755 1335 801 non

254 840 380 920 Epicuri
401 839 551 904 divisione
569 837 705 917 finiebat,
729 839 786 903 sed
803 857 861 902 sua
878 839 1048 904 satietate·
1065 838 1211 903 Habebat
1227 845 1335 903 tamen

255 941 408 1005 rationem
437 940 638 1018 valetudinis3
671 940 819 1005 utebatur
845 940 885 1005 iis
913 940 1200 1019 exercitationibuS,
1228 945 1264 1004 ut
1292 940 1335 1004 ad

216 1042 237 1108 5
255 1060 362 1107 cenam
386 1051 418 1106 et
439 1042 546 1105 sitiens
568 1047 600 1107 et
622 1042 764 1106 esuriens
786 1041 921 1120 veniret,
952 1061 989 1107 eo
1012 1041 1096 1120 cibo,
1126 1041 1179 1122 qui
1207 1047 1239 1106 ct
1261 1059 1335 1107 sva·

255 1143 401 1208 vissimus
424 1150 508 1208 esset
529 1151 561 1208 et
581 1144 662 1207 idem
685 1143 849 1208 facillimus
865 1144 908 1208 ad
926 1145 1189 1224 concoquendum,
1211 1143 1285 1207 vino
1303 1150 1337 1208 et
1441 1223 1444 1227 .

256 1246 296 1309 ad
320 1245 510 1325 voluptatem
534 1253 566 1309 et
586 1264 625 1309 ne
648 1254 782 1310 noceret.
816 1245 928 1310 Cetera
949 1246 1003 1310 illa
1021 1245 1198 1324 adhibebat,
1219 1245 1334 1326 quibus

257 1347 391 1428 demptis
425 1355 518 1426 negat
550 1365 584 1411 se
612 1347 766 1427 Epicurus
799 1347 993 1428 intellegere,
1027 1348 1102 1428 quid
1136 1348 1177 1411 sit
1209 1347 1325 1411 bonum

255 1449 372 1513 Aberat
395 1448 495 1513 omnis
518 1449 620 1526 dolor;
648 1447 702 1529 qui
724 1449 751 1512 si
773 1449 915 1527 adesset,
947 1468 1003 1515 uec
1024 1449 1160 1514 molliter
1181 1447 1281 1513 ferret
1303 1453 1337 1512 et

325 1610 347 1651 t.
371 1602 463 1649 ratione
486 1616 572 1649 omncs
611 1600 758 1666 {ualitudinem
779 1600 812 1668 A]
837 1601 874 1650 lu
898 1601 1086 1668 [AltLMlCOr.
1133 1609 1154 1651 5.
1177 1601 1275 1669 [equam
1293 1599 1331 1670 A]

255 1686 349 1718 scenam
370 1671 389 1717 E
426 1678 447 1717 et
465 1670 570 1718 esurbne
588 1670 708 1718 atritione
727 1670 890 1722 LPMCROr.
938 1677 959 1719 6.
979 1670 1121 1733 coquendum
1140 1671 1184 1721 EC
1230 1678 1252 1723 9.
1272 1670 1335 1723 enen

255 1741 312 1802 (pro
331 1740 415 1797 onrnr's)
435 1739 486 1786 Mli
504 1739 564 1786 enim
582 1740 655 1786 ornnt'e
675 1739 695 1788 C

256 1859 328 1915 velit
351 1871 380 1915 et
402 1860 430 1916 in
456 1879 490 1916 eo
515 1861 653 1916 momenti
676 1861 788 1933 aliquid
811 1879 885 1925 esee,
911 1860 988 1933 quod
1011 1875 1168 1933 utrumque
1191 1859 1241 1917 ille
1263 1879 1334 1918 con-

255 1946 415 2019 tempserit.
462 1945 577 2002 Vitiose
601 1945 673 2001 haec
695 1946 856 2020 particulae
879 1945 1056 2020 geminatio,
1073 1963 1160 2018 quarn
1185 1945 1272 2000 etiam
1296 1945 1337 2002 ed

256 2030 280 2089 I,
295 2031 333 2086 22
357 2030 533 2105 reprehendi
557 2032 597 2101 (et
620 2031 689 2086 olim
714 2031 742 2086 in
757 2031 840 2086 Verr.
861 2031 915 2098 IV,
930 2031 992 2102 51),
1016 2029 1134 2103 saepius
1157 2029 1335 2104 expellenda

256 2116 321 2183 erit,
345 2125 377 2171 ut
400 2116 427 2171 h.
451 2115 516 2171 libr.
537 2116 576 2171 84
600 2119 636 2189 (et
659 2116 761 2172 tuebere
783 2126 807 2172 et
829 2119 950 2187 munies).
975 2115 1029 2181 IV,
1049 2116 1065 2171 7
1085 2116 1121 2187 (et
1143 2116 1218 2171 Zeno
1239 2125 1264 2172 et
1286 2119 1337 2190 qui

254 2201 290 2256 ab
312 2219 341 2256 eo
363 2210 439 2268 surrt,
469 2201 553 2274 quasi
577 2219 634 2255 non
658 2219 716 2256 una
739 2201 840 2256 schola
862 2200 1070 2275 significetur),
1096 2201 1148 2267 IV,
1173 2200 1213 2256 43
1236 2202 1274 2274 (et
1296 2201 1338 2257 ad

256 2296 382 2341 araturam
404 2288 603 2343 accommodata
632 2296 656 2341 et
674 2305 725 2359 per
746 2305 774 2342 se
796 2287 984 2358 assitmenda),
1014 2287 1051 2354 V,
1080 2287 1114 2341 15
1139 2290 1176 2356 (et
1198 2288 1268 2342 uitae
1289 2288 1336 2342 uia

255 2374 481 2445 conformatioque
514 2375 628 2426 orrnu'um
656 2372 829 2443 officiorum);
864 2373 916 2427 bos
951 2372 1024 2427 duos
1058 2381 1223 2445 postremos
1252 2371 1336 2428 locos

256 2456 334 2512 idem
359 2455 452 2513 Gzius
475 2466 657 2530 corruperat.

342 2542 392 2597 64.
416 2542 455 2596 acl
471 2541 698 2614 concoquendum)
712 2540 771 2596 Erl.
785 2538 828 2617 [et
842 2538 881 2616 B]
900 2541 1046 2614 triumque
1059 2539 1138 2598 Oxx.
1156 2541 1333 2614 scripturam

255 2625 329 2682 nihil
341 2625 396 2681 nisi
411 2625 545 2681 mendum
559 2637 640 2700 puto,
653 2626 702 2699 qui
715 2644 780 2682 cum
791 2626 1021 2701 Spaldingio(ad
1034 2624 1126 2697 Quint
1145 2626 1232 2690 VIII,
1241 2629 1270 2695 4,
1281 2628 1334 2700 16)

255 2728 414 2784 numquam
438 2729 550 2784 coquere
571 2713 656 2767 cibum
680 2730 733 2785 pro
755 2730 915 2784 concoquere
934 2710 1043 2766 dictum
1064 2710 1190 2767 credam.
1226 2711 1334 2784 Neque

255 2795 332 2850 enim
357 2795 477 2852 verbum
502 2796 530 2852 in
554 2815 589 2852 eo
612 2796 676 2871 ipso
699 2796 894 2864 substantivo,
918 2796 947 2851 in
971 2814 1029 2869 quo
1053 2805 1161 2852 certam
1186 2795 1334 2871 signitica-

255 2880 363 2936 tionem
388 2880 519 2948 haberot,
543 2880 695 2937 transferri
719 2881 778 2937 alio
801 2881 905 2955 potuit.
938 2881 1043 2954 Itaque
1067 2880 1154 2936 etiam
1179 2880 1217 2938 N.
1232 2881 1269 2938 D.
1290 2882 1333 2952 11,

258 2966 316 3021 136
336 2974 365 3021 et
382 2966 438 3021 137
463 2965 588 3022 scribam
612 2977 758 3023 concoctos.
792 2967 918 3036 (Saeuam
941 2966 1028 3022 etiam
1043 2965 1121 3041 Spir.
1134 2963 1190 3043 [B]
1207 2976 1237 3023 et
1249 2966 1334 3039 Bae.)

340 3061 364 3107 et
386 3069 417 3106 ne
439 3052 554 3123 noceret)
578 3051 607 3107 id
631 3061 685 3117 oet,
709 3070 773 3107 cum
798 3070 833 3107 eu
855 3052 999 3113 cantione,
1024 3070 1060 3106 ne
1078 3061 1206 3108 noceret.
1240 3052 1333 3109 Recte

255 3147 351 3192 tamen
370 3136 600 3211 Wesenbergius
624 3147 730 3200 monet,
755 3135 927 3194 Ciceronem
951 3137 1006 3192 hac
1028 3136 1242 3212 significatione
1260 3136 1334 3195 alibi

254 3240 370 3295 semper
392 3221 489 3276 dicero
513 3232 541 3277 ut
563 3242 594 3277 ne
616 3223 682 3295 (pro
707 3222 792 3279 Boeo.
818 3224 887 3278 Am.
912 3223 961 3291 55,
985 3222 1014 3278 in
1039 3223 1124 3278 Verr.
1148 3223 1194 3287 Il,
1215 3223 1270 3292 73,
1294 3222 1332 3279 ad

254 3306 336 3362 Fani.
360 3307 447 3373 XVI,
473 3306 505 3362 9.
531 3306 564 3374 3,
589 3307 624 3363 de
648 3306 706 3363 Off.
730 3307 771 3374 II,
795 3308 850 3371 72,
874 3307 909 3362 de
934 3308 1008 3363 Fato
1032 3308 1087 3378 29,
1111 3307 1161 3365 ubi
1184 3307 1269 3377 item,
1299 3317 1334 3365 ut

255 3390 316 3459 hic,
345 3411 402 3447 non
431 3392 582 3466 praecedit
609 3396 666 3464 ita).
714 3392 772 3450 Sed
801 3401 897 3448 tamen
927 3393 1052 3468 simplex
1081 3412 1113 3449 ne
1139 3393 1182 3449 sic
1209 3393 1333 3468 ponitur·

174 3533 177 3542 ,
253 3476 332 3550 apud
355 3477 475 3533 Terent.
499 3478 606 3536 lleaut.
630 3477 685 3544 IV,
710 3478 737 3542 5.
762 3478 811 3542 35,
842 3478 927 3535 Caes.
950 3479 986 3534 B.
1008 3477 1041 3535 C.
1064 3478 1127 3547 III,
1152 3479 1190 3535 56
1215 3479 1332 3550 (mutum

253 3579 301 3628 ne,
326 3561 352 3616 id
377 3573 435 3617 est:
469 3582 521 3617 urm
542 3566 645 3619 emunt.
675 3565 742 3618 dass
763 3564 849 3630 nr'cl1t3
883 3564 932 3619 elii
957 3575 1053 3619 tamen
1077 3563 1194 3620 codices
1217 3566 1258 3620 uti
1277 3565 1331 3640 ne),

255 3645 318 3703 Liv.
344 3646 449 3713 XXII,
475 3648 524 3714 61,
550 3649 577 3715 5,
602 3644 737 3726 [ΧΧΧΙ,
764 3649 812 3717 95,
829 3651 856 3708 6,
880 3649 945 3712 XL,
974 3648 1020 3716 15,
1046 3644 1088 3727 6],
1113 3649 1184 3705 Tac
1197 3652 1277 3705 Anu.
1289 3649 1331 3720 11,

254 3731 304 3787 29.
335 3731 430 3799 (Haeo
449 3750 565 3805 quoqne
579 3733 808 3809 Wesenbergius
826 3734 966 3809 collegit.)
995 3729 1151 3812 [Horatius
1169 3737 1207 3789 ita
1229 3752 1268 3794 ne,
1291 3737 1332 3791 eia

252 3836 284 3872 ne
307 3817 405 3890 posuit
429 3817 482 3890 Ep.
508 3817 538 3879 I,
567 3817 619 3882 13,
648 3820 699 3876 12.
734 3822 771 3875 A.
798 3819 831 3876 P.
862 3821 935 3886 151,
960 3819 1030 3874 227.
1075 3819 1121 3874 De
1145 3818 1332 3891 Quintiliano

253 3901 310 3957 vid.
337 3901 507 3959 Bounellus.
552 3902 777 3961 ciceronianum
807 3904 974 3979 exemplum
1007 3922 1063 3959 non
1088 3913 1236 3978 repertum
1261 3899 1331 3983 est]

338 4007 384 4043 nec
396 3990 507 4043 molliter
512 3989 612 4061 ferret)
621 3989 706 4045 Patet
719 4007 791 4056 esse,
806 3989 886 4045 molli
899 3990 1006 4057 animo,
1020 3988 1062 4044 ita
1073 3998 1104 4045 ut
1117 3991 1330 4060 succumberet,

252 4071 316 4147 ipse
339 4076 365 4127 in
388 4074 478 4128 dolore
499 4075 595 4140 mollis,
619 4083 652 4129 ut.
673 4074 781 4131 dicitur
803 4075 817 4130 I
841 4073 899 4132 Off.
924 4076 972 4130 71.
1020 4072 1096 4151 [Cir.
1109 4073 1181 4132 Sall.
1196 4075 1260 4151 lug.
1273 4075 1331 4132 822

251 4159 330 4214 nimis
353 4160 465 4214 molliter
486 4160 677 4231 aequitarlr'nem
696 4163 765 4234 pati.
802 4160 903 4216 Senoc.
917 4160 970 4233 Ep.
985 4160 1022 4215 99
1037 4158 1116 4237 init]
1149 4160 1224 4217 'Iam
1241 4159 1330 4217 facile

252 4242 324 4298 haee
348 4243 522 4318 significutio
545 4245 640 4301 oritur
663 4263 699 4300 ex
717 4245 863 4301 communi
882 4246 1033 4319 utriusque
1053 4246 1134 4301 vocis
1151 4264 1214 4312 neu,
1238 4256 1279 4314 ut,
1304 4245 1331 4302 si

252 4328 318 4399 quis
347 4329 455 4384 nullam
486 4330 641 4385 verborum
671 4330 904 4385 coniunctionem
935 4331 1069 4387 Latinam
1103 4330 1269 4407 arnbignam
1300 4340 1332 4388 et

251 4413 410 4488 ancipitem
433 4432 500 4501 esse,
519 4422 615 4490 putet,
636 4415 734 4488 potius
757 4415 891 4471 dubitare
915 4415 1021 4484 debere
1044 4416 1179 4473 videatur
1201 4416 1237 4473 de
1260 4434 1331 4474 con·
