3030 5086
412 384 480 448 'nr
504 402 584 449 nau.
607 402 671 449 nm.
695 403 706 448 r
728 402 801 450 car.
823 403 929 450 ra-ra.
946 401 1080 463 (es-so.)
1255 360 1297 449 99

217 569 305 648 quod
326 569 510 649 tranquillet
531 569 667 648 animos,
697 578 762 634 tum
785 587 855 650 spe,
883 568 960 634 nihil
982 587 1090 633 earum
1115 587 1218 634 rerum
1241 570 1297 634 de-

217 668 366 747 futumm
389 688 469 752 quas
491 679 606 736 natura
629 689 691 735 non
715 671 889 751 depravata
910 670 1076 736 desideret.
1121 668 1168 733 Et
1189 689 1296 752 quem-

216 772 387 836 admodum
420 772 579 837 temeritas
607 779 639 837 et
663 773 759 838 libido
792 779 824 837 et
847 772 993 854 ignavia·
1009 791 1132 853 semper
1160 773 1297 838 animum

216 873 400 938 excruciant
431 883 464 939 et
495 892 620 955 semper
653 874 818 939 sollicitant
845 874 1106 956 turbulentaeque
1133 880 1219 953 sunt,
1253 875 1297 940 sic

217 974 397 1055 improbitas
429 976 455 1040 si
486 977 574 1041 ouius
607 977 638 1042 in
671 986 775 1041 mente
807 975 962 1055 consedit,
1001 976 1060 1041 hoo
1091 977 1177 1059 ipso,
1210 976 1335 1058 quodb

293 1163 474 1225 lsulannnli
511 1168 533 1212 2.
551 1167 638 1213 nostra
654 1179 707 1228 ipro
725 1162 853 1221 natara)C
885 1180 930 1211 non
949 1178 997 1211 orn.
1018 1162 1115 1213 PblCR
1145 1162 1296 1213 dardane
1387 1190 1390 1195 ·

217 1230 254 1280 Et
271 1246 321 1280 our.
341 1246 435 1281 omnes.
471 1231 601 1294 poemadm.
621 1231 692 1282 libido
708 1232 827 1281 temeritas
845 1231 905 1280 ella
941 1238 962 1279 3.
982 1248 1074 1295 semper
1091 1232 1175 1282 amb
1212 1237 1233 1281 5.
1253 1231 1296 1280 inr-

213 1299 325 1363 probitae
342 1300 367 1349 si
382 1315 431 1351 om.
450 1315 550 1359 omnem
568 1300 683 1350 amana
700 1301 766 1350 caina
785 1301 821 1350 Or
847 1314 904 1348 cum
924 1300 1007 1348 mandi
1025 1300 1092 1349 notis

217 1457 311 1530 igitur
328 1458 448 1513 verbum
473 1457 626 1527 eiusmodi,
650 1468 683 1513 ut
706 1457 778 1512 baec
800 1467 877 1512 esset
899 1454 993 1512 forma
1015 1455 1156 1513 orationis
1179 1465 1210 1512 et
1231 1474 1296 1513 sea·

219 1541 346 1598 tentiae:
368 1543 476 1615 aliquid
497 1544 602 1615 (offert)
625 1561 685 1598 cum
705 1532 757 1598 arra
779 1545 813 1599 oi.
850 1539 916 1619 [Sic
938 1542 966 1598 A
991 1560 1045 1616 pro
1068 1544 1095 1597 oi
1115 1561 1175 1597 arna.
1209 1541 1297 1615 Affert

218 1628 279 1683 iam
302 1626 359 1686 Th.
381 1626 519 1684 Bentleio
547 1627 576 1683 in
606 1637 731 1684 mentem
756 1623 901 1703 venerat]
949 1628 1016 1682 Cum
1044 1645 1097 1700 pro
1121 1635 1189 1692 tum
1217 1624 1315 1699 quod·
1379 1627 1388 1647 ⁶

218 1712 370 1777 edebatur
395 1710 488 1769 Gaius
511 1712 640 1769 restituit
662 1731 699 1768 ex
725 1711 805 1782 „suia
827 1710 981 1767 omnibus“
1008 1706 1074 1783 (Εξ)
1097 1708 1194 1788 [ΑΒ].

306 1807 404 1853 natam
426 1816 477 1852 non
500 1795 663 1892 depravata)
686 1796 823 1854 inanibus
845 1796 1057 1892 cupiditatibus
1079 1796 1107 1866 (ξ
1131 1797 1199 1889 43);
1228 1813 1295 1851 nam

217 1891 299 1938 recte
322 1878 462 1939 iudicanti
491 1865 739 1956 εὐσυμπλήρωτόν
767 1899 799 1937 τε
821 1870 869 1936 καὶ
893 1868 1066 1977 einipeonon
1087 1869 1123 1936 τὸ
1144 1877 1203 1936 τῶν
1226 1870 1295 1955 dya-

217 1963 286 2022 θῶν
306 1959 400 2041 πέρας
417 1967 516 2040 (Diog.
530 1967 571 2037 X,
587 1967 668 2038 133)
714 1965 834 2021 Excidit
855 1985 906 2021 non
929 1964 957 2020 in
982 1964 1065 2023 codd.
1084 1963 1295 2034 deterioribas;

216 2051 349 2108 restituit
371 2052 483 2126 primus
505 2051 623 2119 Lamb.;
632 2050 795 2106 habebant
817 2051 947 2125 (praeter
969 2049 1053 2122 Eri),
1077 2049 1183 2118 Pali
1208 2049 1296 2118 scal„

218 2135 298 2211 Spin
323 2132 401 2216 [B,]
425 2137 488 2193 cod.
513 2133 628 2208 Urs.(?)
678 2136 713 2193 In
736 2135 784 2194 El.
809 2136 827 2191 2
851 2143 915 2191 erat
936 2145 1035 2191 antara
1057 2137 1174 2191 nondam
1196 2137 1295 2209 depro-

137 2226 140 2230 ’
219 2232 297 2289 noto
326 2221 424 2278 inutili
453 2137 628 2277 mutatione.)
668 2222 826 2280 Desideret
856 2218 934 2294 quod
961 2237 1073 2295 paucae
1097 2228 1211 2283 aeteus
1234 2218 1295 2276 edi·

216 2306 316 2363 tiones
334 2305 480 2370 habebant
498 2307 544 2374 (Β,
559 2306 683 2370 Marsus,
702 2306 832 2362 Lamb.
824 2324 854 2362 rn
872 2324 928 2380 mg.
947 2314 1039 2381 repet.
1052 2304 1121 2361 edit.
1134 2323 1149 2361 e
1162 2324 1210 2377 „a
1224 2322 1249 2362 c.
1255 2307 1295 2376 ⁸⁴),

217 2390 325 2447 deinde
344 2390 441 2458 Grut.⁸
466 2391 552 2459 Dav„
576 2389 655 2448 Oxx·
678 2390 840 2460 ediderant,
865 2390 947 2447 nulla
968 2390 1084 2446 adiecta
1105 2390 1190 2448 codd.
1217 2409 1295 2446 men·

217 2475 300 2533 tione
323 2471 401 2546 (nam
432 2474 554 2534 Gruteri
583 2486 653 2531 nota
681 2476 718 2531 ad
747 2475 840 2531 solam
870 2493 970 2531 vocem
1000 2495 1051 2531 nori
1080 2475 1234 2551 pertinet),
1264 2475 1294 2532 in

147 2575 150 2580 ·
216 2561 369 2618 codicibus
392 2580 471 2630 esse,
499 2578 576 2617 nunc
598 2560 713 2616 dernnm
738 2561 941 2628 confirmatum
969 2578 1036 2616 nam
1060 2559 1155 2618 Gaius
1181 2560 1296 2617 rettulit

216 2646 369 2708 desiderat,
403 2646 495 2702 nihilo
529 2646 595 2720 plus
624 2645 733 2702 dicens.
784 2644 1009 2703 Coniunclivum
1042 2645 1172 2720 postulat
1200 2644 1296 2702 oratio

217 2730 348 2804 obliqua.

305 2816 347 2871 Et
364 2812 606 2895 ¹quamadmodum)
630 2815 749 2871 Retinui
772 2823 809 2872 et.
833 2814 964 2871 additum
987 2832 1006 2870 a
1028 2813 1294 2890 Lambino‚·quod

218 2900 384 2957 necessario
408 2901 495 2968 haec,
524 2919 598 2973 quae
627 2918 642 2955 e
672 2899 819 2956 contraria
848 2908 930 2975 parte
958 2898 1120 2956 iniustitiae
1149 2898 1295 2968 dicunt-ur,

217 3003 283 3041 cum
307 2985 509 3059 superioribus
531 2984 731 3041 connectenda
754 2983 883 3041 fuerunt.

303 3073 341 3126 sic
363 3072 519 3145 improbitas
541 3074 566 3125 si
586 3072 675 3143 cuias)
699 3072 733 3126 ln
758 3068 912 3125 meliorum
931 3068 1063 3125 codicum
1083 3069 1159 3138 (Pal.
1178 3071 1204 3134 1,
1223 3068 1294 3139 Eri,

219 3154 306 3229 Spir..
330 3151 395 3236 [tt]
418 3175 475 3231 mg.
501 3153 593 3226 Crat.)
617 3155 762 3229 scriptura
785 3156 835 3226 (sic
857 3157 932 3210 cuius
954 3156 981 3209 in
1003 3163 1087 3209 mente
1108 3155 1225 3209 coaccedit
1247 3154 1296 3210 lton

217 3243 277 3314 ipso
298 3243 373 3315 quod
393 3243 471 3296 adast
489 3241 639 3296 turbulento
657 3251 681 3297 et
697 3244 722 3296 si
737 3246 809 3311 vcro)
827 3246 952 3314 apparet
969 3238 1113 3295 excidisse
1132 3238 1294 3294 subiectum

219 3326 399 3394 sententiae,
423 3335 484 3381 tum
508 3326 629 3381 verbum
654 3325 755 3382 deesse
778 3324 814 3380 ad
838 3323 1014 3380 adiectivum
1038 3324 1203 3392 turbulento3
1227 3342 1294 3378 nam

219 3420 298 3465 recte
321 3411 422 3467 abesse
446 3429 532 3484 posse
555 3410 583 3466 in
608 3409 659 3465 lali
684 3410 830 3478 oratione,
860 3408 937 3467 Gzio
961 3408 1136 3464 credendum
1160 3426 1217 3464 non
1241 3417 1294 3464 est.

220 3495 267 3550 Ac
280 3495 398 3557 verbum
413 3495 529 3568 quidem
543 3495 572 3550 in
585 3504 609 3550 et
621 3494 722 3562 latere,
741 3513 815 3568 quae
830 3493 975 3568 particula
988 3494 1074 3568 plane
1086 3511 1145 3548 non
1157 3493 1296 3549 convenit

220 3596 285 3634 curn
309 3583 334 3634 ci
353 3599 420 3647 vero,
444 3580 518 3634 vidit
539 3579 595 3635 iam
609 3578 765 3638 Gruterus.
800 3579 970 3636 Subiectum
989 3579 1070 3635 varie
1088 3577 1209 3647 addunt,
1232 3577 1295 3651 ple·

218 3663 301 3736 rique
314 3682 351 3720 ex
365 3664 463 3722 Ursini
477 3664 586 3728 codice
605 3665 635 3720 id
647 3675 699 3731 est,
719 3665 901 3721 coniectura:
918 3667 956 3720 sic
967 3667 1096 3719 irn'uslr'tia
1107 3666 1192 3731 cuias,
1206 3662 1295 3737 paulo

217 3748 335 3804 duriore
359 3750 514 3805 verborum
540 3750 642 3805 ordine
671 3758 701 3806 et
728 3749 844 3805 relativi
868 3748 1089 3816 coniunctiouc;
1120 3748 1295 3804 Lambinus:

216 3836 255 3888 nic
277 3837 353 3889 canios
382 3838 407 3890 in
436 3845 519 3889 niente
540 3838 684 3902 indrstitia;
714 3834 742 3891 in
772 3843 874 3890 nostra
902 3833 1015 3889 ratione
1045 3833 1087 3904 (in
1111 3851 1200 3905 quarn
1222 3832 1295 3888 inci·

217 3917 300 3974 derat
328 3919 416 3975 etiam
446 3938 550 3975 censor
578 3919 695 3992 quidam
725 3919 861 3976 editionis
890 3916 1036 3990 Gaianae)
1063 3927 1091 3973 et
1119 3915 1235 3973 facilior
1262 3915 1296 3972 fit

216 4004 311 4058 oratio
335 4014 363 4059 et
386 4016 518 4079 apparet,
542 4005 655 4060 librarii
678 4005 794 4061 oculum
813 4003 965 4060 aberrasse
982 4003 1012 4059 in
1030 4002 1136 4059 litteris
1154 4004 1200 4058 sic.
1236 4000 1295 4060 Sed

215 4090 372 4163 inprobitas
396 4090 500 4165 scripsi
524 4090 622 4164 potius
645 4109 732 4162 quam
755 4091 894 4155 insterstitia,
918 4089 997 4161 quod
1013 4086 1187 4162 prudentiae
1205 4096 1294 4142 teme·

216 4173 350 4237 ritatem,
375 4175 586 4249 temperantiae
609 4174 760 4230 libidinem
784 4173 889 4232 Cicero
912 4173 1076 4230 contrarias
1098 4172 1211 4247 posuit,
1236 4190 1294 4227 non

216 4258 444 4333 imprudentiam
468 4270 497 4316 et
519 4260 785 4334 intemperantiam,
812 4268 841 4315 et
863 4258 941 4332 qnod
965 4258 1098 4332 sequitur
1115 4257 1296 4331 improborum

217 4347 292 4406 sacta
309 4356 338 4402 et
351 4345 417 4418 (53)
428 4347 590 4418 fupiendam
607 4346 808 4420 improbitatem.
843 4345 878 4401 In
896 4361 941 4413 eo,
961 4344 1040 4417 quod
1052 4343 1077 4401 1.
1090 4343 1125 4400 F.
1140 4340 1294 4400 Gronorio

1057 4457 1089 4506 7*
