3030 5086
461 543 504 587 nr
528 541 608 587 unu.
631 541 694 586 rna.
720 542 739 587 v
762 540 835 587 cnr.
858 543 895 589 rr.
915 542 1045 595 ‹as-u.)
1083 541 1087 547 ’
1230 520 1290 586 691

216 724 251 777 ut
273 732 293 776 a
316 729 450 792 corpore
472 711 588 787 ordiar,
611 710 747 788 videsne,
770 717 813 783 ut,
836 709 863 773 si
882 728 963 789 quae
982 709 1012 771 in
1032 707 1177 772 membris
1193 726 1294 788 prava

217 828 272 879 aut
288 813 448 878 debilitata
466 817 520 875 aut
536 812 699 875 imminuta
712 813 782 888 sint,
800 811 955 875 occultent
971 810 1132 874 homines?
1148 816 1184 873 ut
1200 809 1292 873 etiam

217 916 407 981 contendant
429 927 460 978 et
482 913 650 990 elaborent,
673 913 700 977 si
723 911 845 977 efficere
866 912 996 993 possint
1018 921 1054 976 ut
1075 921 1131 976 aut
1152 930 1214 976 non
1236 930 1293 991 ap·
1318 958 1323 968 .

217 1026 329 1099 pareat
351 1016 492 1096 corporis
515 1014 624 1078 vitium
646 1023 703 1078 aut
724 1033 817 1095 quam
841 1015 999 1078 minimum
1021 1019 1189 1097 appareat,
1214 1013 1293 1076 mul-

217 1126 330 1200 tosque
352 1118 445 1181 etiam
468 1116 593 1181 dolores
616 1116 783 1180 curationis
805 1134 902 1180 causa
923 1116 1093 1196 perierant,
1114 1123 1157 1195 ut,
1181 1115 1207 1179 si
1227 1117 1294 1196 ipse
1312 1115 1332 1177 5

165 1274 168 1279 .
217 1240 293 1286 usus
317 1219 524 1284 membrorum
547 1238 609 1282 non
631 1218 724 1281 modo
747 1237 808 1282 non
828 1219 936 1296 maior,
960 1237 1066 1282 verum
1084 1220 1176 1282 etiam
1193 1219 1296 1282 minor

217 1322 342 1387 futurus
365 1323 419 1399 sit,
448 1338 556 1384 eorum
584 1326 687 1383 tamen
715 1320 836 1400 specics
863 1320 906 1383 ad
930 1325 1073 1384 naturam
1097 1319 1296 1384 revertatur?

218 1424 349 1501 Etenim,
372 1441 440 1487 cum
464 1440 571 1485 omnes
594 1429 706 1485 natura
729 1428 813 1485 totos
835 1441 869 1485 se
888 1423 1078 1502 expetendos
1097 1428 1216 1502 putent,
1239 1439 1296 1485 neo

218 1527 249 1591 id
272 1527 310 1590 ob
333 1525 425 1589 aliam
449 1542 523 1601 rem,
546 1524 603 1587 sed
625 1529 757 1605 propter
779 1524 874 1604 ipsos,
897 1542 1024 1588 necesse
1046 1531 1096 1589 est
1117 1524 1184 1588 eius
1203 1523 1295 1588 etiam

218 1635 326 1710 partes
348 1631 479 1708 propter
501 1643 535 1688 so
558 1625 669 1705 expeti,
693 1626 777 1705 quod
799 1626 977 1690 universum
1000 1637 1132 1707 propter
1151 1645 1185 1690 se
1202 1645 1294 1706 expe·
1316 1625 1356 1688 10

218 1737 312 1793 tatur.
354 1729 406 1791 41.
430 1727 533 1805 Quid?
563 1727 594 1790 in
621 1736 708 1790 motu
730 1727 814 1791 etin
837 1735 921 1791 statu
945 1729 1085 1808 corporis
1108 1727 1184 1792 nihil
1205 1728 1295 1805 inest,

293 1923 310 1962 Ι.
330 1913 418 1963 ordcar
437 1915 458 1962 Ε
494 1922 519 1962 ut
537 1929 583 1962 om.
606 1914 648 1961 ΕΡ
684 1931 733 1977 qua
751 1931 795 1977 quc
813 1914 837 1962 iu
856 1915 898 1964 LC
918 1932 966 1978 qua
984 1915 1008 1963 in
1028 1915 1092 1965 ROr.
1135 1923 1156 1964 2.
1176 1915 1296 1964 trauan.

218 1985 341 2033 immutata
365 1982 385 2032 Ο
438 1988 461 2029 3.
487 1981 592 2031 laborent
615 1983 635 2031 C
676 1991 774 2045 possent
797 1983 818 2030 L
872 1989 893 2030 5.
913 1983 1042 2032 curationis
1064 2001 1140 2032 causo
1163 1983 1255 2032 dolores
1277 1986 1297 2031 a

220 2060 242 2104 8.
262 2051 377 2100 onrnisE
417 2049 499 2099 doctos
517 2061 573 2113 tpro
592 2052 662 2112 totos)
681 2053 704 2099 R
757 2056 793 2099 ll.
814 2051 918 2115 quadiu
936 2068 1023 2101 omncs
1063 2061 1124 2101 motu
1143 2053 1212 2101 etiam
1231 2052 1254 2100 iu
1275 2053 1296 2100 r:

219 2120 276 2169 nuit
294 2136 339 2168 riou
358 2127 392 2167 est
411 2118 431 2166 P
449 2117 535 2166 nihilne
554 2127 587 2167 est
607 2119 627 2167 C

219 2286 336 2334 etcum
360 2293 486 2347 sequens
509 2273 603 2331 Gzius
626 2286 798 2349 comparant
821 2275 969 2334 Graecum
992 2261 1123 2348 μάλιστα
1147 2270 1296 2340 ἑκουσίως,

218 2362 267 2420 sod
291 2361 357 2435 quis
380 2360 422 2416 sic
445 2359 605 2434 scripserit,
630 2378 687 2415 non
712 2360 820 2416 dicunt.
856 2362 960 2434 ltaque
979 2380 1015 2416 ne
1038 2363 1116 2417 valete
1138 2380 1188 2417 azau
1206 2370 1298 2434 sponte

219 2448 336 2523 quidem
360 2445 475 2502 dicitur.
518 2445 637 2501 Summe
657 2454 753 2501 autem
773 2464 826 2502 nos
847 2447 875 2503 in
896 2446 940 2501 his
957 2447 1045 2502 rebus
1063 2446 1174 2503 moveri
1196 2454 1298 2501 nostra

219 2544 338 2609 sponte,
366 2540 445 2586 recte
468 2529 539 2585 Piso
563 2529 648 2596 dicit,
679 2531 792 2604 itaque,
821 2541 962 2604 quantum
986 2533 1015 2586 in
1039 2531 1075 2587 iis
1098 2531 1225 2588 studium
1250 2530 1297 2590 sit.

219 2617 383 2691 exequitur.
427 2614 484 2673 Sed
508 2615 718 2671 occurrendum
743 2627 788 2672 est
809 2616 860 2673 alii
884 2616 1070 2673 dubitationi.
1105 2617 1201 2673 Video
1219 2617 1295 2672 enim

219 2705 256 2760 ub
280 2702 396 2758 homine
419 2699 601 2774 intellegenti
627 2701 735 2776 negari.
759 2711 838 2757 recte
862 2721 915 2758 nos
938 2711 1039 2758 nostra
1061 2712 1166 2777 sponte
1185 2703 1297 2758 moveri

219 2788 286 2849 dici.
310 2805 373 2843 cum
398 2786 453 2840 hoc
476 2785 666 2859 significetur,
692 2805 738 2842 res
762 2805 815 2842 sua
838 2796 941 2861 sponte
965 2795 993 2842 et
1016 2798 1137 2862 proptor
1159 2787 1298 2843 se-nobis

219 2891 303 2931 caras
322 2890 386 2927 esse
403 2870 466 2940 (37,
481 2872 530 2935 li,
546 2870 584 2925 68
598 2873 679 2943 ceti:
703 2871 775 2927 illud
799 2872 877 2927 enim
900 2872 937 2927 ad
956 2882 1084 2928 nostram
1105 2872 1297 2938 voluntatem,

220 2960 275 3017 hoc
297 2957 333 3012 nd
357 2973 485 3022 eausam,
510 2974 584 3029 quae
608 2955 637 3010 in
661 2955 732 3030 ipsis
755 2958 843 3013 rebus
866 2957 944 3017 insit.
968 2956 1080 3012 referri.
1117 2958 1233 3026 Verum,
1251 2958 1298 3013 hic

220 3063 284 3101 cum
309 3061 354 3108 oa,
377 3059 452 3115 quae
475 3041 608 3096 homines
627 3050 753 3101 movent.
777 3043 926 3099 hominum
951 3043 1009 3097 sint
1032 3051 1139 3116 partes,
1164 3044 1206 3099 sic
1229 3058 1297 3098 con·

219 3129 383 3187 funduntur
405 3125 570 3201 cogitando,
595 3125 644 3198 qui
668 3135 810 3201 expetunt
833 3137 863 3183 et
879 3146 954 3201 quae
971 3138 1163 3202 expetuntur,
1187 3139 1227 3187 ut.
1251 3146 1299 3183 res

220 3233 273 3272 sua
295 3219 400 3288 sponte
423 3229 476 3266 nos
501 3230 619 3267 movere
642 3229 696 3267 nec
719 3223 838 3287 propter
860 3213 947 3269 aliam
971 3231 1099 3283 calisam,
1123 3215 1196 3270 satis
1212 3214 1298 3270 intel-

221 3301 350 3373 legatur,
380 3315 445 3352 cum
474 3314 526 3352 nos
555 3304 657 3351 nostra
683 3305 788 3372 sponte
816 3316 869 3354 nec
898 3298 1016 3354 aliunde
1045 3299 1163 3374 impulsi
1188 3299 1298 3355 moveri

221 3387 362 3442 dicamur.
400 3381 495 3437 Paulo
519 3391 586 3454 post
608 3391 645 3450 ut,
669 3389 695 3437 st
714 3402 784 3456 quoe
802 3381 895 3440 Gaius
919 3402 934 3439 e
957 3392 1096 3457 quattuor
1119 3385 1180 3440 suis
1203 3384 1298 3441 codd..

221 3481 250 3528 et
277 3470 320 3526 sie
344 3469 426 3523 Pars.
453 3466 485 3535 2,
512 3467 529 3521 3
555 3467 684 3529 Davisii,
714 3467 769 3544 [B,
799 3469 849 3525 sed
872 3488 929 3524 om.
953 3479 996 3537 ut,
1031 3480 1062 3524 ut
1088 3467 1179 3546 lirl.];
1209 3468 1297 3526 ceteri

221 3556 283 3614 fere
306 3552 441 3627 (Pulli,
456 3552 484 3607 3.
498 3552 569 3625 mo,
592 3552 697 3616 Mean,
722 3553 805 3628 Uxtu,
830 3554 924 3626 Bas.):
947 3565 975 3610 ut
997 3558 1023 3610 ai
1043 3573 1097 3628 qun
1121 3575 1191 3628 quae
1213 3557 1297 3629 (que).

308 3649 344 3701 ut,
368 3641 393 3693 si
413 3640 470 3710 ipae
493 3657 558 3693 usam
580 3639 756 3694 nternbrorum
773 3637 842 3711 cet)
862 3640 952 3696 Haec.
976 3648 1004 3694 et
1028 3658 1103 3713 quae
1127 3641 1299 3714 paulopost

221 3727 257 3783 de
280 3721 498 3800 pulchritudine
522 3723 672 3782 dicuntur.
703 3723 861 3780 simillimis
885 3725 982 3781 verbis
1011 3737 1199 3821 exponuntur
1221 3725 1298 3819 apud

222 3811 383 3870 Stobaeum
406 3806 468 3874 illo,
493 3827 578 3881 quom
597 3807 668 3876 dixi,
693 3808 804 3883 locop.
820 3811 897 3866 258:
920 3798 983 3864 Kal
1006 3800 1061 3884 γὰρ
1085 3798 1181 3874 ἄλλως
1203 3799 1300 3873 οὐδεὶς

222 3883 258 3955 iio
282 3880 312 3950 εὖ
336 3887 454 3965 φρονῶν
478 3879 638 3960 &murro
618 3909 758 3965 αμορφος
780 3882 828 3948 καὶ
851 3887 1101 3988 iciurllppivoel
1073 3913 1147 3948 truc
1164 3884 1242 3950 κατὰ
1263 3882 1298 3946 τὸ

222 3976 310 4043 εἶδος,
334 3969 388 4033 κᾶν
411 3967 438 4030 εἰ
458 3972 587 4066 μηδεμία
609 3969 710 4050 pellor
728 3971 928 4074 δυσχρνστιά,
926 3970 960 4031 τὸ
977 3967 1161 4050 παράπαν,
1139 3972 1298 4034 s'uuuolor-

221 4068 287 4122 θεῖν
305 4052 399 4119 ord
367 4081 419 4134 apr
432 4071 574 4134 cocuurpr
592 4052 764 4132 εἰδέχθειαν·
788 4079 864 4118 ωστε
881 4050 929 4116 καὶ
950 4055 1017 4134 δίχα
1032 4059 1085 4136 τῆς
1102 4053 1300 4148 δυσχρηστίας

222 4138 341 4241 εὔλογον
364 4135 458 4219 (papir
481 4138 645 4213 pausanas
662 4143 717 4200 τοῦ
735 4135 869 4239 αἴσχους
903 4139 941 4202 Ei
961 4139 992 4203 δὲ
1015 4145 1051 4201 dc
1077 4137 1149 4202 crisci
1173 4160 1300 4218 promor

223 4229 282 4292 ἐστι
303 4220 339 4286 τὸ
363 4224 481 4323 αἶσχος,
513 4218 560 4283 καὶ
584 4220 618 4284 τὸ
641 4212 750 4293 καλλος
773 4224 807 4287 οὐ
829 4218 922 4300 μόνον
945 4221 995 4286 dui
1016 4221 1069 4304 τὴν
1091 4226 1192 4306 χρείαν
1215 4221 1296 4319 αἱρε-

221 4305 287 4383 uo'r,
317 4305 392 4371 ἄλλα
421 4302 468 4368 καὶ
498 4311 534 4367 δι’
565 4298 648 4368 αὑτό.
689 4301 751 4368 Oct
779 4305 835 4390 γὰρ
864 4307 894 4381 ἐξ
923 4305 1016 4370 αὑτοῦ
1037 4262 1249 4390 apooaircouir
1271 4330 1300 4365 cr

222 4395 278 4478 ἔχει
300 4418 334 4455 το
357 4388 474 4461 κάλλος,
499 4390 635 4470 ἐμφαιές.

308 4487 357 4541 47.
407 4484 566 4551 mittut-
594 4482 661 4538 utta
694 4484 774 4557 inest)
813 4483 893 4552 Quod
925 4485 1041 4541 codices
1069 4484 1184 4557 (Grut,
1213 4486 1300 4553 Dav,

1043 4601 1092 4647 aa*
