3030 5086
216 413 282 480 808
634 432 808 481 uxmrasus
829 433 876 479 m.

219 605 303 662 ribus
319 605 476 661 verborum
500 604 662 679 perticulae
680 616 824 680 postqum
841 604 1040 662 subiectorum
1058 606 1208 663 variandis
1221 604 1300 664 Cae·

220 689 279 747 lius
309 703 378 766 epte
398 690 567 774 ,mperioris
589 700 683 746 status
704 708 886 747 communem
909 692 1136 766 descriptionem
1159 692 1301 761 (turbarat

222 807 260 818 -
278 778 426 849 empnam
437 807 476 818 -
489 777 607 832 maditus
628 777 699 848 erut)
720 787 751 831 et
772 777 858 832 unius
880 777 923 833 rei
946 774 1082 851 proxime
1104 795 1299 852 praegressae

220 860 402 917 notationem
420 859 583 936 distingvit,
605 861 682 917 etin
705 860 760 917 bec
781 861 914 937 legitimo
935 861 1067 936 perlecto
1090 863 1183 919 utitur
1204 865 1300 935 (post-

220 964 304 1020 em
328 977 362 987 -
390 947 495 1018 nm).
508 949 536 1014 ¹>

305 1029 362 1087 XI.
401 1029 492 1104 Apud
514 1031 680 1087 Varronem
709 1030 745 1087 de
773 1030 808 1088 R
831 1030 866 1088 R
894 1032 924 1089 1.
946 1033 1004 1099 tu,
1028 1032 1047 1088 2
1075 1051 1153 1088 nunc
1180 1031 1298 1088 editur:

226 1115 1297 1192 memmostmmdiribmteetu'mbtmermpmmryemo.

219 1218 291 1274 quoe
322 1218 370 1256 nec
397 1201 487 1257 sedern
515 1212 632 1276 tenpore
657 1221 742 1275 usque
767 1213 902 1265 meme,
935 1203 986 1258 ubi
1019 1221 1066 1259 nec
1098 1203 1186 1258 debet
1206 1220 1298 1258 esse:

218 1286 289 1342 mich
311 1286 398 1352 sucht,
420 1304 598 1360 quamquem
621 1286 659 1343 ud
680 1298 815 1344 cresenrrt.
843 1306 901 1343 non
923 1287 961 1342 nd
983 1289 1072 1343 eodem
1094 1299 1210 1362 tempore
1232 1299 1297 1342 tum

218 1370 356 1445 pertinet.
399 1370 459 1428 Sed
481 1390 577 1445 neque
599 1384 714 1428 veteres
736 1372 893 1440 editiones,
922 1373 951 1428 iu
979 1373 1086 1446 quibus
1108 1389 1201 1446 prere
1223 1372 1298 1428 scri·

219 1454 300 1512 bitur
322 1458 455 1529 myrtho,
485 1475 580 1530 neque
603 1455 806 1522 Crescentius,
832 1457 912 1532 spud
939 1476 1025 1531 quem
1053 1469 1134 1513 recte
1160 1459 1296 1531 wyslae,

218 1539 330 1597 babent
352 1560 431 1615 quoe.
474 1529 519 1598 Eo
541 1542 632 1618 igitur
652 1541 784 1610 sublato,
811 1561 858 1599 nec
879 1561 985 1599 norum
1008 1542 1184 1599 sententiam
1207 1561 1297 1618 supe-

219 1625 294 1682 riori
315 1625 514 1701 adiungit2).

305 1711 381 1768 Xll.
416 1710 507 1786 Apud
531 1711 705 1769 Sallustium
727 1712 792 1787 lug.
815 1713 867 1780 57,
891 1714 925 1773 6,
955 1713 1005 1769 ubi
1027 1711 1149 1788 legitur:
1178 1713 1237 1769 Sed
1263 1732 1299 1769 ne

217 1797 280 1853 ellos
301 1798 419 1869 queem
443 1797 528 1870 pauci
551 1808 582 1853 et
604 1796 713 1853 nullius
735 1797 874 1853 momenti
897 1798 1013 1854 codices
1029 1800 1137 1871 prodero
1154 1799 1298 1854 omittunt

218 1881 337 1957 vulgari
365 1880 485 1947 mendo,
514 1881 565 1938 elii
593 1901 639 1938 nec
668 1913 705 1924 -
735 1883 842 1956 quidem
871 1882 995 1950 hebent,
1023 1901 1082 1939 nou
1111 1884 1208 1939 miuus
1230 1883 1298 1939 vnl-

218 1967 300 2043 μὴ
322 1965 442 2025 Curtius
464 1986 480 2023 e
502 1967 617 2024 duobus
638 1967 747 2023 intimis
769 1967 875 2024 edidit:
897 1968 954 2025 Sed
975 1987 1022 2024 uec
1042 1970 1111 2024 illos.

307 2053 393 2119 Puto,
416 2052 490 2109 estis
512 2070 576 2109 esse
599 2052 790 2121 declaratum,
812 2071 899 2127 qusm
917 2072 975 2110 non
993 2052 1146 2127 probabile
1163 2052 1212 2113 sit.
1236 2053 1296 2109 iam

218 2136 373 2196 Ciceronis
384 2146 481 2194 setste
499 2137 673 2212 perticulam
691 2157 739 2195 nec
755 2156 773 2194 u
790 2139 994 2214 coniungendo
1010 2150 1040 2194 et
1057 2137 1193 2214 negando
1203 2137 1295 2194 etiam

218 2221 258 2279 ad
280 2221 489 2279 intendendam
511 2222 575 2278 siue
597 2222 802 2280 coniunctione
824 2224 1009 2298 negotionem
1032 2223 1196 2279 traductam
1219 2241 1297 2289 csse,

216 2307 298 2381 qnod
314 2325 352 2364 ue
363 2307 492 2382 Augusti
515 2306 633 2381 quidem
655 2318 753 2365 aetate
775 2308 805 2364 in
827 2326 916 2383 prosa
938 2308 1070 2364 oratioue
1093 2308 1149 2365 nisi
1172 2326 1297 2383 perraro

217 2390 330 2449 Iactum
354 2392 485 2463 videtur,
514 2393 539 2450 si
567 2411 604 2449 ex
629 2393 714 2450 Livio
742 2412 804 2450 rem
831 2393 1019 2450 aestimemus
1048 2390 1186 2473 [eamque
1214 2394 1297 2450 exci-

219 2477 319 2553 pimus
341 2476 482 2547 somnum,
516 2497 575 2553 qus
597 2498 644 2535 nec
672 2478 703 2534 in
735 2497 811 2534 novo
840 2481 986 2535 sententie
1016 2479 1052 2534 de
1082 2479 1142 2535 elio
1172 2478 1296 2535 homine

218 2561 317 2620 ullave
345 2582 377 2619 re
404 2564 586 2620 annectenda
615 2563 734 2638 ponitur
761 2567 805 2635 (ut
832 2564 931 2620 stetim
953 2565 991 2631 -Ι,
1016 2565 1067 2632 27,
1093 2564 1144 2621 1οι
1179 2584 1226 2620 nec
1256 2566 1300 2619 illi

219 2649 304 2704 tuden
325 2650 464 2722 mepaum,
493 2648 614 2713 XXXI,
638 2649 687 2706 21.
712 2650 740 2718 6,
763 2648 953 2712 xxxvnl,
978 2650 1033 2713 23,
1058 2649 1085 2706 3.
1110 2648 1170 2716 el).
1216 2649 1295 2706 Nem

219 2741 307 2791 extre
334 2731 411 2789 hunc
438 2731 562 2790 formem
587 2733 637 2789 rix
665 2732 733 2808 plus
760 2734 817 2789 tris
843 2734 921 2808 opud
946 2734 1060 2791 Livium
1084 2730 1221 2809 exemplo
1245 2735 1296 2790 de·

219 2818 401 2893 prebendas,
428 2817 459 2874 in
488 2818 595 2891 quibus
617 2837 663 2874 nec
685 2818 727 2875 sic
749 2818 877 2892 positum
899 2819 1078 2894 reperiatur:
1106 2820 1171 2878 ΙΙΙ,
1195 2820 1250 2877 52.
1276 2820 1294 2880 9

158 2898 165 2908 “
219 2905 292 2976 (eum
312 2907 471 2978 precemini
499 2923 546 2960 nec
567 2907 641 2974 uos),
670 2903 728 2959 VI.
755 2904 808 2969 15,
832 2904 849 2958 7
872 2906 1008 2972 (Manlius
1035 2925 1081 2961 nee
1110 2925 1139 2962 se
1159 2907 1296 2978 fefellisse

217 2991 286 3062 uit),
315 2989 389 3050 XL.
414 2990 468 3047 20,
493 2990 510 3044 6
539 2990 581 3061 (ut
607 3007 691 3060 neque
712 2987 794 3045 scribi
815 2988 867 3044 sibi
887 2991 1024 3062 oellet).³)
1069 2991 1144 3047 Nem
1169 2991 1294 3056 XXXI,

219 3075 270 3138 22,
284 3075 313 3144 7,
336 3074 521 3142 XXXVIII,
535 3074 585 3139 27,
601 3076 627 3141 1,
645 3072 758 3137 XLIV,
772 3074 853 3134 36.8
871 3073 997 3134 codices,
1021 3092 1085 3131 cum
1109 3095 1141 3131 ne
1163 3087 1294 3144 teneant,

218 3162 327 3234 quodem
356 3159 501 3216 excidisse
529 3155 709 3234 ostendunt]
759 3158 916 3215 Horatium
944 3168 1060 3234 poetam
1090 3161 1132 3216 sic
1161 3160 1294 3218 locutum

217 3244 290 3302 mihi
313 3244 407 3301 rideri
429 3245 459 3301 iu
484 3242 547 3302 Sst
572 3243 617 3303 ΙΙ,
642 3242 675 3310 3,
699 3243 777 3311 262,
804 3243 967 3319 significavi
990 3245 1019 3302 in
1043 3246 1234 3302 annotatione
1256 3247 1294 3303 ud

216 3330 243 3397 Ι,
266 3329 306 3386 39
326 3332 385 3400 (nec
408 3331 503 3402 nmtc);
526 3327 691 3403 Vergilium
714 3328 744 3385 in
768 3327 831 3385 sel.
855 3328 911 3395 111,
935 3329 992 3386 102
1016 3330 1057 3386 its
1080 3330 1210 3388 locutum
1234 3350 1295 3390 non

245 3548 268 3611 ι)
288 3546 370 3595 Beieri
389 3561 505 3601 errorem,
524 3547 550 3594 in
568 3546 608 3594 bis
624 3545 704 3593 serbis
719 3547 760 3607 (de
775 3543 824 3593 ou.
837 3545 856 3602 Ι,
872 3549 925 3601 159,
944 3547 990 3605 etsi
1009 3558 1074 3595 recte
1093 3549 1167 3596 aliter
1185 3550 1295 3611 edituri:

286 3612 359 3663 Haec
381 3613 451 3678 ibitur
474 3630 520 3662 noo
541 3613 654 3678 meipiet
677 3614 714 3662 rei
731 3611 840 3678 publicos
857 3626 946 3668 cosso,
970 3632 1012 3664 nec
1034 3633 1072 3663 res
1092 3616 1188 3680 publico
1204 3635 1251 3680 pro
1268 3635 1296 3666 ss

284 3681 375 3745 Μοίρι
398 3680 459 3730 volet
484 3683 539 3730 sine
560 3682 613 3730 ulls
637 3683 741 3730 minime
763 3696 840 3730 cautu
866 3697 907 3729 nec
934 3696 979 3745 pro
1002 3701 1031 3731 ne
1054 3712 1083 3721 -
1109 3685 1202 3747 quidem
1225 3688 1294 3735 acci-

286 3751 386 3815 pientis,
404 3751 466 3799 eutis
480 3760 519 3799 est
531 3750 572 3798 bic
587 3752 612 3798 in
626 3751 739 3812 margine
754 3764 973 3808 commemorasse3
992 3750 1048 3801 Gzii
1063 3763 1200 3817 stuporem,
1219 3771 1295 3818 seque

286 3834 332 3884 pro
355 3835 383 3868 ne
403 3847 431 3855 -
452 3817 544 3881 quidem
567 3819 676 3882 positum
699 3820 810 3883 putentis
833 3819 864 3866 de
882 3818 938 3866 Fiu.
958 3819 983 3876 Ι,
1004 3825 1035 3866 2³
1055 3826 1138 3884 tneque
1156 3839 1208 3870 eom
1231 3822 1295 3872 Tor-

285 3892 393 3952 quatum)
412 3897 436 3935 et
454 3887 493 3940 11,
516 3891 545 3935 1³
563 3884 725 3951 (condicitur
742 3885 833 3935 moun
857 3903 899 3934 nec
914 3887 1026 3950 qaudmm
1046 3889 1196 3954 incorpore)
1215 3904 1239 3940 et
1258 3892 1293 3948 ΙΙ,

286 3960 315 4004 71
334 3953 412 4013 (Num
430 3972 472 4004 nec
488 3954 526 4003 νίν
543 3956 696 4018 bonusest),
715 3969 746 4004 ne
763 3955 804 4003 blo
822 3955 923 4018 quidem
940 3958 1097 4018 attingerem,
1116 3960 1165 4007 nisi
1184 3961 1216 4008 sb
1235 3960 1295 4009 aliu

285 4039 342 4074 eum
361 4024 436 4072 huius
454 4024 489 4071 roi
508 4035 635 4072 auctorem
653 4025 725 4073 citeri
744 4024 860 4074 riderem.

244 4091 269 4157 ²)
290 4092 330 4160 [In
350 4093 414 4142 libro
433 4092 471 4140 IX
490 4092 521 4140 de
540 4091 566 4141 b.
582 4091 610 4141 L.
630 4107 652 4156 p.
668 4096 714 4140 1³5
734 4093 789 4156 Bip.
809 4092 992 4156 apertissimum
1011 4105 1049 4141 est
1067 4095 1240 4144 anacoluthon
1262 4096 1295 4157 (si

283 4160 319 4210 sic
342 4172 408 4210 recte
431 4160 529 4223 babet);
557 4175 581 4224 p.
601 4165 646 4206 1⁴5
664 4160 802 4209 Muellerus
825 4162 969 4210 coniectum
991 4163 1090 4227 scripsit
1113 4180 1155 4212 nec
1178 4165 1236 4228 (pro
1254 4168 1294 4226 ne)

284 4229 308 4277 t'n
325 4228 362 4277 ln
381 4226 500 4278 vocubulis
518 4244 589 4290 quoe,
606 4229 703 4276 debuit:
722 4246 751 4277 ne
768 4228 792 4276 in
809 4229 845 4277 lis
863 4229 982 4279 vocubulis
1000 4230 1102 4293 quidem,
1120 4230 1199 4298 quoe]

241 4295 265 4359 ³)
287 4295 326 4362 [Iu
345 4297 527 4346 dubitationem
551 4296 598 4345 bns
620 4296 690 4345 locos
708 4298 808 4347 vocarit
826 4297 1019 4361 Wesenbergius
1038 4315 1096 4348 anu.
1117 4300 1204 4364 philol.
1224 4301 1293 4353 Dru.

159 4373 163 4380 '
281 4363 307 4412 X
325 4380 349 4429 p.
366 4363 434 4431 m]
