3030 5086
221 477 286 541 422
613 496 657 540 nu
679 494 811 542 rmraus
833 495 905 541 aon.

222 663 342 726 dicunt:
387 661 419 727 Si
457 662 541 727 bona
574 663 719 728 valetudo
758 663 857 744 pluris
895 664 1092 729 aestimanda
1131 665 1173 729 sit
1203 664 1300 746 longa

221 781 315 842 quam
337 763 455 841 breuis,
484 765 657 844 sapientiae
684 784 808 846 quoque
835 783 911 829 usus
938 765 1138 847 longissimus
1165 766 1301 848 quisque

221 864 407 945 sitplurimi.
430 866 458 929 N
462 885 501 931 on
513 867 704 948 intellegunt,
721 867 907 931 valetudinis
926 867 1174 932 aestimationem
1192 866 1298 948 spatio

222 965 363 1044 iudicari,
379 967 502 1032 virtutis
519 969 765 1049 opportunitate3
788 977 824 1032 ut
835 969 1008 1047 videantur,
1025 969 1080 1050 qui
1095 968 1172 1033 illud
1184 969 1300 1048 dicant,

182 1068 317 1134 biidem
338 1067 398 1133 hoc
425 1087 494 1134 esse
516 1070 642 1149 dicturi,
671 1071 783 1135 bonam
812 1076 942 1134 mortem
970 1076 1003 1134 et
1029 1069 1143 1134 bonum
1171 1078 1299 1152 partum

221 1168 378 1233 meliorem
410 1170 536 1251 longum
569 1190 638 1236 esse
671 1191 764 1252 quam
797 1172 931 1236 brevem.
981 1171 1053 1236 Non
1080 1172 1202 1249 vident,
1235 1170 1301 1236 alia

220 1271 374 1336 brevitate
390 1272 491 1353 pluris
502 1274 668 1351 aestimari,
686 1273 747 1337 alia
763 1273 975 1337 diuturnitate.
1019 1273 1070 1337 48.
1093 1273 1204 1353 Itaque
1224 1290 1298 1338 con-

221 1381 404 1446 sentaneum
433 1382 482 1438 est
503 1374 566 1451 his,
594 1393 675 1454 quae
701 1375 785 1438 dicta
814 1383 901 1452 sunt,
930 1374 1051 1438 ratione
1078 1373 1216 1451 illorum,
1245 1373 1300 1454 qui

220 1473 305 1538 illum
338 1476 489 1540 bonorum
521 1474 628 1553 finem,
662 1478 746 1556 quod
773 1476 967 1556 appellamus
994 1484 1180 1553 extremum,
1213 1475 1299 1555 quod
1395 1461 1401 1471 ’

164 1579 205 1642 10
222 1575 373 1655 ultimum,
396 1595 535 1642 crescere
557 1585 668 1657 putent
689 1596 792 1658 posse,
814 1577 924 1642 iisdem
947 1578 1083 1657 placere,
1111 1594 1181 1641 esse
1202 1575 1299 1640 alium

243 1864 248 1874 ἱ
294 1802 303 1843 i
333 1797 376 1846 sed
393 1798 495 1846 bonnE
547 1804 570 1848 4.
597 1797 649 1864 [qai
664 1797 724 1876 r'ltqd
740 1798 821 1848 dicant
839 1813 880 1848 om
906 1796 936 1913 A)
993 1803 1014 1848 5.
1041 1797 1109 1862 [men
1128 1796 1158 1864 Α]
1179 1796 1206 1845 t'd
1222 1806 1257 1846 eet
1275 1797 1299 1846 E

221 1863 325 1982 :¹2qu
352 1869 373 1912 6,
393 1882 444 1914 me
462 1865 552 1930 Ioaqunr
572 1866 593 1914 E
647 1871 669 1917 8.
689 1883 718 1914 rra
738 1869 759 1915 R
811 1871 834 1917 9,
854 1864 925 1930 appel
934 1883 997 1914 eneas
1017 1868 1038 1914 R
1093 1870 1130 1916 10.
1148 1873 1230 1929 putent
1248 1882 1298 1916 cre·

222 2141 278 2196 erit
300 2141 403 2207 etiam,
427 2142 477 2215 qui
500 2141 542 2197 sic
565 2141 658 2216 accipi
682 2141 755 2197 haec
779 2141 863 2197 velit:
886 2144 924 2196 sic
946 2160 997 2208 ea,
1020 2160 1133 2214 quornm
1155 2148 1230 2210 cet,
1254 2138 1298 2196 in·

222 2224 380 2301 tellegique
411 2229 549 2283 honestas
576 2227 708 2283 actiones
736 2227 820 2300 quasi
850 2225 991 2299 quaedam
1021 2225 1106 2298 plura
1129 2223 1296 2284 Stoicorum

223 2310 309 2380 bona,
332 2319 365 2366 ut
383 2312 450 2380 §43
468 2312 678 2384 interpretatus
701 2330 775 2381 sum,
798 2311 823 2367 is
845 2309 955 2367 frustra
972 2309 1129 2378 laborabit,
1153 2319 1185 2366 ut
1203 2310 1297 2367 bonurn

217 2394 264 2472 pei
287 2394 411 2452 alicuius
434 2415 488 2471 pro
511 2397 574 2452 eius
597 2395 809 2453 aestimatione.
834 2415 892 2469 qua
915 2395 1001 2451 eain
1025 2395 1110 2451 bonis
1133 2403 1296 2464 censeatur,

222 2479 278 2535 dici
307 2499 393 2553 posse
421 2481 565 2538 ostendat.
616 2481 675 2540 Sed
703 2489 732 2536 et
760 2500 849 2536 omne
877 2482 971 2536 borenna
999 2490 1028 2535 et
1056 2480 1177 2536 verbum
1199 2481 1297 2552 finitur

221 2564 293 2620 satis
317 2566 467 2623 declarant
489 2565 647 2641 significari
671 2584 722 2622 eos
744 2565 951 2641 philosophos,
982 2565 1032 2638 qui
1063 2564 1136 2621 nihil
1158 2565 1188 2621 in
1212 2563 1297 2622 bonis

222 2648 351 2707 habeant
373 2661 490 2726 praeter
506 2651 600 2726 ipsam
618 2650 852 2708 convenientiam
871 2661 899 2707 et
917 2650 1178 2724 opportunitatem.
1215 2651 1296 2706 Ante·

217 2744 352 2808 ponentur
379 2744 474 2793 ortum
502 2746 546 2793 est
570 2755 606 2792 ex
630 2737 779 2811 superiore
802 2745 1037 2810 anteponerentur,
1065 2753 1131 2792 cum
1155 2734 1297 2792 orationis

221 2837 240 2873 a
262 2838 293 2875 re
317 2821 485 2894 (cothurno)
507 2821 543 2877 ad
567 2816 701 2879 homines
723 2821 877 2877 conversio
900 2820 1105 2878 animadversa
1126 2838 1185 2877 non
1209 2831 1295 2879 esset.

222 2899 262 2982 [B
285 2914 318 2960 ut
339 2905 400 2961 Erl.
444 2906 610 2980 Anteponent
633 2907 689 2962 Th.
713 2906 848 2963 Bentleio
871 2905 900 2961 in
924 2914 1050 2962 mentem
1073 2900 1219 2984 venerat]
1279 2954 1283 2962 .

309 2991 358 3046 47.
381 2993 512 3048 meliorem
534 2993 638 3065 lonpum
660 2990 729 3061 ease)
752 2992 952 3065 Esselonpnm
975 2991 1062 3048 etiam
1081 2991 1158 3065 Spir.
1175 2986 1245 3070 [13];
1269 2999 1298 3048 et

221 3073 315 3146 possit
338 3074 431 3132 videri
454 3076 598 3150 aptioris
621 3077 701 3146 ordor
725 3076 970 3149 quemadmodum
994 3076 1083 3151 paulo
1106 3083 1187 3132 ante:
1206 3078 1297 3151 ptan's

221 3161 389 3216 nestinrondo
412 3165 447 3217 ait
469 3163 555 3233 lorrpn,
578 3161 608 3217 id
631 3171 688 3217 est:
711 3166 737 3218 si
757 3164 840 3233 (curn)
863 3163 941 3234 torpa
963 3165 1006 3219 sit.
1053 3157 1175 3240 [Paucis
1198 3159 1297 3219 verbis

222 3251 290 3299 ante
301 3262 360 3300 non
371 3246 595 3303 racteBaiterus
607 3265 623 3302 e
635 3247 698 3303 cod.
706 3245 793 3322 Glog.
803 3246 921 3320 scripsit
932 3248 1032 3304 dr'crmt.
1056 3246 1196 3319 Sequitur
1208 3245 1296 3321 paulo

222 3337 290 3403 post
311 3333 413 3387 ratione
434 3333 548 3402 illorum,
571 3335 620 3405 qrn'
637 3328 753 3411 putent]
787 3331 884 3387 Nimis
902 3350 973 3389 vero
995 3340 1097 3407 aperte
1116 3330 1296 3388 cavillaban·

145 3437 149 3445 ·
222 3422 271 3469 tur
293 3413 401 3485 Stoici,
432 3426 534 3491 partus
557 3426 584 3473 et
609 3418 710 3474 mortis
732 3415 965 3492 perfunctionem
996 3435 1060 3473 curn
1090 3416 1193 3472 beatae
1217 3415 1296 3473 vitae

219 3497 323 3577 ‘habitu
347 3509 376 3557 et
398 3501 584 3576 possessione
606 3513 819 3576 comparantes.
852 3499 964 3580 [Haec:
988 3501 1050 3558 Non
1072 3502 1160 3558 vident
1178 3533 1218 3542 —
1236 3502 1296 3558 din·

222 3585 497 3643 turnitnteBaiterus
519 3586 548 3642 in
573 3587 640 3643 edit.
665 3587 733 3649 min.
753 3588 866 3643 notarit
886 3595 1034 3660 tamquam
1058 3585 1192 3644 delenda.
1227 3585 1295 3644 Non

221 3669 307 3727 rideo
330 3689 447 3728 causam
471 3667 690 3751 necessariam]

308 3758 358 3814 48.
382 3761 485 3814 ratione
501 3760 607 3814 illorum
682 3759 775 3813 iisdem
789 3760 907 3832 placere,
930 3776 987 3812 esse
1007 3759 1090 3813 atium
1112 3757 1184 3829 cet.)
1207 3755 1296 3813 Insti-

222 3851 319 3898 tuerat
341 3842 383 3899 sic
406 3843 517 3899 dicere:
547 3849 650 3899 ratione
671 3845 790 3908 illorum,
819 3847 868 3916 qni
890 3874 929 3883 -
953 3861 1070 3898 crescere
1087 3851 1182 3916 preterit
1205 3859 1296 3917 posse,

185 3991 188 3996 .
220 3946 278 3984 esee
304 3929 387 3984 olium
413 3930 467 3984 alio
489 3931 568 3984 etiam
590 3931 774 4003 sapientiorem
797 3926 860 3999 (cf.
886 3928 988 3999 §42);
1017 3927 1067 3983 sed
1090 3935 1157 4000 post
1179 3934 1297 3983 senten·

221 4013 291 4069 tiam
315 4013 497 4070 interiectam
524 4013 647 4069 mutarit
669 4012 830 4071 orationem
851 4012 1050 4085 subiecitque:
1073 4013 1166 4068 ir'sdem
1177 4015 1297 4086 placere,

221 4111 370 4172 tamquam
394 4099 419 4155 si
442 4099 515 4156 illud
537 4102 640 4156 ratione
661 4100 765 4155 illorum
783 4098 902 4154 omnino
922 4116 979 4154 non
998 4097 1154 4172 posuisset.
1190 4095 1297 4169 (Gaius

220 4183 385 4259 coniungit:
415 4185 488 4240 dicta
510 4186 837 4254 auerruncandorum,
861 4192 889 4239 et
912 4192 1044 4239 enarrat:
1072 4203 1130 4238 roos
1152 4187 1179 4239 in
1202 4184 1297 4255 Bezaq

220 4271 275 4343 arcs
284 4271 347 4341 jane
366 4280 462 4343 pernpt
478 4271 538 4343 inti)
572 4271 666 4326 Etiam
683 4270 763 4342 (ante
780 4270 977 4343 sapientiorem)
997 4268 1172 4324 omittebant
1184 4265 1293 4326 Gudl

221 4363 251 4410 et
273 4354 341 4411 Bas.
364 4354 532 4429 delevitque
555 4353 662 4422 Gzius,
691 4354 768 4427 quod
791 4373 849 4411 non
873 4354 1008 4421 haberet,
1039 4371 1097 4426 quo
1125 4352 1294 4411 referretur.

221 4437 348 4496 Dixerat
370 4438 459 4510 Cato,
488 4440 696 4516 Peripateticis
718 4440 807 4496 alium
831 4438 890 4496 alio
913 4438 1074 4496 beatiorem
1098 4457 1176 4507 esse;
1205 4436 1296 4507 addit,
