3030 5086
276 468 338 533 160
423 458 427 463 ’
661 485 706 529 na
730 484 860 532 sturnus
883 484 953 530 aon.

359 654 465 719 Nunc.
488 653 634 718 demum
657 652 747 717 milri
769 652 917 717 errimus
939 652 1060 731 ardet,

274 776 405 838 quorum
433 756 513 820 alter
540 754 659 818 laetitia
685 755 812 835 gestiat,
842 754 922 819 alter
950 754 1057 819 delere
1083 754 1254 831 crucietur,
1282 772 1358 819 esse

273 858 358 923 illum
383 858 532 923 medium:

283 946 285 950 ὗ
360 960 590 1041 Quamquam
618 958 711 1023 haec
739 958 841 1023 inter
868 976 936 1021 nos
965 977 1087 1039 nuper
1114 958 1259 1023 notitia
1280 958 1354 1025 ad·

234 1065 255 1131 5
1020 1061 1166 1127 modurn
1189 1068 1263 1140 est,

273 1163 326 1245 qui
349 1182 405 1227 nee
426 1163 560 1228 laetetur
582 1181 639 1227 nec
660 1171 808 1243 nugatum
837 1162 973 1243 itemque
1000 1162 1081 1227 inter
1102 1182 1187 1241 eum,
1214 1163 1270 1245 qui
1291 1180 1353 1247 po·

273 1266 369 1329 tiatur
391 1265 531 1346 corperis
554 1264 698 1345 expetitis
720 1264 942 1365 uoluptatibus
965 1272 997 1328 et
1018 1283 1097 1341 eum,
1119 1265 1172 1346 qui
1191 1266 1351 1331 excrucie-

272 1376 323 1430 tur
345 1367 473 1431 summis
495 1365 662 1431 doloribus.
685 1385 754 1431 esse
776 1386 855 1445 curn,
878 1367 930 1446 qui
954 1373 1087 1447 utreque
1108 1373 1222 1431 careat

359 1470 395 1532 V.
437 1468 484 1533 15.
518 1468 647 1533 Satisne
680 1469 776 1547 igitur
808 1467 916 1532 videor
943 1469 1004 1532 vim
1033 1467 1199 1533 uerborum
1232 1478 1351 1549 tenere,

215 1576 255 1639 10
272 1590 311 1635 an
334 1590 402 1635 sum
426 1570 518 1634 etiarn
541 1588 623 1635 nunc
645 1570 693 1633 vel
716 1570 837 1633 Graece
858 1569 943 1650 loqui
966 1570 1014 1634 vel
1037 1569 1147 1634 Latine
1168 1568 1351 1635 docendus?

271 1673 314 1737 Et
335 1683 437 1737 tamen
461 1673 546 1750 vide,
575 1692 628 1749 ne,
656 1673 684 1737 si
706 1690 765 1751 ego
787 1691 849 1736 nen
872 1671 1062 1753 intellegam,
1096 1672 1170 1753 quid
1193 1672 1350 1754 Epicurus

271 1775 426 1855 loquatur,
449 1793 518 1839 curn
537 1774 665 1853 Graeee,
686 1782 720 1838 ut.
736 1774 853 1851 uideor,
870 1774 1043 1839 luculenter
1059 1774 1164 1851 sciam,
1186 1774 1228 1840 sit
1242 1774 1350 1857 aliqua

186 1962 189 1969 Ι
272 1875 364 1958 culpa
391 1876 472 1954 eius,
506 1877 558 1957 qui
585 1877 627 1940 itu
656 1877 815 1957 loquutur,
849 1885 882 1939 ut
911 1894 972 1939 non
1001 1875 1207 1957 intellegatur.
1257 1876 1348 1957 Quod

341 2034 363 2077 2,
385 2028 408 2093 [ὃ
426 2044 472 2093 pro
490 2045 540 2078 ense
557 2027 603 2096 ΑΙ]
647 2036 668 2079 4,
689 2046 763 2093 rrupcr
780 2045 829 2077 om.
850 2028 916 2076 LPR
956 2032 970 2075 6
998 2027 1114 2077 laetentur
1131 2044 1173 2079 nec
1191 2028 1348 2095 arquatae

273 2101 304 2212 ἶ.)
318 2097 510 2228 εἷζιὲιῖἰιξυὲοῐέ).
530 2098 595 2147 COr.
633 2096 806 2160 uolaptott'sld
841 2096 959 2146 crucr'etur
982 2096 1143 2163 [nJLPMctt
1195 2103 1217 2147 9.
1240 2097 1347 2148 υἰαηιΕ

271 2315 379 2363 constet.
402 2307 476 2379 quaed
496 2315 569 2377 aqut.
603 2305 666 2362 Nec
683 2314 781 2361 tamen
804 2303 870 2360 ideo
888 2304 935 2361 hic
952 2304 1061 2378 requiri
1080 2304 1197 2362 videtur
1218 2306 1291 2371 tratti,
1314 2314 1347 2363 ut

271 2389 373 2447 eodem
399 2390 484 2446 modo
507 2389 626 2465 expleta
655 2408 672 2445 a
700 2397 788 2464 poeta
816 2389 962 2445 sententia
984 2389 1127 2445 credetur.
1173 2388 1226 2447 Est
1248 2398 1347 2449 autem

271 2475 344 2531 haec
366 2476 513 2550 scriptura
541 2484 570 2531 et
598 2476 740 2530 bonorum
770 2474 902 2531 codicum
927 2486 970 2541 et,
998 2474 1183 2550 paucissimis
1206 2475 1349 2551 exceptis,

272 2560 449 2623 deteriorum
473 2562 542 2635 (mg.
566 2559 661 2631 Crat,
685 2560 730 2616 El.
755 2560 922 2634 utriusque,
947 2561 1015 2618 Par.
1041 2560 1075 2630 3,
1099 2560 1195 2617 lllead.
1220 2560 1348 2627 Davisii,

272 2645 352 2703 Oxx.
372 2646 512 2713 omnium,
536 2644 603 2703 Gzii
627 2646 707 2714 item,
730 2645 786 2702 nisi
807 2645 884 2719 quod
897 2645 958 2701 Erl.
976 2641 1021 2724 [ut
1035 2641 1074 2724 Β]
1091 2642 1197 2703 leviter
1214 2646 1348 2715 abactam

272 2729 359 2788 Grut.
384 2731 488 2803 tucet);
517 2730 608 2787 edidit
631 2731 673 2787 sic
697 2731 723 2787 V
727 2730 848 2786 ictorius
870 2730 1095 2804 revomitque,
1124 2730 1349 2788 commendante

272 2816 307 2872 R.
320 2815 465 2884 Bentleio‚
484 2816 586 2873 Gzius.
620 2815 706 2888 Quod
724 2815 880 2871 edebatur:
905 2826 932 2871 ut
954 2817 1020 2871 milri
1039 2835 1090 2871 non
1107 2826 1230 2885 constent,
1255 2816 1349 2875 Davi·

271 2901 331 2957 sius
355 2900 424 2956 dicit
448 2920 512 2957 esse
535 2901 563 2957 in
582 2902 665 2957 Purr.
689 2905 698 2957 l
722 2909 751 2956 el
771 2902 798 2970 2,
824 2901 899 2959 Ball.
918 2900 1009 2973 (Oxx.
1036 2903 1164 2976 negant).
1208 2900 1349 2959 Nobbius

272 2985 315 3041 sic
337 2986 410 3042 haee
432 2985 591 3060 disposuit:
625 2996 701 3043 turdo
731 2988 831 3042 laetitia
859 2986 947 3042 arcctn’
970 3006 1043 3055 curre,
1083 2988 1119 3043 Ut
1146 2988 1213 3042 vuilit
1238 2996 1348 3044 ammiel.

273 3071 331 3127 Sed
354 3080 451 3145 potest
473 3070 589 3127 initium
612 3089 675 3128 esse
697 3090 800 3128 versus
823 3070 977 3141 trochaici,
1006 3073 1073 3129 nillil
1093 3071 1122 3128 in
1146 3089 1235 3128 unam
1257 3070 1348 3148 sylla·

271 3155 337 3211 barn
362 3164 521 3213 contracto.

356 3240 437 3297 diurn·
459 3242 562 3297 deutrum
577 3272 616 3281 -—
634 3240 726 3316 urrist)
744 3240 866 3299 Caecilii
885 3241 972 3298 Statii
996 3241 1086 3297 verba
1108 3250 1178 3298 sunt
1198 3260 1237 3298 ex
1253 3242 1350 3317 patris

271 3326 366 3381 seueri
391 3345 530 3400 persona,
559 3344 635 3400 quae
657 3326 791 3401 pleniora
819 3336 968 3401 ponuntur
995 3345 1049 3401 pro
1072 3324 1153 3385 Cael.
1177 3326 1231 3384 37:
1265 3326 1349 3385 Nunc

271 3415 337 3467 enim
366 3413 469 3467 (Icarum
499 3412 565 3467 milri
584 3415 690 3467 animun
712 3413 805 3469 urslet.
834 3430 903 3467 nrum
930 3431 1013 3468 areum
1042 3431 1089 3468 cor
1115 3414 1268 3469 currantucur
1294 3416 1349 3471 ira.

271 3496 418 3553 Numeros
441 3497 561 3571 explere
583 3507 705 3553 conatus
728 3504 773 3553 est
796 3496 918 3553 Beierus
940 3497 978 3553 ad
1001 3495 1058 3554 Off.
1081 3497 1106 3565 Ι,
1127 3499 1166 3555 76
1190 3516 1218 3573 p.
1233 3498 1302 3555 178.

361 3580 532 3656 Qrcomquum
560 3581 637 3657 laec)
666 3581 830 3639 Chremetis
853 3582 1024 3639 'serentiani
1053 3591 1121 3639 sunt
1143 3583 1247 3661 verba,
1281 3582 1349 3658 ipso

270 3666 355 3722 initio
378 3667 730 3733 Heautontirnoruntenu‚
760 3666 810 3722 ubi
834 3667 1038 3724 Menedemum
1062 3668 1205 3743 increpat.
1250 3666 1351 3743 Nuper

271 3750 379 3807 excidit
404 3751 491 3808 etium
515 3752 544 3808 in
569 3751 647 3809 Gud.
675 3756 699 3813 l,
724 3752 803 3809 Oxx.
827 3764 882 3828 χψ.
1415 3752 1420 3762 ’

356 3836 534 3914 crcrucietur)
547 3837 749 3911 compositum
768 3838 889 3893 verbum
908 3857 961 3912 pro
978 3837 1104 3912 simplici
1118 3836 1211 3895 Gzius
1229 3856 1245 3893 e
1261 3848 1349 3912 qust-

271 3933 338 3978 tuor
355 3922 416 3979 suis
432 3922 516 3982 codd.
531 3922 689 3997 sumpsisse
707 3941 738 3979 se
756 3922 810 3981 ait:
831 3933 891 3978 erat
911 3923 1014 3979 sultem
1032 3922 1062 3978 in
1075 3922 1135 3989 Erl.
1143 3922 1187 4000 [et
1199 3920 1250 4000 B].
1286 3923 1347 3981 Sed

271 4007 346 4063 idern
371 4009 459 4081 paulo
483 4018 550 4063 ante
567 4008 597 4063 in
610 4008 671 4064 Erl.
691 4019 718 4063 et
732 4007 811 4066 Gud.
827 4009 844 4063 2
863 4008 905 4064 ait
921 4027 985 4064 esse
1008 4011 1067 4064 item
1090 4027 1143 4083 pro
1166 4012 1287 4082 itemque.
1310 4008 1348 4065 de

271 4093 331 4148 llrl.
344 4093 428 4149 falso.
453 4094 511 4150 Pro
529 4092 875 4168 erpetitr'u'l'h.Bentleius
893 4093 1021 4149 malebat
1037 4097 1186 4166 exquisitis.
1204 4093 1348 4168 speciose.
1427 4158 1432 4167 ⁸

356 4177 429 4253 Cap.
455 4180 491 4237 V.
520 4180 565 4235 15.
605 4182 710 4253 quiite
734 4178 873 4252 loquutur)
896 4178 1048 4243 Davisius,
1071 4189 1103 4234 ut
1127 4179 1280 4235 tolleretur
1302 4178 1348 4235 in·

271 4263 370 4319 suavis
394 4282 552 4320 concursus
576 4265 771 4320 membrorum
795 4263 931 4320 similiter
953 4263 1119 4320 cadentium
1144 4265 1284 4338 (loquatur
1308 4298 1344 4307 -·

271 4350 465 4421 iutelleqntnr),
489 4350 577 4406 scribi
601 4349 717 4405 uolebat
742 4352 872 4422 loquitur.
896 4348 984 4423 idque
1007 4348 1101 4405 Gaius
1123 4367 1154 4405 se
1177 4349 1207 4405 in
1234 4350 1348 4418 „tribus

272 4434 436 4506 potioribus
464 4435 542 4491 surim
574 4435 740 4510 repperisse
773 4434 875 4490 scribit
908 4445 936 4490 et
970 4436 1090 4510 probat;
1124 4434 1235 4510 recepit
1264 4434 1346 4493 Otto.
