3030 5086
488 497 531 542 un
554 496 634 542 usn.
657 496 720 542 ms.
742 497 787 542 ιιι.
810 496 883 542 car.
905 499 942 544 m.
959 494 1024 559 (ar.)
1229 477 1294 544 433

216 665 352 746 gloriae,
380 663 572 743 divitiarum,
600 663 888 742 simillumarum,
914 664 975 728 alia
1003 673 1198 728 autemnon
1226 681 1297 729 asse

292 873 312 919 l.
333 866 388 934 [alil
405 875 482 917 autem
499 866 619 927 ριἰιιηιοᾰιζ
637 882 685 918 om.
704 883 751 914 aon
769 883 828 927 esee,
846 865 880 932 A}

305 1051 335 1099 ut
354 1043 471 1115 pariae,
494 1042 666 1109 divitiorum,
694 1042 818 1096 similium
839 1038 943 1113 anum)
965 1041 1112 1116 Apertum
1135 1050 1194 1110 ast,
1224 1040 1295 1097 haec

217 1125 357 1202 exempla
374 1126 464 1202 (quaa
487 1133 555 1180 sunt
573 1134 760 1182 externorum
779 1124 1008 1190 commodorum,
1032 1143 1097 1182 cum
1115 1124 1215 1200 priora
1232 1143 1296 1182 cor·

219 1210 300 1287 poris
322 1211 395 1285 sint)
423 1210 527 1266 eodern
557 1210 643 1266 modo
672 1210 859 1285 adiungenda
886 1208 977 1267 fuisse
1005 1226 1040 1265 ac
1067 1210 1183 1285 priora:
1213 1220 1241 1266 ut
1269 1213 1295 1266 ιἰι

215 1297 305 1370 pierio
321 1305 389 1363 cet..
412 1312 466 1351 nee
484 1294 637 1370 genetivos
660 1295 749 1351 ullam
773 1294 919 1352 rationem
936 1295 1158 1371 grammaticam
1177 1295 1295 1362 habere,

220 1398 315 1454 neque
348 1381 396 1437 hic
423 1381 586 1437 orationem
614 1380 808 1455 interruptam
842 1379 950 1437 sensim
984 1379 1014 1436 in
1048 1380 1137 1437 aliam
1170 1378 1296 1437 formam

219 1465 357 1524 transire.
395 1466 471 1522 Nam
496 1463 563 1522 Gaii
587 1474 723 1521 conatum
746 1465 844 1522 rideas
866 1483 904 1522 an
927 1464 1076 1532 miserere,
1100 1465 1223 1534 nescias,
1246 1465 1297 1540 qui

221 1550 290 1621 „Ex
312 1556 552 1625 anteponerentur“
584 1549 680 1623 inquit
704 1549 810 1620 „facile
819 1549 856 1626 (1)
879 1549 1024 1626 cogitabis
1051 1553 1298 1626 anteponendamm

219 1638 357 1705 mtione“;
381 1635 436 1691 hac
454 1634 591 1691 nimirum
609 1634 759 1693 oratione:
781 1639 809 1692 in
831 1637 964 1692 nonnullis
980 1635 1059 1692 rebus
1077 1645 1117 1693 eat
1132 1654 1226 1704 causo,
1248 1655 1298 1693 cur

220 1723 283 1778 oh'is
310 1730 521 1795 αιιιιροιιαιιιιιν,
556 1729 584 1776 ut
615 1722 770 1777 divitiorum
802 1721 1048 1796 antepomdarum
1079 1723 1196 1791 ratione3
1230 1721 1296 1795 quis

218 1805 493 1881 interpretationem
521 1803 784 1880 interpretabitur?
827 1806 933 1880 Aeque
956 1805 1084 1862 absurda
1106 1804 1188 1864 Otto.
1233 1806 1298 1863 Nec

217 1889 352 1960 ferenda,
365 1909 439 1965 quae
453 1889 575 1952 Baianus
587 1891 624 1947 ad
637 1888 695 1949 Off.
708 1891 750 1960 11,
767 1891 802 1947 16
817 1910 844 1965 p.
858 1891 897 1948 35
911 1899 1015 1961 tentat,
1030 1890 1103 1947 haec
1114 1889 1299 1948 confundens

219 1993 286 2032 cum
311 1973 406 2032 forma
429 1994 486 2032 nou
510 1973 627 2051 ignota,
651 1994 709 2049 qua
731 1995 814 2032 causa
837 1979 877 2034 rei
897 1976 1005 2033 dicitur
1026 1994 1081 2051 pro
1103 1995 1201 2047 causo,
1225 1995 1298 2050 quoe

219 2063 248 2118 in
277 2079 307 2117 re
327 2063 422 2134 aliqua
445 2063 539 2135 ponto
565 2063 610 2118 sit.
655 2061 760 2135 Neque
783 2080 867 2118 eausa
889 2079 955 2118 cum
978 2061 1038 2118 illis
1060 2061 1206 2137 genetiuis
1228 2079 1297 2118 con·

220 2145 302 2221 iungi
319 2154 425 2220 potest,
443 2163 539 2219 neque
556 2144 598 2201 sic
616 2145 738 2203 dicitur:
760 2164 845 2203 causa
861 2156 902 2203 eat
918 2147 997 2202 auiae
1012 2149 1060 2216 rei,
1084 2147 1215 2203 nedumz·
1229 2149 1297 2203 son's

218 2240 261 2288 est
280 2249 380 2288 causae
402 2232 481 2287 laius
504 2233 557 2297 rei3
586 2229 691 2287 deinde
717 2230 827 2287 nullius
856 2231 899 2287 rei
930 2249 1020 2288 causa
1048 2249 1086 2288 ex
1114 2231 1209 2307 gloria
1231 2241 1296 2289 orta

218 2315 383 2390 quaeritur.
429 2315 467 2372 Et
489 2323 586 2372 waren
609 2333 663 2372 nec
686 2316 842 2392 vestigium
865 2325 909 2373 est
933 2316 1095 2391 scripturae
1118 2316 1297 2391 depravatae

220 2417 275 2457 nec
296 2418 403 2475 causa,
426 2418 491 2470 cur,
516 2409 567 2457 aut
588 2400 679 2468 ratio,
703 2400 851 2474 quomodo
874 2401 1036 2476 depravata
1058 2400 1111 2471 sit,
1135 2401 1297 2478 excogitari
1402 2449 1406 2459 .

220 2493 328 2562 potest
350 2502 404 2542 nec
426 2485 488 2541 nlla
509 2495 554 2543 est
571 2485 712 2543 orationis
730 2485 1048 2562 perturbatio'praetar
1065 2485 1194 2543 subitam
1210 2504 1296 2543 casus

221 2570 252 2627 in
280 2571 479 2628 enumerando
510 2570 710 2627 mutationem.
754 2569 915 2628 Manifesto
942 2571 1032 2647 igitur
1060 2579 1176 2628 tenetur
1204 2571 1297 2646 ipsius

217 2653 371 2715 Ciceronis
393 2655 424 2712 in
447 2655 601 2713 scribendo
624 2655 741 2731 lapsus,
771 2674 825 2712 nec
853 2657 995 2714 orationis
1018 2656 1186 2714 voluntaria
1208 2656 1297 2713 decli·

218 2740 316 2810 natio,
344 2740 395 2797 sed
419 2741 529 2797 oblivio
552 2758 610 2797 non
634 2740 816 2808 voluntaria;
846 2759 912 2797 narn
936 2759 1000 2798 cum
1024 2741 1060 2797 ad
1084 2740 1206 2797 alteram
1231 2760 1298 2817 par·

219 2833 280 2882 tem
303 2825 505 2901 exemplorum
529 2825 720 2901 pervenisset.
744 2826 773 2881 in
797 2826 852 2882 hoc
875 2825 948 2900 ipso,
972 2834 1004 2882 ut
1026 2827 1068 2882 ita
1090 2826 1195 2894 dicam,
1218 2826 1297 2902 cogi·

218 2910 302 2968 tandi
324 2910 480 2967 intervallo
503 2919 533 2966 et
555 2911 639 2985 quasi
661 2911 912 2984 interpunctione,
936 2910 1035 2968 animo
1057 2910 1131 2967 alias
1152 2910 1297 2987 imagines

217 2994 447 3071 complectente,
477 2995 618 3052 memoria
646 3015 711 3052 eum
735 2994 843 3052 fefellit
864 2995 1030 3068 obieritque
1053 2996 1206 3053 obscuram
1231 3015 1297 3072 spe-

216 3080 294 3137 ciem
317 3080 459 3138 orationis
481 3080 568 3137 aliter
590 3089 728 3150 structae,
751 3081 834 3137 velut
845 3081 925 3155 (nam
945 3081 1016 3156 fingi
1034 3080 1126 3137 multa
1143 3082 1295 3155 possunt):

217 3167 333 3222 αὶίοιιιιη
361 3176 464 3222 tentam
491 3185 548 3222 esse
574 3167 744 3239 dignitatem,
775 3176 803 3222 ut
830 3167 991 3240 quibsndnm
1020 3176 1232 3241 ortteponuntur,
1266 3176 1296 3222 ut

218 3252 380 3308 odetudinis
393 3262 448 3307 cet.
483 3251 609 3326 (Lamo,
634 3251 811 3320 assolebat,
834 3251 987 3307 audacter:
1010 3253 1203 3323 ariopalto,
1227 3252 1295 3308 divi-

219 3337 272 3405 nia.
295 3337 425 3392 similibus
448 3337 534 3398 rebus,
558 3336 635 3392 maie
657 3344 691 3393 ut
713 3336 841 3405 criticus,
865 3336 931 3410 quia
954 3334 1062 3412 negat?
1086 3344 1116 3392 et
1138 3344 1246 3404 tamen,
1270 3336 1294 3392 si

217 3419 256 3476 de
283 3420 440 3495 prudentia
468 3420 594 3476 hominis
622 3439 762 3495 quaeras,
797 3431 907 3495 quanto
937 3421 992 3478 hoc
1020 3430 1152 3496 praestat
1181 3422 1295 3497 stupori

218 3504 353 3573 illorum,
382 3506 432 3579 qui
456 3506 528 3561 liaeo
551 3523 608 3561 non
631 3514 665 3562 ul
687 3507 810 3581 scripta,
840 3506 892 3563 sed
921 3517 954 3563 ut
976 3517 1054 3563 recte
1077 3507 1186 3581 scripta
1211 3525 1294 3562 enar·

218 3587 318 3663 santi)
349 3586 490 3669 [Prorsus
506 3590 643 3647 similiter
659 3591 808 3648 aberravit
825 3602 855 3648 et
870 3609 969 3648 cassim
987 3592 1179 3648 commutavit
1191 3590 1294 3650 Cicero
1366 3600 1371 3604 ’

219 3673 321 3734 110ff.
335 3675 389 3732 88:
420 3678 486 3750 Ipasa
509 3678 578 3732 inter
599 3695 627 3732 ec
648 3681 768 3751 carpam
787 3676 967 3755 (commoda)
991 3682 1030 3734 sic
1048 3675 1294 3754 (comparantur),

217 3770 248 3817 ut
269 3759 339 3817 ὸοιια
359 3763 484 3817 valetudo
505 3764 636 3835 voluptati
656 3772 847 3836 anteponant,
877 3765 946 3818 tures
968 3764 1110 3823 canenti.
1133 3771 1294 3817 esterno·

218 3865 290 3902 rum
318 3855 407 3902 auum
429 3846 631 3922 (obversatum
655 3855 714 3903 ast:
741 3852 906 3922 comparatio
928 3848 992 3920 fit).
1020 3857 1049 3903 ut
1074 3848 1161 3918 plotio
1184 3849 1293 3913 diuitiis,

218 3932 358 4004 aectiqalia
387 3932 491 3987 arboren
513 3934 629 3988 rustitio.
676 3931 722 3988 lbi
749 3944 828 3989 recte
852 3932 988 3999 Beierus,
1019 3930 1093 3987 mala
1116 3931 1292 4005 Heusinger.

218 4013 352 4073 Similem
389 4015 450 4072 fere
484 4016 627 4072 incuriam
656 4016 745 4072 habet
773 4016 845 4073 illud
874 4018 912 4085 V,
938 4017 991 4073 37:
1024 4026 1048 4073 et
1076 4035 1168 4072 eurum
1194 4035 1292 4072 rerum.

217 4097 306 4173 Quod
330 4099 367 4160 O.
391 4101 516 4158 Heinius
540 4101 665 4175 (Annal.
684 4097 830 4177 Philolog.
847 4100 955 4159 XCIII
967 4121 996 4176 p.
1011 4102 1087 4174 246)
1106 4100 1292 4158 scribendum

219 4193 318 4260 putat:
345 4188 471 4243 similium
492 4206 582 4243 reram
604 4189 631 4242 in
654 4206 718 4256 usu,
742 4188 885 4243 advocata
907 4204 942 4242 ea
964 4186 1109 4242 divisione
1131 4186 1294 4261 primorum

218 4280 351 4341 naturae,
375 4289 450 4345 qnae
473 4272 551 4346 apud
575 4271 735 4330 Stobaeum
759 4271 821 4328 Eol.
845 4271 912 4328 Eth.
935 4290 963 4346 p.
979 4271 1038 4328 150
1054 4272 1144 4329 Heer.
1164 4271 1291 4346 ponitur,

218 4373 314 4430 neque
336 4356 409 4413 ordo
431 4357 587 4414 verborum
612 4356 822 4415 Ciceronianus
850 4365 895 4414 ast
921 4374 1017 4431 nequa
1046 4356 1075 4412 in
1104 4374 1158 4412 usu
1181 4355 1293 4431 gloriae

217 4450 249 4497 et
270 4441 440 4523 divitiarum
464 4452 528 4500 erat
554 4460 658 4513 cansa,
687 4442 878 4517 quamobrem
906 4441 932 4499 is
960 4450 1189 4517 anteponeretur
1211 4443 1293 4516 (nam
