3030 5086
1181 479 1242 543 211

421 500 466 545 nn
488 498 570 546 man.
592 498 655 544 nm.
677 499 702 544 11
724 498 797 545 cnr.
818 501 858 547 va.
877 497 1010 563 (ae-sa.)

167 672 232 736 ulla
255 671 295 735 de
316 685 436 734 summo
455 668 536 732 bono
553 666 635 736 ratio
652 673 708 731 aut
724 667 894 748 voluptatis
911 684 972 731 non
990 665 1156 731 dolendive
1170 682 1246 747 par-

168 773 268 854 ticeps
290 778 346 835 aut
365 768 541 834 honestatis
563 787 676 849 expers
693 768 888 850 probabitur.
921 770 970 833 Ita
986 767 1141 849 relinquet
1157 770 1246 846 duas,

168 873 344 955 dequibus
366 873 459 937 etiam
482 877 578 952 atque
600 871 693 935 etiam
715 871 900 936 consideret
934 873 998 935 Aut
1014 870 1094 936 enim
1118 875 1245 949 statuet,

169 976 245 1041 nihil
266 993 336 1040 esse
357 974 472 1039 bonum
495 973 553 1037 nisi
576 973 749 1050 honestum,
771 973 846 1037 nihil
863 972 978 1037 malum
994 972 1055 1036 nisi
1071 979 1172 1054 turpe,
1195 990 1245 1037 ce·

168 1087 239 1144 tera
260 1085 314 1141 aut
336 1076 461 1140 omnino
484 1074 562 1138 nihil
582 1073 700 1139 habere
720 1075 871 1140 momenti
891 1080 949 1139 aut
968 1080 1105 1153 munim,
1133 1081 1169 1139 ut
1190 1090 1247 1139 noc
1264 1075 1285 1142 5

169 1181 343 1261 expetenda
366 1196 422 1242 nec
444 1176 606 1258 fugienda,
634 1178 691 1240 sed
719 1177 861 1257 ehgenda
887 1178 980 1241 modo
1007 1185 1063 1241 aut
1089 1176 1247 1241 reicienda

169 1283 240 1362 sint,
262 1290 318 1347 aut
339 1286 510 1361 anteponet
525 1297 604 1355 eam,
626 1297 721 1359 quam
737 1296 807 1342 cum
824 1279 989 1343 honestate
1006 1278 1246 1357 ornatissimam,

169 1394 234 1449 tum
262 1384 355 1447 etiam
383 1382 461 1462 ipsis
488 1380 585 1444 initiis
612 1385 745 1445 naturae
772 1389 803 1445 et
831 1381 926 1444 totius
954 1380 1142 1461 perfectione
1163 1381 1247 1447 vitae

169 1486 389 1567 locupletatam
402 1483 526 1547 videbit.
562 1483 653 1562 Quod
667 1500 704 1547 eo
721 1482 868 1563 liquidius
879 1480 981 1560 faciet,
999 1482 1025 1546 si
1041 1483 1247 1565 perspexerit,

170 1607 274 1653 rerum
297 1588 378 1650 inter
401 1605 455 1650 cas
477 1585 683 1649 verborumne
706 1584 748 1648 sit
769 1584 991 1648 controversia.
1267 1589 1307 1652 10

241 1831 264 1878 1,
283 1823 326 1873 itta
345 1822 465 1872 thca
508 1821 537 1870 de
555 1839 646 1872 aurrtmu
663 1821 828 1871 honoratiora
872 1826 895 1871 2.
922 1819 1060 1890 [innectatis
1082 1822 1249 1888 exprobrabitur

169 1893 217 1959 A¹]
255 1893 389 1955 relinquunt
406 1890 503 1940 PMCR
555 1896 578 1941 a.
602 1890 726 1941 statuitC
779 1896 802 1938 5.
822 1890 913 1939 omnino
932 1906 981 1941 om.
1000 1891 1022 1940 L
1075 1897 1096 1940 5.
1117 1892 1248 1957 erpeteudu

168 1979 212 2010 aec
230 1961 337 2027 elr'qenda
355 1960 423 2009 modo
442 1958 613 2023 eadfacienda
631 1969 673 2008 aut
692 1959 812 2009 reicienda
830 1958 851 2006 L
897 1963 918 2010 t.
938 1959 1068 2025 interponet
1085 1960 1106 2009 1.
1147 1966 1170 2010 8.
1189 1960 1248 2025 ipar'e

170 2046 218 2080 om.
238 2029 260 2078 E
297 2035 319 2079 9,
340 2027 479 2092 locupletum
498 2026 520 2075 E
539 2027 672 2092 locupletem
691 2029 714 2077 R
745 2028 895 2093 prospexerit
912 2028 935 2076 E

169 2254 264 2310 neque
287 2255 340 2310 per
362 2255 393 2292 se
416 2235 499 2292 locus
521 2245 574 2304 est,
597 2253 678 2304 cum,
702 2235 772 2309 quid
795 2235 871 2292 ratio
894 2234 1059 2292 indicatura
1081 2235 1133 2306 sit,
1156 2236 1248 2313 signi·

168 2323 287 2389 ficetur,
322 2339 417 2394 neque
440 2321 469 2376 in
493 2321 548 2375 hac
571 2320 661 2376 serie:
689 2320 888 2394 pronuntiabit,
916 2323 1052 2389 reicietur,
1075 2322 1246 2396 probabitur,

168 2409 299 2480 relinquet
321 2417 389 2462 cett.
436 2406 572 2462 Klotzius
594 2415 692 2461 tamen
715 2405 849 2479 (Quaest.
872 2405 951 2462 Tull.
970 2426 998 2480 p.
1012 2406 1064 2479 57)
1088 2405 1117 2462 in
1141 2408 1247 2463 ceteris

168 2491 393 2548 commemorari
417 2499 511 2564 putat.
534 2491 620 2563 quale
640 2490 678 2546 sit
700 2488 832 2547 futurum
854 2489 978 2547 rationis
1000 2491 1151 2559 iudicium,
1175 2493 1248 2548 haec

168 2576 305 2633 universe
328 2575 401 2631 dici:
425 2576 460 2631 dc
483 2575 630 2632 vacuitate
653 2575 764 2633 doloris
787 2574 910 2631 eandem
932 2594 998 2632 esse
1015 2576 1160 2633 sentiendi
1178 2595 1248 2634 con·

169 2661 314 2718 dicionem
338 2678 372 2716 ac
395 2660 499 2736 legem.
546 2661 612 2717 Hoc
634 2660 748 2717 scilicet
769 2660 917 2736 significat
938 2665 1067 2718 sententio
1088 2672 1141 2730 est,
1164 2672 1195 2719 et
1216 2662 1246 2719 in

168 2746 274 2803 ceteris
302 2744 406 2803 Cicero
435 2746 609 2802 sententium
639 2745 733 2821 ipsam
762 2745 886 2802 rationis
914 2755 945 2802 et
972 2746 1111 2804 iudicium
1139 2747 1248 2823 posuit,

168 2832 217 2888 hic
239 2831 385 2887 sentiendi
408 2831 620 2887 condicionem.
661 2832 779 2905 Septem
799 2829 903 2889 Cicero
920 2831 987 2905 (35)
1003 2832 1077 2889 fines
1100 2842 1247 2907 posuerat,

169 2917 220 2990 qui
243 2915 361 2973 defendi
385 2926 519 2990 possent3
550 2916 602 2971 hos
625 2934 702 2972 nvrnc
726 2916 884 2990 percurrit,
913 2917 1039 2991 primum
1064 2918 1244 2994 voluptatem

168 3020 323 3057 removens
346 3000 409 3057 sive
432 3000 523 3056 solam
548 3001 720 3076 (Aristippi)
748 3001 810 3056 sive
838 3019 903 3057 cum
927 3002 1036 3058 virtute
1060 3004 1247 3059 coniunctam

168 3085 404 3160 (Calliphontis);
435 3086 615 3159 voluptatem
645 3086 778 3160 sequitur
800 3087 933 3143 vacuitas
961 3087 1071 3144 doloris
1099 3089 1161 3144 sive
1184 3087 1248 3145 sola

168 3171 368 3246 (Hieronymi)
397 3171 460 3227 sive
490 3172 628 3229 adiuncta
656 3171 821 3245 (Diodori);
856 3171 902 3228 hie
931 3172 1058 3228 adicitur
1085 3171 1248 3231 Carneadis

169 3256 323 3324 sententia,
347 3255 581 3330 generaliterque
605 3257 813 3331 pronuntiatur
835 3258 893 3329 (nec
916 3259 972 3313 ullo
994 3260 1072 3331 eet).
1108 3260 1186 3316 Tum
1209 3258 1247 3315 ad

170 3340 286 3398 Stoicos
314 3351 343 3396 et
365 3341 555 3398 Polemonem
580 3343 705 3399 venitur.
752 3343 791 3399 Et
817 3342 848 3398 in
876 3342 932 3398 hac
961 3342 1037 3398 serie
1061 3342 1154 3401 Gaius
1183 3344 1248 3414 „in-

168 3426 306 3482 teriorem
331 3426 540 3501 disputationis
563 3435 690 3483 nexunr“
717 3428 866 3483 turbatum
890 3446 954 3484 esse
977 3428 1107 3502 putavit!

255 3511 304 3566 38.
339 3531 386 3566 nec
414 3511 483 3583 rullo)
506 3513 624 3568 Primus
647 3531 684 3568 ex
708 3512 772 3568 Pal.
799 3517 812 3570 l
843 3512 974 3569 restituit
996 3514 1088 3581 Dav.,
1118 3515 1247 3571 retinue·
1319 3527 1322 3533 ’

168 3607 235 3652 runt
257 3597 436 3652 recentiores
460 3597 550 3653 taciti.
596 3598 714 3653 Habent
737 3599 825 3654 ctiam
849 3593 913 3676 [B,]
937 3593 988 3666 Εξ.
1033 3596 1073 3678 [Β
1094 3602 1248 3673 relinquunt
1332 3603 1334 3607 ’

169 3681 276 3737 habere
299 3677 461 3759 scribitur]

253 3776 300 3821 arnt
329 3776 445 3829 tantum,
475 3777 503 3822 ut
526 3766 595 3838 cet.)
628 3757 674 3820 Tol
702 3760 873 3842 προηγμένα
902 3757 991 3823 atrei
1016 3757 1246 3845 ἅποπροηγμένᾳ

169 3850 334 3909 Stoicorum
354 3852 509 3926 significat,
533 3870 608 3925 qnae
626 3841 712 3917 ἀξίαν
729 3851 878 3907 habebant
894 3853 1050 3926 quandam,
1074 3862 1107 3908 ut
1122 3854 1152 3909 in
1169 3853 1247 3909 libro

168 3936 215 3992 111
238 3936 406 4010 exponitur.

253 4032 308 4077 turn
327 4025 406 4077 anina
423 4025 490 4096 ipsis
507 4025 588 4078 initiis
605 4019 732 4098 notrrrue)
750 4022 852 4095 primis
870 4031 1002 4089 naturae,
1021 4041 1096 4098 quoe
1114 4023 1246 4097 corporis

167 4107 246 4163 bona
269 4115 300 4161 et
321 4116 444 4162 externa
467 4107 658 4182 appellabant
679 4107 872 4179 Peripatetici
896 4117 925 4162 et
946 4108 1128 4165 Academici.
1174 4108 1244 4165 vid.

167 4208 232 4248 exc.
256 4191 293 4247 ad
318 4195 332 4260 ξ
357 4191 406 4247 33.
450 4192 528 4247 Huic
551 4192 743 4266 appellationi
767 4210 785 4247 a
808 4192 915 4250 Stoicis
937 4193 1088 4250 traductae
1112 4193 1247 4269 adiungit

166 4277 374 4333 Aristoteliam
393 4275 559 4346 formulam,
582 4270 646 4351 βίον
667 4269 778 4332 τέλειον
798 4294 862 4332 cum
880 4278 990 4334 virtute
1009 4279 1245 4354 coniungentem,

167 4361 278 4418 eadem·
302 4362 457 4418 sententia.
503 4362 570 4418 Vid.
599 4361 636 4416 ad
660 4363 696 4431 V,
723 4362 771 4417 26.
817 4364 885 4436 lpse
914 4362 1034 4434 Cicero,
1063 4364 1245 4421 Antiochum

165 4465 304 4520 sequane,
327 4466 359 4503 re
382 4446 458 4503 idem
483 4447 591 4503 sentire
612 4447 728 4505 Stoicos
750 4456 780 4503 et
801 4448 1017 4524 Peripateticos
1040 4450 1198 4508 statuebat.

993 4565 1039 4613 14*
