3030 5086
219 452 284 518 534
608 474 652 519 os
675 474 805 521 amaus
829 474 900 521 sou.

217 638 270 702 alti
286 648 404 717 contra,
427 640 516 721 quasi
534 658 649 721 corpus
666 641 783 705 nullum
802 642 1000 723 sithominis,
1022 644 1067 708 ita
1083 655 1211 726 praeter
1226 645 1298 709 aui·

290 847 309 889 1.
330 843 402 905 quusi
417 851 500 892 contro
520 843 540 894 C
576 843 663 893 trullum
680 844 711 893 eit
728 862 814 909 corpus
832 845 854 899 C
872 845 960 896 nullum
978 864 1063 911 corpus
1080 847 1112 896 sit
1131 848 1152 896 R

217 1014 349 1083 Monac.;
373 1017 441 1073 Bas.
466 1019 593 1072 irorninab'
613 1037 676 1092 quo,
699 1016 778 1076 Gud.
800 1020 816 1074 2
840 1023 953 1076 urriruoti
972 1039 1034 1094 quo.
1078 1019 1152 1075 Inde
1175 1039 1192 1074 a
1211 1018 1295 1077 Vict.

217 1098 326 1155 editum
350 1111 403 1163 est,
426 1100 451 1157 ei
464 1099 571 1158 Gaium
595 1103 736 1177 excipias,
759 1105 793 1160 de
813 1107 926 1161 uarimoli
945 1105 1046 1179 utiquo,
1069 1103 1158 1162 Grut.
1173 1113 1202 1159 et
1215 1103 1294 1162 Dav.

216 1185 391 1241 tacentibus.
436 1185 515 1260 Quid
538 1187 683 1244 sententia
706 1188 878 1263 postularet,
902 1189 976 1245 vidit
993 1188 1096 1257 Gaius,
1120 1188 1171 1244 sed
1190 1198 1296 1244 contra

217 1288 301 1326 usum
314 1269 453 1344 loquendi
471 1282 501 1327 et
518 1271 650 1329 codicum
663 1273 787 1348 vestigia
800 1275 930 1348 scripsit:
948 1276 981 1330 de
997 1294 1048 1330 uon
1064 1275 1189 1341 animula
1207 1271 1296 1331 Orel-

216 1354 273 1411 lius
285 1355 322 1411 ad
335 1373 436 1411 verum
449 1356 583 1431 proxime
595 1358 727 1426 accessit,
745 1358 792 1414 cui
811 1358 959 1433 placebat:
977 1361 1010 1415 dc
1028 1362 1173 1414 inurrimoto
1190 1359 1292 1431 aliquo.

215 1439 294 1496 Nam
317 1443 419 1497 animal
440 1459 511 1497 sane
535 1441 622 1498 etiam
646 1441 798 1501 Ciceronis
826 1454 855 1500 et
877 1444 1012 1521 pmnium
1036 1443 1182 1500 sententia
1205 1443 1295 1498 homo

218 1535 278 1592 est;
301 1525 360 1593 illi,
385 1544 459 1599 quos
482 1526 530 1582 hic
552 1527 754 1602 reprehendit,
778 1527 819 1584 sic
843 1528 878 1584 de
902 1529 979 1585 bono
1001 1529 1183 1585 statuebant.
1207 1525 1295 1600 quaei

217 1609 316 1667 nullus
339 1620 415 1667 essct
438 1611 553 1667 animus
569 1612 705 1679 hominis,
729 1613 973 1686 quemadmodum
992 1613 1088 1681 alteri,
1112 1621 1142 1668 ut
1161 1611 1224 1685 ipse
1241 1612 1294 1681 ait,

218 1699 299 1768 quusi
319 1714 418 1770 corpus
435 1699 535 1752 trullum
552 1707 620 1753 esset
636 1698 756 1755 bominis.
793 1696 966 1772 Superiores
985 1698 1113 1754 editores
1127 1696 1294 1753 Victoriam

217 1781 318 1850 (Varr.
341 1781 433 1838 Lectt.
453 1781 576 1847 XXIII,
591 1782 621 1854 9)
644 1782 736 1839 secuti
760 1782 905 1851 videntur,
929 1783 979 1856 qui
1003 1797 1134 1839 enarrat:
1157 1784 1239 1855 quasi
1260 1782 1295 1837 dc
1362 1798 1367 1808 ·

215 1867 329 1921 animali
348 1868 447 1939 utiquo,
471 1886 522 1921 uon
544 1868 577 1922 dc
600 1867 710 1923 boariae.
755 1868 904 1942 Apparet,
929 1869 1038 1924 bestium
1061 1867 1117 1923 dici
1141 1866 1294 1935 debuiss03

218 1968 285 2005 nam
309 1951 364 2006 etsi
387 1950 526 2007 animalia
549 1968 637 2026 saepe
660 1951 702 2008 sic
725 1951 876 2018 dicuutur,
908 1962 941 2008 ut
968 1953 1056 2008 homo
1079 1970 1134 2007 non
1159 1968 1293 2026 compre·

217 2035 371 2104 hendatur,
395 2044 493 2091 tamen
511 2035 540 2091 id
558 2037 635 2110 apud
648 2035 820 2094 Ciceronem
844 2056 1002 2110 numquam
1026 2037 1059 2092 fit
1076 2037 1106 2093 iu
1125 2035 1294 2093 huiusmodi

216 2119 299 2189 locis,
322 2120 373 2177 ubi
396 2140 504 2195 genera
526 2120 746 2195 distingvuntur
768 2131 798 2178 et
819 2122 966 2178 contraria
989 2130 1147 2196 ponuntur.
1165 2185 1169 2194 ¹
1187 2119 1295 2197 [Apud

217 2206 381 2263 Varronem
405 2205 447 2262 sic
471 2206 589 2281 ponitur
611 2207 644 2262 L.
659 2207 692 2263 L.
705 2207 766 2264 VII
778 2227 806 2282 p.
823 2208 881 2263 100
906 2207 982 2281 Bip,
1006 2206 1084 2281 apud
1102 2207 1135 2262 L.
1148 2204 1293 2264 Senecam

217 2287 330 2366 saepe]
363 2291 403 2346 Et
425 2290 453 2348 in
478 2290 551 2365 ipsis
567 2291 669 2348 bestiis
688 2301 752 2348 erat
768 2301 866 2348 tamen
884 2292 1008 2352 animus,
1032 2290 1221 2348 etiamsinon
1241 2307 1294 2346 ex·

130 2431 134 2438 ,
217 2374 346 2431 calleret.
381 2375 452 2432 Illos
475 2374 667 2450 philosophos
685 2374 792 2434 Cicero
815 2377 924 2432 nullam
948 2375 1068 2432 omnino
1090 2375 1179 2433 animi
1203 2373 1295 2430 ratio·

216 2478 282 2515 uem
306 2459 444 2517 habuisse
468 2459 546 2516 dicit.
591 2461 785 2529 Irruuimotum,
814 2471 846 2516 ut
870 2461 924 2517 hoc
947 2461 1066 2532 addam,
1095 2479 1149 2535 pro
1177 2462 1295 2515 iconiam

217 2562 312 2617 neque
325 2543 496 2602 Ciceronem
519 2563 614 2618 neque
633 2563 809 2619 quemquam
829 2557 960 2602 veterum
979 2545 1099 2611 dixisse,
1122 2563 1181 2602 non
1200 2544 1294 2619 magis

217 2647 304 2702 quam
331 2633 493 2686 incarnatum
521 2648 575 2704 pro
603 2634 716 2696 dierum,
751 2630 934 2693 verissimum
965 2640 1028 2687 erat
1052 2628 1187 2687 Lambini
1217 2628 1294 2685 iudi-

182 2779 189 2794 ·
217 2714 308 2777 olum,
339 2715 386 2771 eui
409 2714 478 2771 olim
503 2732 559 2770 nou
583 2726 662 2771 recte
684 2715 819 2771 nonnulli
841 2715 1097 2782 contradixerunt;
1130 2712 1293 2771 nunciare

217 2798 353 2873 ignorare
380 2798 514 2856 homines
542 2798 688 2858 videntur.
734 2800 826 2875 Apud
855 2799 1027 2858 Ciceronem
1062 2802 1195 2856 irsorrimus
1229 2798 1294 2855 siue

216 2884 418 2942 controversia
440 2883 578 2940 scribitur
599 2884 694 2941 Acad.
717 2886 758 2949 II,
778 2886 828 2952 37,
851 2887 939 2942 Tuae.
963 2886 987 2954 Ι,
1013 2886 1053 2941 54
1076 2895 1105 2941 et
1128 2885 1165 2953 V,
1179 2884 1230 2952 69,
1254 2882 1294 2940 N.

217 2968 256 3025 D.
281 2969 327 3037 ΙΙ,
352 2970 407 3038 76,
436 2969 465 3025 in
489 2967 655 3043 fragmento
679 2970 831 3027 Hortensii
854 2971 931 3045 apud
954 2970 1083 3027 Nonium
1108 2988 1135 3044 p.
1158 2968 1232 3037 128,
1255 2967 1296 3025 ab

217 3054 337 3128 optimis
359 3054 443 3112 codd.
467 3051 635 3111 defenditur
657 3066 685 3111 et
708 3054 738 3111 in
761 3054 939 3112 editionibus
968 3054 1079 3130 pridem
1103 3053 1212 3128 legitur
1234 3050 1297 3111 Off.

217 3139 258 3204 II,
285 3143 332 3206 ll,
360 3141 407 3207 lt,
435 3141 481 3205 14,
509 3140 555 3204 17,
578 3139 616 3196 N.
633 3140 671 3197 D.
697 3140 722 3209 Ι,
737 3141 786 3209 36,
810 3140 977 3196 restitutum
1001 3150 1045 3195 eet
1068 3138 1201 3194 codicum
1224 3155 1296 3195 auc-

216 3223 336 3280 toritate
360 3223 441 3281 Lael.
457 3224 507 3292 68,
530 3242 623 3298 nuper
645 3224 732 3281 etism
757 3226 807 3295 (ab
830 3224 944 3283 Orellio
967 3243 982 3279 e
1006 3222 1295 3294 cod.Einsiedlsnsi)

217 3309 321 3383 Topic.
347 3310 401 3377 693
430 3309 627 3365 revocandum
656 3320 702 3365 est
730 3309 849 3384 optimis
878 3308 961 3365 libris
990 3308 1160 3364 iubentibus
1181 3307 1230 3364 111
1252 3307 1296 3367 N.

217 3393 256 3449 I).
281 3395 329 3449 40.
375 3393 443 3449 Nou
467 3403 544 3450 recte
567 3393 657 3469 igitur
679 3394 833 3469 Zumptius
861 3394 889 3449 in
914 3394 1000 3451 Verr.
1025 3394 1062 3456 V,
1090 3393 1144 3449 171
1171 3411 1187 3449 e
1210 3391 1296 3449 codd.

217 3477 390 3534 melioribus
412 3478 542 3535 restituit
563 3489 638 3534 muta
659 3489 740 3552 atquc
761 3482 924 3539 inanimata,
955 3479 1004 3535 ubi
1034 3487 1062 3534 to
1090 3485 1185 3534 ortum
1209 3486 1254 3534 est
1278 3494 1296 3533 e

217 3562 351 3636 sequenti
374 3581 446 3621 voce
469 3573 553 3619 tantu.
600 3563 644 3620 De
656 3564 757 3621 Divin.
772 3564 813 3632 II,
828 3564 867 3620 98
890 3582 948 3620 non
972 3562 1135 3632 numeravi,
1159 3561 1229 3635 quia
1251 3560 1297 3620 ibi

217 3667 256 3704 ex
285 3648 405 3723 optimis
432 3648 582 3705 codicibus
604 3648 789 3706 scribendum
814 3659 872 3713 est,
904 3649 1028 3724 expulsa
1050 3646 1296 3722 interpolationes

216 3735 305 3790 voleat
333 3736 362 3790 id
388 3752 492 3790 successe
520 3744 559 3789 est
587 3752 639 3789 uon
666 3737 692 3790 iu
721 3736 869 3791 humanibus
896 3737 994 3800 solium,
1028 3752 1119 3789 verum
1146 3737 1173 3789 in
1202 3733 1295 3790 bestiae

217 3822 304 3874 etiurr.
339 3817 413 3877 Cum
436 3818 488 3876 illi.
512 3837 586 3892 quos
603 3828 706 3875 contra
717 3817 823 3877 Cicero
846 3820 985 3893 disputat,
1009 3818 1126 3874 adrem
1145 3817 1296 3892 pertinere

217 3903 362 3970 dicerent,
392 3903 537 3977 quomodo
560 3903 642 3960 caelo
666 3903 771 3961 affecto
794 3903 1002 3978 compositisre
1024 3901 1171 3959 sideribus
1191 3904 1298 3960 atrimae

216 3998 318 4045 uatum
342 3998 434 4058 esset,
462 3987 581 4049 Cicero,
611 3989 689 4062 quod
718 3989 753 4045 de
777 3989 895 4045 animali
918 3989 1080 4064 generatim
1104 3986 1234 4057 dicatur,
1264 3987 1296 4044 in

216 4073 320 4130 bestiis
343 4073 431 4130 etiam
455 4073 553 4129 velere
576 4083 712 4149 oportere
735 4074 791 4141 ait,
821 4074 908 4148 idque
937 4092 1024 4146 quam
1054 4072 1213 4129 absurdum
1244 4071 1295 4139 sit,

217 4176 360 4233 apparere
383 4168 475 4233 putat
520 4157 606 4231 Quod
630 4159 665 4215 de
688 4159 807 4215 animali
830 4157 1179 4220 diceretur,.necessario
1202 4156 1296 4216 etiam

216 4242 247 4300 iu
271 4244 409 4300 inanimis
431 4243 540 4313 valere,
564 4244 612 4316 qui
637 4253 752 4318 poterat
774 4241 940 4299 affirmare?
973 4244 1097 4300 Praeter
1119 4242 1295 4301 Ciceronem

217 4337 319 4385 auctor
331 4328 409 4385 illius
422 4327 558 4385 vocabuli
570 4327 677 4383 citatur
689 4328 814 4402 scriptor
825 4328 1037 4384 rhetoricorum
1051 4327 1086 4383 ad
1100 4327 1297 4398 Herennium;

217 4412 269 4470 sed
281 4412 373 4469 codex
385 4414 602 4470 vetustissimus
614 4411 791 4470 Parieiensis
803 4413 922 4485 (7714),
941 4431 1026 4486 quem
1039 4413 1206 4487 Krampius
1224 4430 1297 4470 eou-
