3030 5086
242 416 284 480 96
385 478 409 515 ·
642 427 688 476 ne
712 430 842 479 armans
865 431 935 479 nou.

250 601 324 691 dam
355 593 658 680 temperantiamque
691 598 917 681 expetendam,
950 617 1012 665 non
1044 599 1118 682 quie
1151 598 1337 680 voluptates

252 699 361 784 lrtgiat,
388 702 444 766 sed
467 701 539 782 quia
561 700 695 765 maiores
718 707 934 781 consequatur.

339 803 406 867 XV.
445 802 496 866 49.
529 801 648 865 Eadem
675 800 867 866 fortitudinis
900 802 981 867 ratio
1014 803 1198 884 reperietur.
1250 800 1336 867 Nam

253 923 354 986 neque
375 904 518 968 laborum
541 902 714 984 perfunctio
743 923 843 985 neque
865 904 1027 986 perpessio
1050 904 1192 969 dolorum
1214 922 1275 986 per
1297 892 1341 967 se'

215 1007 323 1087 dipsa
350 1005 458 1084 allicit,
492 1021 548 1074 nec
580 1005 732 1086 patientia
759 1024 815 1070 nec
842 1006 1011 1071 assiduitas
1038 1023 1095 1071 neo
1122 1004 1246 1087 vigiliae
1273 1021 1337 1070 nea

254 1107 332 1190 ipsa,
354 1125 434 1187 quae
451 1107 607 1183 laudatur,
629 1106 794 1185 industria,
817 1126 856 1171 ne
873 1106 1023 1171 fortitudo
1040 1105 1173 1188 quidem,
1195 1106 1252 1173 sed
1267 1105 1336 1172 ista

324 1283 347 1328 5.
363 1277 516 1326 assiduitates
528 1274 674 1342 [All'MCR
700 1273 738 1341 [aa
748 1275 805 1339 (pto
819 1288 870 1337 trec}
880 1276 934 1341 ipsa
946 1274 979 1343 A]
1000 1293 1042 1327 aec
1055 1293 1085 1326 ea
1098 1274 1332 1340 protractior.

252 1349 277 1420 β.
297 1349 412 1409 aecsort.
434 1346 475 1392 Ltl
511 1353 533 1393 et
552 1344 597 1393 Et,
617 1352 673 1408 ipro
691 1343 742 1394 seris

340 1483 410 1558 Cap.
435 1485 503 1549 XV,
529 1486 577 1538 to.
622 1502 667 1539 nee
689 1485 850 1557 assiduitas)
874 1483 938 1553 Sic,
968 1483 1212 1559 quemadmodum
1236 1483 1333 1558 scrip·

255 1579 333 1625 seret
346 1568 441 1625 Aldus
454 1568 613 1629 Manutius.
634 1568 685 1624 llll
697 1567 741 1645 [et
755 1567 803 1645 B].
839 1567 933 1627 Gaius
952 1569 1101 1644 ,potiores
1120 1586 1188 1625 suos
1205 1573 1331 1626 omnes“

255 1653 310 1711 hoc
341 1654 447 1709 habere
476 1653 554 1709 dicit.
609 1653 682 1708 l’all.
716 1671 817 1710 omnes
845 1655 1033 1721 assiduitates,
1068 1661 1224 1728 tenentque
1253 1653 1333 1711 Dav.
1396 1719 1397 1724 ἵ

255 1749 285 1796 et
303 1737 381 1796 Oxx.
416 1739 517 1795 Teneo
536 1736 724 1812 singularem,
748 1737 826 1812 quod
848 1738 946 1796 nullus
969 1739 1088 1795 omuino
1111 1737 1158 1794 hie
1181 1737 1263 1796 locus
1285 1747 1334 1795 est

256 1824 368 1880 notioni
397 1823 594 1879 subiectorum
624 1834 673 1878 aut
701 1842 814 1891 rerum,
844 1824 872 1880 in
901 1824 1007 1897 quibus
1031 1831 1178 1892 versetur,
1207 1841 1333 1881 numero

257 1908 476 1983 multiplicatae,
500 1908 551 1963 sed
573 1907 713 1983 generali,
737 1908 832 1981 qualis
855 1921 899 1967 est
919 1911 1057 1984 patientia,
1081 1909 1225 1977 industria,
1248 1907 1333 1985 aide·

255 2005 359 2067 turque
384 1992 506 2068 pluralis
529 2002 610 2050 ortus
634 2011 696 2048 esse
720 2012 757 2048 ex
780 1993 913 2067 sequenti
937 1996 1049 2068 aiqiliue.

340 2097 386 2134 aec
408 2079 481 2153 ipsu)
507 2078 555 2133 Sia
578 2077 664 2134 etiam
687 2077 774 2152 Spin,
798 2076 863 2154 [Β]
882 2077 961 2134 Gud.
975 2080 1002 2145 ⁸2,
1023 2078 1089 2134 Bas.
1118 2076 1167 2154 [Iu
1186 2077 1214 2134 Α
1237 2095 1268 2135 ea
1292 2095 1332 2133 ex

255 2182 301 2219 aee
324 2159 459 2239 factum]
504 2162 657 2219 Editiones
679 2173 747 2218 aute
770 2161 877 2219 Gaium
902 2180 1002 2219 omnes
1025 2181 1071 2218 aee
1092 2181 1124 2217 ea
1146 2165 1221 2236 apsa,
1252 2169 1332 2219 tace·

256 2259 360 2325 turque
384 2248 419 2303 de
442 2247 544 2316 codd,
569 2246 625 2304 nisi
648 2247 724 2321 quod
747 2247 776 2303 in
801 2243 816 2316 ξ
839 2247 984 2304 omittitur
1007 2250 1080 2322 ipsa
1103 2246 1134 2303 in
1158 2245 1183 2303 E
1203 2265 1236 2303 ea
1257 2250 1331 2322 ipsa.

256 2333 324 2390 Non
354 2333 424 2390 haec
452 2333 597 2389 industria
624 2333 662 2388 ab
690 2332 756 2389 aliis
783 2342 937 2408 separatur
960 2332 1054 2405 (velut
1080 2348 1098 2386 a
1126 2335 1244 2406 prava),
1278 2331 1332 2389 sed

256 2417 392 2474 universe
420 2415 631 2474 industria'ab
659 2417 725 2474 aliis
753 2417 854 2476 rebus:
890 2417 989 2490 itaque
1017 2415 1090 2473 nihil
1119 2416 1175 2472 hnc
1203 2416 1334 2492 pertinet

256 2501 390 2577 quaestio
413 2502 448 2557 de
472 2502 643 2576 pronomine
666 2505 723 2577 ipse
744 2521 797 2576 pro
819 2506 843 2559 is
865 2505 922 2577 ipse
944 2501 1051 2576 posito.
1087 2499 1146 2560 Sed
1169 2503 1238 2576 ipsa,
1261 2520 1333 2576 qaue

256 2589 393 2645 mundatur.
418 2587 482 2642 ideo
506 2586 563 2642 dici
583 2586 707 2654 videtur,
731 2587 809 2660 quod
832 2586 904 2643 haec
928 2594 1076 2661 tamquam
1100 2585 1220 2661 propria
1242 2603 1332 2659 quae·

257 2672 323 2727 dam
347 2671 440 2727 virtus
463 2671 576 2728 laudari
599 2671 629 2727 in
654 2671 820 2728 homiuibus
843 2672 933 2740 solet,
957 2675 1015 2728 non
1039 2670 1172 2746 vigiliae,
1202 2688 1277 2744 quae
1300 2669 1331 2726 in

257 2755 423 2812 hominibus
446 2775 502 2812 non
527 2766 608 2813 sunt,
633 2775 686 2812 nec
708 2756 880 2815 assiduitas.
904 2768 979 2830 quae
1002 2756 1031 2813 in
1055 2755 1143 2812 certis
1165 2755 1332 2828 actionibus

257 2850 414 2916 spectatur,
438 2859 494 2896 non
519 2841 548 2897 in
568 2852 629 2898 toto
646 2841 773 2916 ingenio.
807 2838 954 2921 [Blandiri
973 2850 1070 2917 potest
1082 2840 1141 2898 Ad.
1160 2839 1196 2896 de
1213 2839 1333 2917 longhii

256 2926 426 2983 coniectura
442 2924 555 3001 (Symb.
568 2925 626 2985 litt.
641 2926 705 2982 Bat.
719 2927 746 2983 V
765 2946 793 3002 p.
803 2928 870 3000 81):
893 2944 939 2983 aec
955 2929 1017 3002 ipsa
1034 2927 1164 2982 &audatia
1180 2927 1331 2983 industria:

256 3010 308 3066 sed
331 3019 392 3066 tum
415 3010 504 3066 scribi
527 3007 666 3067 debebat:
696 3029 742 3067 aee
765 3013 821 3068 iad.
851 3015 912 3088 ipsa
940 3012 1014 3068 lurtd.
1043 3010 1130 3086 (ipsae
1148 3029 1200 3085 per
1221 3029 1250 3067 se
1271 3011 1332 3067 lau·

257 3096 385 3168 daretur);
408 3104 437 3151 et
459 3095 509 3151 nni
532 3097 614 3152 allicit
637 3114 726 3152 unum
749 3096 908 3170 respondet
929 3090 1089 3174 aequiterna]

343 3199 374 3236 ae
389 3181 525 3253 fortitudo
547 3181 667 3254 quidem)
692 3179 764 3237 Mali
787 3180 905 3254 quidam
929 3180 1061 3249 codices,
1089 3190 1122 3237 ut
1144 3180 1254 3249 solent,
1284 3198 1333 3236 aec

256 3258 355 3338 (EU};
391 3263 496 3320 multos
520 3263 612 3322 Gaius
635 3265 732 3339 dicit),
764 3265 841 3338 quod
864 3266 888 3322 si
911 3275 988 3322 esset
1011 3265 1149 3322 Latinum
1172 3263 1243 3338 (vid.
1265 3282 1331 3321 exc.

257 3349 293 3405 ad
318 3349 362 3406 ΙΙ.
388 3349 455 3420 25),
490 3349 575 3406 huius
604 3351 660 3407 loci
684 3367 741 3405 non
764 3361 856 3418 esset,
890 3350 953 3406 sive
982 3350 1230 3407 enumerationem
1253 3348 1333 3405 fiairi

257 3434 319 3490 sive
347 3444 550 3509 argumentum
579 3435 713 3491 concludi
741 3434 914 3493 iudicamus.
966 3435 1141 3492 Dubitatum
1170 3443 1216 3490 est
1243 3433 1333 3503 euim,

169 3590 173 3598 ι
257 3518 404 3593 quomodo
428 3529 559 3576 extremo
583 3519 647 3576 loco
670 3519 844 3577 adhaereret
866 3520 931 3595 ipse
953 3517 1110 3587 fortitudo,
1139 3517 1223 3575 cuius
1245 3535 1334 3593 supe·
1374 3548 1382 3562 ·

257 3604 349 3660 riores
373 3614 471 3677 partes
494 3615 600 3660 essent.
645 3605 749 3678 ltaque
773 3605 955 3662 Dietriclrius
977 3603 1123 3678 (Quaestt.
1150 3621 1272 3679 gramm.
1304 3613 1336 3659 et

257 3688 334 3745 eritt.
357 3687 392 3745 de
416 3688 489 3745 locis
511 3689 624 3763 aliquot
647 3689 720 3757 cie,
744 3689 824 3765 Lips.
852 3690 941 3755 1835,
965 3709 993 3764 p.
1009 3688 1062 3761 72)
1084 3687 1220 3745 concludi
1241 3687 1334 3744 ratio·

258 3792 323 3829 nem
346 3773 388 3828 sic
411 3775 538 3847 putavit:
561 3778 652 3848 itaque
674 3776 857 3848 ae'fortituclo
879 3776 985 3849 qtridem
1004 3774 1049 3846 (ut
1068 3781 1159 3830 esset:
1181 3774 1241 3829 also
1262 3775 1334 3829 artcls

258 3859 355 3928 ra'clrt);
385 3858 436 3914 sed
464 3876 559 3931 neque
588 3859 732 3933 particula
754 3859 951 3917 conclusionis
980 3858 1069 3915 index
1097 3856 1192 3914 amitti
1216 3866 1335 3933 poterat

257 3945 307 4015 (ita
330 3962 361 3998 ae
376 3945 445 4016 sort.
469 3946 542 4016 qa),
570 3962 679 4016 neque,
708 3943 732 3999 si
760 3944 933 4020 apartibus
960 3944 997 4000 ad
1021 3952 1115 4000 totum
1138 3941 1214 3998 ratio
1236 3950 1334 3999 traus-

258 4026 392 4096 ferretur,
416 4036 494 4083 recte
513 4028 628 4084 deesset
647 4028 843 4103 periculorum
861 4027 1056 4102 susceptionis
1074 4027 1192 4084 mentio.
1228 4027 1334 4101 ltaque

257 4112 459 4170 fortitudinem
489 4114 532 4169 sie
566 4124 713 4186 tamquam
743 4118 887 4171 summum
915 4113 1036 4189 adiungi
1064 4122 1150 4188 puto,
1186 4119 1231 4177 ut,
1265 4129 1332 4169 cnm

257 4208 324 4254 ante
353 4217 405 4254 eae
432 4215 479 4254 res
509 4198 676 4254 nominatae
699 4198 771 4267 sint,
806 4217 880 4272 quae
909 4199 963 4255 sub
987 4206 1134 4273 patentem
1158 4196 1246 4254 latirus
1269 4196 1334 4254 eius

258 4281 374 4339 uirtutis
409 4283 556 4340 notionem
591 4283 698 4338 radant
731 4300 784 4339 nec
823 4291 920 4340 tamen
959 4301 994 4340 eo
1033 4281 1150 4339 nomine
1188 4281 1334 4358 appellari

259 4367 380 4426 soleant.
404 4368 450 4424 hic
473 4388 508 4425 ea
530 4367 728 4442 intellegatur,
751 4386 826 4442 quae
850 4367 942 4444 magis
965 4367 1083 4443 proprie
1106 4366 1234 4436 dicatur,
1257 4385 1335 4441 qnae
