3030 5086
277 465 341 530 366
666 484 710 528 us
733 483 863 530 rmraus
886 484 958 529 non.

278 649 373 715 Stoici
399 669 460 714 non
482 657 595 731 putant
616 650 807 731 voluptatem
830 669 901 716 esse
922 654 1107 732 ponendam.
1152 653 1271 732 Quibus
1293 671 1355 736 ego

277 751 475 816 vehementer
497 752 661 831 assentior,
685 769 733 831 ne,
757 753 784 816 si
805 744 997 834 ioluptatem
1019 761 1133 818 natura
1154 755 1297 834 posuisse
1319 755 1353 819 iu

277 853 315 917 iis
338 852 431 917 rebus
453 852 610 930 videatur,
638 872 719 934 quae
746 855 866 935 primae
887 863 1093 936 appetuntur,
1121 855 1219 920 multa
1246 857 1353 938 turpia

277 961 456 1035 sequantur.
490 954 573 1018 Satis
595 972 663 1019 esse
685 964 787 1020 autem
806 957 979 1037 argumenti
999 957 1128 1034 videtur,
1150 958 1353 1038 quamobrem

238 1055 343 1135 billa,
371 1073 451 1137 quae
478 1055 580 1138 prima
608 1063 681 1120 sunt
702 1056 801 1121 aslita
823 1065 950 1136 natura,
978 1058 1157 1139 diligamus,
1190 1060 1276 1141 quod
1303 1066 1354 1123 est

346 1282 368 1324 2.
387 1293 441 1324 nant
460 1278 517 1340 (pro
534 1278 616 1339 naJE
655 1276 784 1343 [perureret
801 1276 831 1343 A]
850 1278 1004 1342 potuissetli
1040 1285 1064 1327 3.
1083 1279 1118 1326 Ιιὶσ
1140 1277 1252 1345 [A1Lcn
1286 1278 1352 1327 uide·

276 1345 370 1392 returL
408 1350 429 1391 5.
449 1361 511 1407 quae
529 1352 617 1393 aalma
633 1345 841 1409 primabPMcs
876 1345 1023 1413 [adacdaii]
1062 1347 1189 1396 mantal}
1207 1365 1224 1395 a
1240 1364 1266 1396 se
1284 1347 1352 1395 r'tali

277 1524 448 1610 ἁρμόζοντα
470 1531 505 1607 τῇ
528 1523 669 1591 συστάσει
692 1519 828 1610 ἀπολάβῃ
849 1554 873 1591 ιι.
885 1555 912 1595 τ.
926 1531 949 1593 o‘.
983 1536 1047 1593 Nec
1064 1545 1161 1593 tamen
1179 1535 1251 1592 illud
1268 1535 1352 1593 addi·

276 1630 437 1677 tamentum
462 1638 477 1675 e
500 1619 700 1693 superioribus
718 1628 813 1676 ortum
832 1631 886 1690 est,
910 1622 960 1678 ubi
978 1621 1047 1679 boni
1064 1621 1147 1678 codd.
1166 1640 1223 1677 non
1241 1621 1352 1678 habent

276 1707 420 1777 (liliorum,
444 1704 541 1760 nullus
563 1707 614 1772 sui,
639 1705 689 1761 sed
712 1703 869 1763 infeliciter
891 1707 1013 1781 aliquis,
1037 1705 1183 1781 principia
1204 1706 1353 1763 naturalia

276 1809 351 1865 qnae
369 1799 476 1858 essent,
494 1789 615 1845 delinire
633 1800 755 1846 conatus
773 1799 826 1846 est.
861 1791 998 1850 Ceterum
1017 1789 1138 1848 affectus
1156 1790 1245 1861 illius,
1263 1809 1350 1865 quem

276 1876 430 1932 desideriis
452 1883 574 1930 naturae
597 1875 724 1948 expletis
747 1867 944 1950 ἐπιγίγνεσθαι
966 1876 1165 1932 concedebant
1189 1874 1296 1940 Stoici,
1318 1876 1350 1933 in

275 1960 451 2036 explicando
485 1958 602 2018 notione
637 1960 704 2016 boni
745 1970 774 2016 et
814 1961 918 2017 beatae
951 1962 1029 2018 ritae
1062 1962 1206 2018 rationem
1239 1961 1350 2018 nullam

276 2046 432 2102 habebant.

362 2132 437 2187 Satis
451 2163 489 2170 —
507 2132 659 2201 arqurnenti
673 2130 786 2197 videtur,
804 2131 975 2202 quamobrem
989 2131 1059 2203 cet.)
1079 2130 1255 2206 Singulatim
1273 2131 1350 2188 retio

275 2217 407 2274 redditur
419 2215 554 2272 derebus
566 2214 750 2288 quibusdam,
763 2231 836 2287 quas
848 2225 968 2272 naturas
980 2216 1090 2290 primae
1102 2223 1237 2290 appetam
1255 2234 1350 2290 neque

275 2312 371 2358 tamen
401 2320 452 2357 eae
481 2319 496 2356 e
520 2300 667 2356 communi
689 2299 741 2356 illo
763 2300 872 2356 amoris
895 2310 924 2356 ct
948 2301 1179 2357 conservationis
1201 2301 1246 2358 aui
1269 2299 1351 2357 fonte

276 2387 453 2445 derivantur.
472 2384 590 2441 minime
608 2385 724 2458 quidem
740 2384 922 2458 cognitiones
940 2395 969 2442 et
986 2394 1074 2454 artes,
1093 2386 1142 2442 sed
1161 2384 1205 2442 illi
1222 2386 1348 2459 quodam

276 2472 362 2529 modo
380 2471 500 2545 adiungi
517 2468 669 2538 videntur;
692 2478 721 2525 et
741 2479 838 2525 temen
861 2470 902 2526 sic
915 2470 1019 2528 Cicero
1036 2470 1167 2544 loquitur
1189 2472 1257 2543 (illa,
1279 2490 1352 2545 quae

179 2602 186 2618 .
271 2561 363 2633 prima
385 2566 447 2613 errat
468 2558 553 2611 nacitu
576 2557 695 2627 nutrire),
720 2554 803 2628 quasi
827 2554 883 2612 hoc
900 2574 993 2631 genus
1009 2556 1081 2613 satis
1100 2555 1246 2611 definierit
1268 2565 1297 2611 et
1318 2555 1350 2612 in

276 2662 311 2699 eo
333 2643 386 2698 has
409 2658 455 2696 res
477 2642 621 2714 posuerit;
650 2639 755 2696 deinde
782 2649 879 2695 nutem
910 2658 986 2696 nunc
1014 2641 1130 2696 demum
1159 2640 1349 2705 demonstrat,

275 2745 325 2783 eas
348 2726 445 2801 diligi;
468 2724 559 2798 atqui,
583 2724 639 2780 nisi
663 2724 864 2799 diligerentur,
888 2726 1006 2781 omnino
1029 2743 1087 2782 non
1107 2725 1251 2782 essentia
1269 2725 1350 2800 prin·

275 2811 360 2887 cipiis
383 2809 581 2876 naturalibus3
609 2809 709 2883 itaque
738 2810 900 2885 tautologia
928 2810 1071 2883 quaedam
1094 2810 1202 2880 oritur,
1230 2828 1294 2866 cum
1318 2810 1350 2867 id

275 2897 437 2954 docendum
461 2894 552 2951 fuisse
576 2894 720 2962 videatur,
743 2913 786 2963 ee,
810 2912 885 2969 quae
908 2913 926 2950 a
944 2895 1052 2951 Stoicis
1075 2895 1170 2969 prime
1192 2905 1349 2969 ponantur,

275 3000 344 3038 vere
367 2980 450 3055 diligi
473 2991 503 3036 et
525 2978 607 3034 illum
630 2979 725 3035 locum
745 2979 808 3036 iure
826 2988 936 3039 tenere.
972 2979 1069 3037 Huius
1092 2979 1281 3037 obscuritatis
1303 2999 1349 3037 re·

275 3066 431 3142 prehensio
449 3083 486 3121 ex
503 3074 614 3138 quanta
630 3073 713 3138 parte
730 3063 768 3119 ad
785 3065 865 3139 ipsos
878 3064 994 3122 Stoicos
1011 3065 1166 3139 pertineat,
1184 3083 1222 3121 ex
1238 3074 1350 3138 quanta

274 3152 312 3208 ad
329 3150 512 3218 Ciceronem,
536 3149 631 3205 minus
650 3149 786 3205 distincte
810 3149 882 3206 haec
904 3150 1083 3208 reddentem.
1107 3149 1226 3207 difficile
1244 3160 1289 3205 est
1305 3150 1349 3206 di·

274 3255 350 3293 cere.
378 3236 412 3291 Iu
426 3252 497 3290 voce
514 3235 685 3307 qrromobrem
701 3234 805 3290 similis
822 3235 965 3308 quaedam
976 3243 1140 3291 structurae
1152 3235 1351 3291 inconstantia

274 3318 535 3378 animadvertenda
552 3319 588 3388 ei,
608 3336 683 3392 quae
701 3319 773 3387 adl,
790 3322 827 3375 14
847 3319 875 3375 in
889 3320 979 3376 verbo
995 3321 1120 3377 adducor
1135 3327 1276 3377 annotata
1293 3330 1347 3377 eat.

275 3406 353 3463 Nam
376 3405 494 3481 proprie
517 3413 567 3459 aut
590 3403 632 3460 sic
655 3403 775 3460 dieitur:
798 3407 864 3460 sutis
886 3408 1036 3478 arqumenti
1056 3415 1108 3475 est,
1130 3406 1178 3461 itta
1200 3437 1240 3446 -
1263 3406 1348 3478 dr'lr'qt'.

275 3491 310 3547 de
334 3509 383 3551 eo,
406 3489 484 3563 qnod
507 3488 691 3545 concluditur
713 3492 757 3560 (ut
779 3488 794 3545 Ι
819 3489 907 3564 Legg.
933 3489 995 3562 80),
1018 3498 1069 3546 arrt
1092 3489 1148 3545 sic:
1178 3492 1244 3545 sotis
1266 3507 1349 3562 arqu-

274 3579 355 3632 menti
375 3585 421 3642 est.¹
445 3574 614 3648 quamodrem
636 3576 684 3630 r'lla
706 3606 745 3616 -
769 3576 846 3647 diliqi
866 3576 1016 3645 credamus,
1040 3575 1076 3630 de
1098 3575 1164 3631 fide.
1188 3591 1262 3647 quae
1285 3572 1347 3630 effi-

275 3661 351 3717 citur
363 3662 408 3732 (ut
420 3661 448 3716 V
461 3659 589 3739 inUVerr.
606 3659 679 3716 178:
703 3661 793 3715 Multa
815 3662 892 3731 sr'qrro
909 3661 1029 3726 dederat,
1052 3660 1223 3734 quamobrem
1240 3678 1348 3733 respon·

275 3766 355 3802 surita
373 3764 423 3800 nori
441 3747 601 3816 videretur),
625 3744 729 3802 Cicero
746 3744 963 3801 coniunctivum
981 3745 1068 3801 etiam
1089 3745 1118 3801 in
1137 3744 1235 3819 priore
1254 3743 1351 3800 forma

276 3830 377 3887 tenuit.
414 3830 517 3889 Simila
536 3839 581 3885 est
597 3829 638 3895 II,
653 3830 706 3885 70:
734 3828 808 3896 Quid
829 3832 919 3903 effers,
943 3850 991 3886 our
1007 3831 1122 3886 Thorius
1138 3848 1238 3884 —non
1255 3832 1348 3885 inerm-

274 3918 382 3972 dr'ssr'nre
404 3919 508 3983 vicerit,
532 3914 588 3969 hoc
611 3923 664 3981 est,
688 3916 786 3970 uim'ase
807 3917 946 3971 dedicetur.
970 3913 1022 3992 [V,
1049 3916 1087 3970 27
1112 3911 1202 3989 exin]

360 4020 430 4074 quae
442 4003 533 4074 prima
551 4009 613 4054 sum
630 4001 715 4054 ascita
732 4009 840 4068 notiora,
860 4000 1016 4073 diliqanms)
1031 4000 1195 4056 Edebatur:
1212 4017 1283 4072 quoe
1299 4017 1349 4053 na-

275 4095 337 4141 tura
351 4089 441 4160 pn'ma
459 4095 520 4140 sunt
541 4088 636 4152 ascita,
659 4094 758 4140 natura
781 4087 938 4157 dr'lr'qornum
962 4085 1013 4141 sed
1036 4095 1135 4140 nutrire
1157 4083 1249 4158 diligi,
1272 4100 1348 4156 quaa

275 4180 380 4225 nutura
397 4170 543 4236 asciverit,
567 4187 625 4224 non
648 4169 706 4225 alio
725 4171 851 4243 quodam
871 4171 964 4231 modo.
988 4171 1060 4226 satis
1077 4177 1209 4244 apparet.
1242 4167 1348 4241 Itaque

275 4255 371 4329 priore
389 4255 453 4311 loco
467 4273 566 4310 vocem
586 4254 666 4310 illam
681 4264 759 4310 recte
772 4255 910 4311 omittunt
922 4255 1008 4311 etiam
1023 4251 1108 4334 [AB]
1121 4253 1198 4328 Spir.
1212 4263 1241 4308 et
1253 4251 1309 4309 Ox.
1323 4247 1348 4322 ξ,

275 4339 303 4396 id
326 4350 380 4409 est,
405 4340 549 4408 meliores,
573 4340 679 4413 quibus
697 4338 790 4395 Gzins
813 4340 925 4414 paruit;
949 4340 1093 4396 sublatam
1111 4338 1267 4395 voluerant
1289 4338 1347 4393 iam

276 4424 429 4482 Ernestins
451 4434 481 4481 et
492 4425 637 4484 Bromius.
672 4425 767 4481 Ascita
784 4421 851 4503 [pro
875 4442 933 4498 quo
955 4424 1045 4481 etiam
1067 4425 1135 4481 inB
1154 4432 1260 4479 asserto
1277 4422 1349 4479 scri·
