3030 5086
369 487 413 533 nn
436 486 516 533 mnu.
539 485 602 532 ma.
624 485 661 531 nr
683 485 756 532 cnr.
782 487 888 535 ιο-ιο,
904 482 1036 547 (οι-ον.)
1175 465 1241 532 435

165 658 226 722 Sed
247 674 311 721 non
333 655 468 720 alienum
491 663 547 733 est
571 671 631 736 quo
651 652 770 718 facilius
786 653 834 718 vis
851 652 941 718 verbi
957 651 1163 733 intellegatur,
1186 670 1240 716 ra-

163 758 279 823 tionem
303 757 395 822 huius
416 757 503 822 verbi
525 755 657 820 faciendi
679 754 815 820 Zenonis
836 772 1001 836 exponere.

248 859 332 924 XVI.
355 859 405 924 52.
429 859 472 924 Ut
493 857 583 934 enim,
606 856 721 937 inquit,
744 875 835 920 nemo
859 856 947 934 dicit,
969 856 1001 919 in
1024 855 1111 936 regia
1133 874 1239 937 regem

162 962 265 1045 ipsum
293 960 383 1042 quasi
410 960 597 1040 productum
626 976 695 1022 csse
728 959 768 1023 ad
797 959 978 1040 dignitatern
1007 957 1052 1039 (id
1082 968 1131 1022 est
1157 957 1238 1022 enim

162 1060 376 1142 προηγμένον),
405 1062 552 1139 sedem,
581 1059 635 1140 qui
661 1059 694 1123 in
722 1058 827 1140 aliquo
850 1060 969 1123 honore
991 1067 1077 1137 sunt,
1106 1061 1280 1140 quorum5

163 1165 241 1228 ordo
263 1164 405 1244 proxime
427 1162 554 1238 accedit
576 1169 612 1225 ut
633 1161 788 1226 secundus
811 1161 860 1239 sit,
882 1161 925 1224 ad
941 1160 1060 1240 regium
1078 1160 1237 1241 principa-

162 1274 237 1343 tum,
260 1264 305 1329 sic
326 1265 356 1328 in
381 1263 446 1328 vita
467 1282 528 1328 nou
546 1282 592 1343 ea,
616 1281 697 1345 quac
712 1261 733 1343 †
750 1263 901 1343 primario
920 1263 988 1327 loco
1011 1251 1093 1341 sunt,
1116 1263 1173 1327 sed
1190 1281 1238 1342 ea,

231 1517 357 1585 zluerbt'
377 1518 505 1567 hocloco
528 1533 576 1568 om
601 1517 636 1583 A]
689 1516 807 1567 Ζνοοοοοτ
832 1517 851 1565 L
911 1520 933 1564 8.
958 1515 1015 1566 dicit
1036 1524 1061 1567 ut
1084 1515 1108 1565 in
1130 1516 1198 1582 νομέα
1216 1517 1241 1565 s:

163 1593 186 1636 4
207 1556 265 1636 idern
284 1589 343 1635 eutin
362 1595 396 1634 eet
414 1600 500 1636 ornnes
520 1585 545 1635 id
562 1586 621 1635 enlm
638 1594 672 1635 eet
686 1584 729 1635 Or.
768 1590 790 1632 ο
809 1586 856 1633 erist
874 1599 968 1640 omnes
988 1583 1031 1635 Or
1068 1588 1091 1636 6
1110 1586 1239 1664 regnauit}

164 1657 185 1703 7.
203 1653 234 1703 sit
253 1672 282 1703 eo
300 1655 323 1703 in
341 1654 424 1704 udal}
459 1672 496 1713 eu,
515 1670 576 1718 puae
594 1654 676 1703 om.E
708 1652 825 1718 prtinurio
844 1654 898 1702 siue
915 1662 976 1703 notu
986 1652 1028 1702 Or
1046 1669 1159 1716 pretione
1170 1652 1241 1719 [sla

231 1876 419 1973 Cap.le
435 1878 483 1933 52.
524 1878 559 1934 Ut
576 1898 652 1947 euim,
675 1875 793 1973 iuquit)
794 1876 940 1934 Stobaeus
957 1876 1020 1933 Ecl.
1033 1875 1101 1934 Eth
1116 1897 1144 1954 p.
1162 1878 1241 1934 156³

163 1951 256 2022 Οὐδέν
279 1954 310 2020 di
331 1957 390 2017 τῶν
413 1954 537 2058 αγαθοῖμ
560 1957 635 2019 εἶναι
657 1954 862 2059 προηγμένον,
885 1951 934 2019 διὰ
962 1951 997 2018 τὸ
1025 1951 1077 2035 τὴν
1098 1957 1240 2057 μεγίστην

162 2040 248 2116 ἀξίαν
272 2036 350 2104 αυτοὶ
373 2038 462 2120 ἔχειν,
491 2037 526 2103 τὸ
549 2036 580 2102 δὲ
602 2038 801 2138 προηγμένον,
829 2036 882 2122 τὴν
904 2038 1045 2136 δευτέραν
1066 2064 1165 2145 χωραν
1187 2063 1237 2101 και

161 2123 286 2199 umbus
271 2149 351 2206 οχον,
375 2122 547 2204 συνεγγίζειν
568 2149 630 2194 πως
652 2126 688 2203 τῇ
709 2124 768 2183 τῶν
790 2127 917 2204 α’γαθῶν
939 2113 1036 2201 (μέσον.
1082 2121 1158 2189 olel
1180 2119 1238 2240 γοὶρ

162 2208 192 2271 ἐν
214 2205 288 2288 αυλῇ
310 2211 368 2270 τῶν
391 2207 617 2289 προηγουμένων
640 2206 714 2268 εἶναι
735 2228 788 2267 τον
810 2208 947 2288 βασιλέα,
978 2203 1056 2269 αλλὰ
1076 2232 1148 2280 τους
1169 2213 1234 2287 μετ’

162 2289 251 2355 αὐτὸν
270 2291 474 2372 τεταγμένους
510 2297 573 2370 (Sic
590 2295 790 2354 scribendum.
813 2315 849 2353 ne
867 2298 897 2354 in
915 2297 982 2354 auls
1000 2298 1117 2397 quidem
1135 2315 1236 2374 regem

159 2382 237 2440 inter
265 2392 448 2457 praestantes
477 2381 619 2457 dignitate
643 2382 805 2451 nurnerari
839 2383 890 2438 sed
918 2400 984 2451 eos,
1014 2385 1064 2479 qui
1088 2392 1159 2455 cet,
1189 2380 1236 2438 vel

159 2468 258 2543 potius
285 2487 344 2525 των
372 2460 569 2564 προηγμένων.
615 2468 650 2524 ln
674 2466 814 2523 Hccrenii
843 2467 989 2564 scriptura
1015 2457 1067 2523 τὸν
1089 2485 1236 2544 προηγου-

159 2569 248 2624 μονον
270 2545 344 2608 εἶναι
366 2550 490 2607 vitiosus
509 2560 554 2610 est
570 2553 728 2620 articulus3
750 2552 834 2608 codd.
853 2543 987 2627 αυλητων
1003 2568 1234 2627 αρονγγουμονον.

160 2635 275 2694 Deinde
294 2636 446 2709 pluralem
469 2652 541 2701 τους
558 2635 620 2711 μετ’
645 2625 735 2692 αὐτὸν
757 2629 963 2709 τεταγμένους,
986 2635 1128 2694 Davisius
1150 2635 1238 2692 resti·

160 2720 232 2790 tuit;
256 2720 339 2779 codd.
364 2715 470 2776 τοῦ-
472 2715 707 2795 ·τοταγμένου)

245 2807 274 2863 id
295 2816 335 2862 est
355 2802 437 2881 euim)
460 2803 535 2862 Cum
559 2824 595 2861 cx
618 2808 648 2861 id
668 2815 721 2871 est,
750 2814 783 2860 ut
805 2822 908 2879 saepe,
931 2803 1041 2861 factum
1065 2814 1143 2862 essct
1166 2806 1235 2862 idem

159 2889 263 2963 (Onu,
287 2886 355 2965 Ε’ξγ,
379 2889 445 2946 edd.
466 2890 727 2957 anteManntiu1113
751 2888 839 2946 Grut.
863 2899 891 2946 et
910 2890 986 2946 Dav.
1005 2899 1117 2959 tacent3
1140 2889 1234 2948 Gzius

159 2975 189 3032 in
215 2975 332 3044 „multis
356 2974 493 3049 scriptis“
518 2975 559 3030 sit
583 2993 645 3030 esse
668 2976 764 3047 idem).
787 2974 919 3030 adrlitum
943 2983 988 3030 est
1006 2975 1143 3032 verbum:
1165 2978 1235 3032 idem

158 3063 225 3117 euim
247 3071 294 3117 eet.
339 3059 463 3118 Correxi
488 3060 622 3115 mendum
647 3058 843 3115 manifestum.

244 3151 270 3201 ln
282 3148 373 3219 atiquo
385 3147 482 3200 honore
494 3145 568 3218 ssent)
582 3146 631 3202 Sic
643 3154 722 3201 recte
734 3144 798 3200 edd.
807 3142 887 3201 Crat.
896 3144 1020 3209 etVict.,
1033 3154 1060 3201 et
1074 3145 1110 3200 ob
1122 3147 1234 3210 accedit,

159 3231 237 3304 quod
260 3230 421 3287 scribarum
450 3229 574 3286 arbitrio
598 3230 693 3305 minus
716 3229 875 3285 obnoxium
899 3227 972 3296 fuit,
1002 3239 1030 3285 et
1059 3230 1137 3304 quod
1165 3231 1235 3286 sirn-

159 3314 275 3390 pliciter
302 3334 394 3390 genus
418 3324 517 3370 notum
542 3315 726 3372 describitur.
773 3314 915 3370 Secundus
941 3315 981 3370 ud
1007 3318 1107 3388 replum
1131 3319 1236 3390 princi·

154 3409 250 3475 potum
273 3401 328 3456 etsi
352 3399 443 3455 videri
468 3409 566 3473 potest
589 3400 630 3455 ita
652 3401 761 3456 dictum
785 3417 865 3467 esse,
896 3408 929 3455 ut
952 3401 1132 3474 praepositio
1155 3419 1235 3457 com·

158 3485 340 3560 parationem
365 3484 523 3560 significet,
553 3494 664 3548 tamen,
694 3485 831 3557 qnoniam
860 3486 899 3540 ud
920 3483 962 3540 sic
986 3485 1135 3558 peninon
1160 3485 1235 3542 solet

158 3569 214 3627 nisi
232 3571 262 3626 in
280 3570 471 3645 significanda
488 3569 726 3626 dissimilitudine
743 3579 772 3624 el
789 3567 953 3626 differentia
967 3571 1011 3641 (ut
1027 3588 1092 3626 cum
1111 3570 1233 3627 dicitur:

158 3657 224 3711 ur'lril
245 3647 433 3728 odulr'quenn
454 3657 523 3727 quid
544 3657 582 3711 ud
604 3658 742 3711 utilitatem
765 3664 854 3710 tantae
870 3657 1021 3728 pecuniae?
1043 3655 1102 3725 (11,
1127 3657 1180 3727 85)
1204 3665 1234 3713 et

158 3741 236 3815 apud
259 3740 391 3796 Livium:
421 3759 470 3795 nou
500 3742 539 3796 od
566 3750 652 3796 cetero
680 3743 784 3811 ἱοροοέα
807 3741 911 3795 Punica
939 3741 1069 3809 callidus,
1099 3749 1128 3796 et
1154 3742 1232 3815 apud

158 3826 311 3890 Plautum⁸¹
335 3825 420 3900 Capt.
443 3825 484 3894 ΙΙ,
511 3827 537 3893 2,
564 3825 618 3881 25:
647 3827 686 3881 ud
707 3828 864 3898 sapientium
887 3824 966 3880 irruitis
994 3828 1091 3881 nimius
1119 3836 1234 3898 nupotor

151 3913 223 3984 fuit;
247 3911 306 3968 vid.
332 3910 411 3981 len).
435 3920 465 3966 et
487 3910 624 3982 quoniam
648 3912 789 3977 secundus,
812 3908 889 3981 quod
913 3909 1008 3984 ipsum
1033 3911 1164 3966 ordinem
1188 3911 1233 3967 in·

158 3995 250 4062 dicat,
279 3995 316 4052 ad
340 4014 403 4051 earn
427 3995 669 4069 significationem
696 3995 789 4050 minus
812 4002 912 4067 aptum
936 4004 995 4063 est,
1019 4005 1091 4069 puto
1114 3994 1232 4054 Cicero-

156 4100 222 4138 nem
246 4083 284 4137 αα
314 4079 560 4154 praepositionem
590 4081 738 4136 rettulisse
766 4078 945 4134 adverbum
970 4082 1081 4138 accedit.
1126 4082 1232 4155 ltaque
1291 4119 1293 4124 ·

157 4184 271 4223 comma
294 4165 465 4239 interposui,
490 4166 568 4239 quod
592 4166 620 4221 in
646 4173 769 4220 stentem
794 4164 850 4219 iarn
875 4174 996 4220 venerat
1019 4165 1146 4223 Bremio.

239 4253 370 4325 prr'morr'o
399 4251 466 4323 loco)
491 4251 589 4307 Aliter
612 4250 716 4308 Cicero
744 4248 876 4323 scripsit;
907 4268 972 4305 nani
1003 4268 1057 4307 nec
1080 4254 1232 4325 primarius

156 4336 237 4392 locus
261 4336 302 4408 (id
325 4345 379 4400 est,
403 4336 452 4408 qui
476 4336 511 4392 ud
536 4336 661 4410 primurn
680 4335 816 4410 pertinet,
839 4333 925 4409 primi
943 4335 1059 4409 generis
1077 4337 1134 4411 est)
1151 4346 1230 4392 recte

156 4421 263 4478 dicitur
280 4441 334 4497 pro
346 4425 445 4496 prium.
465 4432 494 4476 et
511 4421 590 4477 aliud
608 4421 722 4477 codices
740 4419 912 4488 ostendunt;
935 4438 1002 4477 nam
1020 4421 1108 4479 etiarn
1120 4422 1187 4479 Pal.
1203 4425 1229 4494 1,
