3030 5086
482 455 629 511 erman.
653 456 716 500 urs.
738 457 749 501 1
773 456 845 501 cnr.
866 462 888 505 s.
908 422 1039 519 (ra-is.)
1254 440 1292 503 61

215 625 336 689 tinaces
362 624 508 705 indignae
534 623 733 705 philosophia
759 623 832 687 mihi
860 625 960 690 videri
988 627 1097 691 solent.
1141 625 1294 690 italum

216 726 413 808 Torquatus:
435 725 580 803 Prorsus,
602 726 711 807 iuquit
728 726 899 805 assentior3
921 745 1021 808 neque
1040 728 1122 791 enim
1138 727 1295 806 disputari

218 829 288 893 sine
309 827 564 909 reprehensione,
587 845 644 892 nec
665 845 735 892 cum
757 827 919 892 iracundia
940 838 996 892 aut
1017 823 1189 909 pertinacia
1210 841 1296 893 recte

217 930 376 1010 disputari
396 938 509 1010 potest
553 929 617 994 Sed
644 929 802 1007 adhaec,
831 929 891 993 nisi
918 930 1081 994 molestum
1104 936 1166 1008 est,
1192 929 1295 994 habeo

217 1050 303 1113 quae
322 1032 424 1097 uelim.
469 1033 519 1096 An
542 1049 600 1108 me,
616 1032 758 1111 iuquam,
783 1030 841 1095 nisi
864 1040 895 1096 te
916 1032 1025 1096 audire
1047 1032 1165 1110 vellem,
1187 1031 1334 1097 censesti

292 1240 301 1282 l
336 1202 406 1284 Time
424 1235 484 1294 tl'rC
521 1240 543 1285 2.
568 1233 706 1297 Torquatus
724 1234 799 1299 inquit
813 1235 953 1298 prorsusG
990 1241 1012 1282 tr.
1031 1244 1058 1284 ot
1076 1250 1161 1285 omnes

218 1443 306 1494 nere;
335 1435 438 1482 contra
465 1423 617 1500 aptissime
639 1424 756 1498 utrique
778 1425 964 1482 substantivo
992 1444 1075 1485 suum
1104 1425 1222 1482 additur
1244 1425 1294 1481 ad·

218 1510 369 1566 iectivum.
414 1508 534 1587 [ltaque
556 1528 633 1566 nunc
655 1511 698 1567 sic
720 1510 840 1585 scripsi.
870 1529 936 1567 cum
960 1511 1132 1586 praesertim
1156 1521 1297 1583 sequatur

218 1595 323 1651 eadem
347 1595 514 1652 distributio
538 1596 690 1670 bipertita:
720 1615 778 1651 cara
806 1597 948 1653 iracundia
977 1597 1045 1668 (hoc
1068 1606 1126 1653 est.
1156 1596 1296 1651 iracunda

218 1680 422 1754 contentione)
443 1684 659 1755 autpertiaociu
678 1681 813 1748 (bouem,
837 1681 1055 1738 concertatione
1077 1681 1107 1738 in
1131 1681 1206 1755 disp.
1230 1699 1296 1755 per-

217 1765 332 1822 tinaci.

306 1763 533 1927 iideprando)
556 1849 702 1908 Omittunt
726 1851 794 1908 Par.
810 1851 837 1907 2.
862 1848 941 1925 Spir.
964 1847 1035 1930 [non
1059 1846 1099 1929 B]
1122 1861 1152 1907 et-
1175 1849 1253 1908 Gud.
1268 1851 1296 1909 2.

217 1953 345 2008 quorum
384 1936 414 1992 in
447 1935 503 1991 hoc
535 1931 644 2011 genere
676 1935 772 1991 mendi
806 1935 985 2009 conspiratio
1025 1935 1082 1992 iam
1118 1940 1132 2006 §
1162 1937 1180 1992 4
1214 1945 1242 1992 et
1278 1937 1295 1991 6
1346 1964 1356 1977 ·

216 2020 366 2095 apparuit
1233 2086 1236 2091 ¹

308 2106 357 2162 28.
402 2105 469 2161 Tam
501 2102 669 2183 Torquatus)
697 2104 747 2163 Sic
774 2104 867 2163 Gaius
890 2124 926 2160 ex
951 2103 1029 2162 Oxx.
1054 2115 1207 2178 quattuor,
1236 2104 1297 2161 suis

217 2189 368 2248 omnibus.
412 2191 447 2246 ln
477 2190 601 2246 transitu
632 2200 661 2246 et
683 2208 839 2265 progressu
863 2190 1040 2246 narrationis
1064 2208 1221 2263 numquam
1245 2208 1296 2264 po·

218 2274 302 2331 nitur
328 2285 402 2337 tuac,
436 2294 512 2348 quae
542 2275 687 2350 particula
714 2294 776 2331 rem
805 2293 863 2331 uno
891 2275 991 2349 aliquo
1019 2274 1159 2351 temporis
1187 2285 1296 2350 puncto

218 2360 331 2416 definit.
376 2358 438 2418 cfr.
465 2361 514 2428 29,
538 2361 578 2427 ΙΙ,
604 2362 631 2416 6.

306 2456 376 2502 recte
397 2445 545 2521 disputari)
569 2444 718 2503 Omittunt
739 2445 860 2500 verbum
885 2444 963 2501 Oxx.
976 2440 1027 2513 Εξ,
1051 2443 1294 2519 erianisSpir.

219 2539 249 2585 et
274 2529 354 2590 Gud.
382 2534 412 2597 l.
436 2530 603 2604 delevitque
626 2528 734 2598 Gaius,
758 2548 817 2603 quo
840 2528 936 2598 facto,
959 2539 1062 2586 contra
1084 2541 1173 2603 atque
1195 2530 1221 2586 is
1244 2548 1296 2605 pu-

219 2615 311 2677 tavit.
339 2626 408 2672 recte
430 2625 519 2691 potest
541 2615 708 2671 necessario
730 2615 918 2689 coniungitur
940 2633 1005 2670 cum
1029 2615 1179 2689 superiore
1202 2616 1296 2689 dispu-

214 2695 290 2757 tari.
321 2720 413 2776 pravo
446 2701 558 2776 positu,
592 2701 727 2775 peritque
754 2700 914 2761 sententia,
950 2718 1025 2773 quae
1058 2700 1155 2775 posita
1189 2708 1233 2756 est
1266 2699 1296 2756 in

220 2784 430 2861 disputatione,
453 2785 710 2861 reprehensionem
733 2784 909 2859 requirenti,
933 2792 962 2840 st
983 2794 1065 2863 recta
1087 2785 1297 2860 disputatione.

218 2869 403 2927 iracundiam
426 2871 585 2945 respuenti.
608 2871 686 2927 inter
709 2889 739 2926 se
763 2869 909 2927 contrarie
932 2862 1047 2925 relatia

308 2958 347 3012 od
374 2957 438 3012 hoec
461 2990 500 2998 -
524 2957 606 3012 dobeo
634 2975 704 3029 quoe
732 2954 822 3034 velim)
846 2953 972 3012 Brevius
995 2955 1083 3011 Tusc.
1106 2955 1136 3011 Ι.
1161 2956 1216 3010 55:
1247 2938 1300 3010 aial

219 3041 293 3113 quid
320 3041 401 3097 habea
427 3043 467 3096 orl
494 3042 572 3109 iruec3
603 3041 650 3096 hie
679 3042 732 3109 IV,
760 3045 790 3097 1:
820 3051 867 3097 out
895 3043 1046 3095 omittamus
1075 3050 1168 3096 contro
1196 3043 1299 3095 ommno

219 3126 288 3180 velis
310 3127 428 3199 aliqui&
456 3126 537 3182 Lael.
562 3127 616 3182 32:
645 3129 700 3181 ar'si
721 3128 789 3199 quid
809 3129 848 3182 od
870 3127 917 3182 doc
940 3127 1029 3181 ocultis.
1075 3124 1299 3199 Comparandns

220 3217 270 3265 est
292 3211 318 3266 is
340 3211 421 3267 verbi
445 3229 523 3271 usus.
547 3229 606 3284 quo
629 3211 750 3268 dicitur:
768 3215 866 3286 paucis
889 3221 913 3266 te
935 3212 993 3267 uolo
1016 3220 1045 3265 et
1067 3210 1184 3265 similia.

310 3297 354 3351 Aa
381 3316 434 3366 mo,
468 3296 592 3373 iuquam)
626 3298 670 3352 Aa
699 3298 767 3353 Par.
792 3297 809 3351 2
839 3306 868 3351 et
890 3295 937 3353 El.
970 3304 1083 3361 „unus“
1116 3294 1194 3369 apud
1223 3295 1300 3351 Dav.

219 3377 383 3457 [Glagus]
421 3379 542 3454 (Gziusz
565 3382 725 3439 Vacillant.
748 3380 852 3454 inquit,
876 3380 958 3436 codd.
982 3381 1012 3436 in
1031 3381 1081 3446 Aa
1104 3391 1194 3453 atquc,
1217 3399 1250 3436 ac
1273 3390 1301 3435 et

218 3484 259 3520 aa
283 3466 478 3539 exhibentes.)
522 3467 571 3535 td,
601 3467 655 3523 etsi
679 3466 786 3541 exigua
809 3466 984 3522 auctoritate
1009 3465 1151 3531 munitur,
1181 3473 1301 3540 propter

220 3551 368 3607 sermonis
391 3552 484 3626 legem
508 3569 573 3607 curn
598 3553 677 3609 Man.
701 3560 729 3607 et
754 3552 828 3607 Dav.
852 3559 880 3606 et
904 3550 1018 3607 Orellio
1041 3550 1198 3606 tenendum
1223 3559 1301 3616 erate

219 3634 298 3690 nihil
321 3636 396 3691 enim
421 3655 457 3692 ex
480 3635 605 3693 adverso
628 3637 762 3692 obicitur.
795 3637 900 3709 Itaque
913 3636 1146 3692 HandiusTurs.
1163 3635 1178 3691 I
1197 3654 1224 3709 p.
1239 3634 1300 3690 438

221 3738 262 3775 ex
287 3720 342 3776 hoc
365 3740 422 3777 uno
446 3721 582 3795 exemplo
605 3721 753 3796 singulare
776 3721 928 3777 constituit
951 3740 1044 3796 genus
1061 3719 1302 3794 interrogationis

222 3805 263 3859 ab
286 3816 316 3859 ot
337 3805 513 3879 incipientis,
536 3806 565 3861 in
590 3824 647 3879 qua
670 3806 782 3880 aliquid
805 3806 952 3862 reiciatur.
987 3808 1030 3862 At
1047 3805 1152 3863 Cicero
1175 3803 1251 3859 idem
1271 3822 1302 3860 se

223 3889 302 3945 velle
325 3890 479 3965 significat,
503 3891 581 3963 quod
604 3892 782 3965 Torquatus,
807 3901 838 3947 ut
862 3891 909 3947 hie
931 3891 1078 3964 loquatur.
1123 3888 1303 3946 Annectitur

221 3973 415 4049 interrogatio
438 3975 560 4032 alterius
582 3977 695 4045 verbis,
725 3995 740 4033 o
763 3976 869 4050 quibus
892 3987 962 4032 nata
984 3985 1014 4032 et
1036 3986 1106 4050 apta
1127 3985 1173 4030 est
1196 3975 1303 4048 (riam):

222 4060 266 4116 II.
291 4061 345 4115 74:
368 4062 412 4116 Aa
434 4081 488 4123 me,
512 4064 614 4135 inquio.
640 4072 693 4117 tour
715 4072 842 4117 amariora
862 4071 947 4135 protos
970 4068 1030 4116 -l
1074 4062 1163 4118 Tusc.
1186 4060 1223 4125 V,
1248 4060 1303 4115 73:

224 4146 272 4200 Au
295 4155 323 4201 tu
344 4165 384 4201 me
407 4154 434 4201 ia
456 4149 526 4203 viola
544 4148 663 4221 putabas
691 4157 739 4202 out
760 4150 786 4202 ia
808 4166 872 4202 roso
895 4148 1001 4203 diceret
1030 4145 1089 4201 ibd.
1112 4147 1150 4214 V,
1176 4144 1230 4200 35:
1259 4146 1304 4200 Aa

225 4248 275 4303 ayo
292 4234 403 4305 possim,
426 4251 486 4287 cum
508 4235 634 4305 iquorem,
658 4252 740 4306 quom
761 4235 797 4288 cit
818 4233 920 4300 doctus,
944 4251 1026 4305 qttom
1048 4233 1090 4286 τήν
1112 4232 1215 4286 botrus?
1257 4230 1304 4286 De

225 4315 253 4372 F
254 4324 294 4374 at.
320 4319 353 4372 l:
381 4318 425 4372 Aa
447 4319 525 4376 milri.
554 4321 677 4392 inquam.
696 4327 785 4392 potest
807 4318 957 4390 quidquam
980 4336 1037 4373 esse
1057 4319 1207 4385 molestum,
1231 4315 1306 4388 quod

227 4402 277 4458 tili
295 4412 403 4475 pratum
419 4405 547 4477 saturum
569 4407 624 4460 citt
644 4402 711 4463 ubi.
734 4410 767 4458 ut
789 4402 851 4471 hic,
879 4402 994 4475 aliquot
1015 4401 1099 4459 codd.
1124 4411 1166 4461 at,
1189 4399 1304 4475 vulgari
