3030 5086
250 464 314 527 616
645 482 689 526 oa
712 480 844 527 rrmaus
866 481 938 526 nou.

252 647 399 714 Staseam
421 649 662 729 Neapolitanum
689 649 804 714 multos
831 668 931 714 annos
959 649 1103 714 habueris
1129 651 1215 731 apud
1243 658 1275 714 te
1302 656 1338 714 et

253 751 431 832 complures
458 750 520 814 iam
548 769 671 816 meuses
699 750 830 816 Athenis
859 751 936 816 haec
962 751 1033 832 ipsa
1062 758 1092 815 te
1119 770 1157 816 ex
1179 750 1336 815 Antiocho

255 854 418 918 videamus
441 853 612 933 exquirere.
658 853 698 917 Et
719 853 769 918 ille
792 853 911 918 ridens:
934 856 1010 935 Age,
1033 872 1099 933 age,
1122 853 1223 933 iuquit
1240 854 1336 934 (eatis

254 955 336 1020 enim
359 955 437 1020 scite
457 972 508 1018 me
531 955 630 1019 nostri
652 955 804 1020 sermonis
821 956 1006 1037 principium
1024 975 1093 1020 esse
1110 954 1257 1035 voluisti),
1279 973 1336 1019 ex·

212 1064 234 1127 o
256 1075 409 1139 ponamus
425 1056 625 1134 adulescenti,
648 1058 675 1121 si
697 1075 778 1137 quac
795 1055 876 1121 forte
892 1075 1067 1138 possumus.
1112 1057 1176 1121 Dat
1197 1056 1280 1121 enim
1301 1055 1336 1119 id

254 1159 345 1223 nohis
362 1158 506 1238 sohtudo,
531 1160 615 1239 quod
633 1159 659 1222 si
676 1159 729 1238 qui
746 1159 824 1223 deus
841 1158 966 1238 diceret,
989 1177 1156 1239 numquam
1179 1165 1337 1239 putarem,

253 1277 304 1324 me
324 1261 357 1324 iu
380 1260 547 1325 Academia
569 1269 727 1340 tamquam
751 1259 970 1341 philosophum
994 1260 1233 1340 disputaturum.
1271 1259 1336 1324 Sed

253 1380 303 1441 ne,
327 1363 402 1426 dum
425 1361 498 1426 huic
520 1362 684 1442 obsequor,
707 1363 795 1427 vohis
816 1362 966 1426 molestus
988 1362 1056 1426 sim.
1090 1361 1175 1442 Mihi,
1197 1362 1338 1443 inquam,

326 1520 347 1565 l.
371 1523 439 1564 otone
462 1532 514 1564 eum
536 1513 725 1579 Neapolitanum
743 1515 787 1563 ΕΡ
841 1521 862 1564 2,
888 1532 958 1578 qnam
977 1514 1099 1580 plnresE
1123 1532 1192 1579 quum
1211 1515 1293 1579 plures
1313 1515 1336 1566 C

222 1629 226 1640 ,
253 1588 277 1632 8.
297 1582 402 1632 videmur
419 1583 486 1633 PCR
531 1590 553 1635 4.
570 1584 739 1648 principumss
784 1589 806 1634 5.
825 1584 910 1646 siqua
928 1584 1017 1634 LPCR
1062 1589 1084 1635 6.
1103 1585 1126 1633 ai
1143 1584 1201 1647 qnid
1217 1583 1294 1632 eccli
1313 1583 1341 1632 η’

255 1652 308 1716 quei
328 1651 385 1701 deur
404 1652 539 1702 LPCROr.
577 1658 599 1703 8.
619 1651 728 1701 nroleatua
745 1651 788 1700 er'rrr
807 1667 856 1701 om.
876 1652 896 1700 L

253 1791 453 1849 Romanorum
478 1792 614 1848 domibus
631 1790 792 1848 viventium
811 1791 893 1848 otiis
911 1780 1216 1866 oopquoloyorioccm,
1239 1809 1335 1867 equo

253 1876 401 1933 Diodotus
419 1875 546 1946 Stoicus,
570 1876 621 1950 qui
643 1877 720 1951 apud
739 1874 911 1934 Ciceronem
929 1875 1092 1942 consenuit,
1117 1876 1259 1952 multique
1281 1876 1337 1934 alii

253 1961 309 2021 hac
337 1972 367 2017 et
395 1962 531 2036 proxima
561 1971 666 2018 aetate.
711 1961 806 2018 Paulo
834 1970 901 2037 post
929 1965 954 2018 si
980 1980 1050 2034 qaue
1077 1960 1171 2020 Gaius
1199 1962 1288 2019 etiam
1318 1982 1336 2019 a

252 2046 331 2122 Spir.
417 2092 422 2105 .

340 2044 484 2189 liat]enr·m
501 2133 531 2189 id
546 2133 621 2188 nobis
638 2133 761 2196 solitudo,
780 2131 914 2205 qnod)1n
932 2129 1110 2187 editionibus
1128 2134 1257 2209 (praeter
1269 2133 1336 2190 Ma·

254 2216 392 2274 nntianas
414 2226 444 2274 ct
461 2216 532 2290 Ox.)
549 2218 622 2273 haec
645 2216 861 2273 distrahuntur:
884 2217 944 2273 Dat
961 2219 1029 2272 ern'm
1042 2249 1079 2260 -
1093 2219 1216 2279 colitudo.
1255 2216 1338 2285 Quod

253 2311 310 2360 cet.
346 2301 404 2361 Sed
423 2321 461 2358 ex
478 2302 524 2371 iis,
542 2320 617 2376 quae
635 2319 724 2376 supra
741 2301 867 2367 dixerat,
885 2319 943 2358 non
956 2311 1089 2376 apparet,
1107 2320 1160 2359 cur
1175 2302 1335 2360 solitudine

253 2405 328 2462 opus
356 2387 403 2444 sit.
450 2388 516 2444 Hoc
544 2387 629 2456 dicit,
658 2387 845 2443 solitudinem
875 2385 1007 2456 efficere,
1042 2396 1074 2443 ut
1102 2406 1138 2444 na
1167 2388 1276 2462 pudeat
1304 2387 1336 2444 id

253 2471 366 2541 facere,
396 2473 475 2546 quod
502 2491 662 2546 numquam
690 2471 819 2529 futurum
850 2471 967 2546 putarit.
1015 2470 1073 2530 Sed
1101 2473 1139 2529 ad
1167 2475 1240 2546 qnod
1266 2490 1333 2529 cum

254 2557 349 2614 subici
372 2557 492 2613 deberet
508 2560 645 2631 sutorum,
669 2575 722 2631 pro
746 2557 801 2613 hoc
820 2556 924 2615 Cicero
947 2557 1042 2632 ipsam
1066 2558 1241 2632 epexegesim
1265 2559 1335 2614 suh·

254 2642 359 2700 stituit.
405 2642 489 2699 Illius
511 2641 749 2718 imperfectorum
774 2642 803 2697 in
827 2642 998 2699 condicione
1021 2642 1173 2716 praeteriti
1192 2644 1335 2718 temporis

253 2727 418 2802 positorum
436 2727 561 2804 generis,
585 2747 601 2783 a
620 2747 678 2801 quo
695 2729 793 2784 diceret
812 2737 978 2802 etpotamo
997 2738 1078 2793 sunt,
1103 2746 1181 2785 nunc
1197 2728 1335 2802 exempla

254 2812 343 2869 etiarn
373 2813 404 2869 in
433 2809 604 2888 vulgaribus
634 2812 717 2869 libris
747 2813 870 2870 collecta
898 2822 975 2869 sunt.
1019 2811 1094 2885 (cfr.
1119 2813 1228 2869 Etzleri
1254 2830 1335 2869 com·

254 2897 396 2955 mentatio
418 2898 448 2955 in
471 2897 570 2954 Iahnii
594 2898 702 2955 Annal.
721 2898 830 2954 Philol.
848 2898 906 2956 vol.
920 2898 968 2955 XI
980 2899 1018 2969 (e.
1035 2899 1128 2971 1829)
1140 2917 1167 2973 p.
1181 2899 1241 2955 212
1254 2903 1336 2972 sqq.)

254 2982 409 3040 Ernestius
431 2983 581 3039 haerebat.
626 2981 738 3060 [Etiam
763 2984 788 3039 B
811 2989 836 3040 oi
856 2985 924 3057 quid
947 3002 1004 3052 eoa,
1028 2984 1056 3039 h.
1080 3003 1119 3050 e..
1143 2987 1168 3039 ei
1189 2987 1237 3057 qul
1257 2985 1335 3053 deno,

253 3068 332 3143 quod
355 3086 433 3124 nunc
456 3086 520 3124 cum
545 3068 665 3125 Baitero
687 3066 797 3145 posui]

340 3153 397 3210 Sed
418 3173 450 3210 oe
469 3185 506 3195 -
526 3154 599 3210 vobio
616 3156 741 3210 molestae
757 3153 821 3226 mor)
839 3153 907 3210 Non
930 3153 1060 3228 optantis
1082 3153 1138 3209 hoc
1160 3163 1205 3209 est
1221 3164 1251 3210 et
1267 3172 1337 3229 pre-

253 3239 357 3308 cantia
381 3238 432 3295 sed
456 3238 594 3308 verentis,
617 3238 694 3312 quod
718 3237 814 3295 minus
837 3238 975 3295 usitatum
1000 3256 1064 3295 esse
1081 3237 1111 3293 in
1129 3239 1336 3296 nermoneLa·

254 3322 334 3392 tino,
363 3334 486 3380 utente
509 3343 540 3379 ne
563 3323 683 3379 verendi
706 3323 882 3398 significatio
905 3332 1102 3397 promeretur,
1131 3324 1223 3381 sensit
1244 3324 1334 3381 Lem·

254 3407 356 3478 binus;
379 3408 555 3477 machabeo,
579 3408 657 3482 quod
680 3426 858 3483 comparem,
882 3408 938 3465 nisi
952 3410 1036 3465 Verr.
1049 3409 1104 3479 IV,
1121 3411 1173 3465 15:
1196 3408 1239 3466 Ne
1248 3412 1336 3482 forte,

253 3494 319 3551 dum
337 3494 454 3568 prrbllcr's
475 3495 614 3550 mandatio
632 3497 739 3557 namot,
762 3495 796 3551 cle
813 3497 932 3568 privam
950 3497 1054 3550 iniuriis
1070 3497 1187 3560 reticeat,
1210 3494 1261 3551 ubi
1278 3495 1337 3552 hoc

254 3578 297 3636 sic
321 3578 522 3653 superioribus
544 3578 723 3653 adiungitur,
747 3588 779 3635 ut
802 3579 873 3635 haec
896 3578 1042 3635 sententia
1063 3579 1117 3635 sit:
1141 3590 1169 3635 at
1190 3581 1338 3636 verendum

254 3666 298 3734 sit,
322 3682 362 3733 mr,
386 3663 448 3720 vel:
471 3667 562 3737 itaque
584 3664 727 3720 ewardum
749 3674 796 3732 est,
819 3682 858 3719 ne.
893 3664 971 3720 Huic
994 3664 1090 3720 simile
1112 3674 1157 3721 est
1179 3664 1208 3720 in
1228 3664 1336 3721 iisdem

255 3759 343 3806 oratt.
369 3749 418 3805 lih.
441 3749 535 3819 1,46:
566 3749 677 3807 Verbum
700 3759 786 3805 tomen
802 3751 898 3822 sarcre
919 3769 970 3805 non
992 3750 1135 3817 audebant,
1159 3752 1280 3823 neforto
1301 3769 1336 3806 aa

254 3853 298 3891 rea
324 3836 364 3890 nd
391 3834 562 3890 Dolabellam
589 3836 678 3909 iprum
701 3837 860 3909 pertinerem
894 3834 945 3894 sed
973 3835 1010 3890 ab
1039 3834 1094 3891 hoc
1122 3834 1188 3891 loco
1216 3834 1337 3910 longius

253 3919 373 3976 recedit.
407 3917 550 3996 [Prorsus
572 3918 640 3975 huic
663 3919 728 3977 loco
745 3919 854 3976 similia
873 3919 924 3976 illa
940 3919 1018 3995 apud
1031 3920 1170 3976 Plautum
1189 3919 1218 3976 in
1230 3918 1336 3978 Sticho

253 4004 309 4072 lv,
335 4004 362 4073 2,
384 4005 438 4060 20:
461 4004 617 4060 Atellano
639 4015 799 4069 eneconem,
823 4014 852 4060 et
874 4004 903 4060 in
927 4005 1057 4063 Mostell.
1082 4005 1140 4074 ΙΙΙ,
1165 4004 1193 4074 3,
1220 4005 1272 4061 19:
1295 4007 1337 4062 Aa

253 4091 321 4145 enim
343 4091 460 4163 nequid
476 4092 595 4164 captioni
609 4090 675 4145 rnilr'
690 4093 733 4157 cll,
757 4099 786 4145 et
803 4090 879 4165 apud
898 4090 1069 4146 Terentium
1089 4090 1164 4148 Eun.
1179 4090 1204 4160 1,
1217 4090 1246 4159 2,
1263 4089 1335 4161 103,

253 4191 308 4231 nec
329 4175 450 4231 multum
470 4174 561 4231 dietat
579 4174 638 4232 Ad.
661 4176 696 4239 V,
716 4175 743 4241 3,
757 4176 811 4231 49:
835 4174 878 4230 Ne
900 4179 1008 4230 nimium
1030 4176 1108 4231 modo
1130 4186 1185 4231 cet.
1220 4174 1335 4232 Eodem

254 4259 341 4316 modo
364 4270 393 4315 nl
415 4259 535 4334 ponitur
556 4260 717 4318 Heautont.
741 4260 796 4328 IV,
817 4263 844 4326 1,
863 4261 890 4314 4.
936 4259 1128 4317 Verrinarum
1151 4259 1217 4318 loco
1233 4268 1334 4336 posta·

254 4343 325 4400 riori
348 4344 442 4400 simila
465 4354 510 4401 cst
529 4345 607 4419 apud
625 4345 795 4401 Iuvenalem
815 4345 869 4401 hoc
886 4355 941 4402 sat.
962 4345 1120 4413 vl11‚77:
1143 4346 1335 4407 Miserumeot

252 4430 368 4485 altorum
390 4429 539 4486 incumbere
553 4432 651 4503 J'rrmnc
673 4432 750 4502 (cunr
774 4429 906 4504 periculo
929 4439 959 4487 et
975 4431 1076 4503 meto),
1099 4449 1131 4487 ne
1146 4442 1202 4487 cet.
1235 4430 1283 4489 Ne
1302 4429 1334 4487 in
