3030 5086
246 452 310 521 860
521 472 626 518 muna
648 471 765 519 annun
787 471 830 517 nr
853 469 1042 518 vnnaoauu.

288 662 346 718 sq.;
367 662 425 701 non
443 641 582 700 ferendus
599 642 678 719 apud
695 640 756 703 cic.
851 662 911 699 sum
923 643 1009 716 (aee.)
1023 642 1093 711 675,
1116 643 1244 718 ι’ρειείὸί,
1263 660 1324 700 non

287 727 317 787 in
352 727 583 804 interrogatione
618 727 758 804 pendenti
851 730 906 803 ipsi
933 726 1020 802 (dat.)
1046 728 1112 799 eibi,
1143 728 1220 797 654,
1253 745 1326 784 nuno

289 814 360 872 582.
397 811 457 873 cfr.
482 812 706 873 Coniunctivus.
852 816 948 888 ipsum,
975 823 1030 869 tum
1052 816 1141 888 ipsum
1164 813 1235 870 254.

245 899 397 957 [adolentia
423 898 491 956 154.
810 899 841 956 Ir
865 899 934 956 182.

246 983 431 1041 Inealauetas
455 983 525 1040 349.
809 984 840 1041 Ie
857 1000 911 1058 pro
928 981 1070 1040 reflexivo
1084 983 1161 1053 508,
1178 982 1326 1040 redundat

245 1068 415 1126 Infinitivus
437 1068 552 1125 activus
575 1078 604 1125 et
622 1068 758 1142 passivus
853 1076 921 1141 post
953 1067 1128 1125 sententiam
1168 1066 1324 1125 relativam

288 1153 381 1211 innoti
404 1153 483 1228 apud
506 1152 649 1228 quaedam
667 1154 758 1211 verba
853 1152 941 1209 etiam
966 1160 1034 1227 post
1055 1151 1136 1210 aliud
1159 1171 1322 1228 pronomen

290 1240 367 1308 176,
396 1238 558 1296 infinitivus
586 1248 653 1313 post
674 1256 758 1315 prae·
854 1241 931 1308 641,
954 1245 984 1294 at
1006 1246 1073 1313 post
1095 1256 1217 1309 nomen,
1240 1237 1325 1295 nullo

289 1323 452 1400 positiones
481 1325 557 1393 217,
595 1323 626 1381 in
659 1323 758 1381 exala-
852 1322 1037 1398 interposito,
1063 1324 1138 1393 642,
1169 1326 1193 1380 ie
1213 1325 1240 1379 ei
1261 1327 1326 1397 quie

289 1409 397 1466 mando
430 1408 493 1466 sine
523 1409 655 1466 subiecto
689 1410 757 1480 196,
854 1408 931 1477 396,
954 1408 984 1464 id
1004 1410 1111 1483 appello
1128 1427 1182 1483 pro
1199 1411 1239 1465 ita
1258 1427 1324 1483 app.

290 1494 367 1563 595;
390 1493 505 1551 infinita
521 1503 551 1551 et
567 1503 647 1551 recta
663 1492 760 1551 forma
855 1493 931 1562 371,
950 1494 980 1550 ici
996 1493 1185 1568 praenuntiet
1198 1511 1325 1568 sequen·

289 1578 453 1636 sententias
485 1579 627 1636 relativae
666 1578 759 1637 conti·
854 1587 912 1634 tem
931 1577 1108 1635 infinitivum
1124 1578 1193 1636 635.
1228 1579 1265 1635 Id
1285 1589 1325 1635 est

289 1663 429 1720 nuativae
459 1666 513 1733 65,
548 1683 584 1721 ex
613 1664 759 1722 infinitivo
854 1662 913 1720 vid.
937 1681 991 1720 suo
1013 1663 1089 1722 loco.

289 1748 409 1806 auditur
420 1749 583 1807 subiectum
596 1749 759 1807 sententiae
812 1748 880 1817 Iete3
904 1751 954 1805 isto
972 1749 1050 1806 modo
1068 1748 1097 1805 in
1117 1747 1325 1824 respondendo

289 1833 445 1891 adiunctae
473 1837 542 1892 124.
856 1833 927 1890 315.

247 1918 385 1993 Inpositas
409 1921 481 1977 722.
812 1919 857 1976 Ita
873 1916 1095 1993 superadditum
1110 1917 1324 1975 exabundanti

247 2003 364 2080 Inquam
382 2004 427 2060 bis
439 2004 566 2080 positum
582 2004 653 2076 752,
672 2004 760 2062 omis·
855 2002 1078 2079 pronominibus
1114 2006 1190 2072 168,
1230 2003 1324 2059 abun·

290 2106 353 2146 sum
379 2089 428 2159 23,
449 2090 587 2160 62,150,
611 2089 640 2146 in
659 2096 760 2165 poeta·
854 2088 927 2145 dans
946 2096 1015 2144 ante
1032 2087 1230 2145 definitionem
1253 2089 1324 2158 158,

289 2192 354 2231 rum
391 2174 489 2232 verbis
523 2174 648 2232 citandis
683 2176 760 2244 661,
854 2174 931 2241 436,
960 2172 989 2229 in
1017 2172 1222 2248 respondendo
1247 2173 1325 2242 354,

289 2258 372 2316 loeus
385 2260 461 2328 758,
479 2259 618 2316 reiectum
638 2259 667 2317 in
686 2258 759 2317 alte·
853 2277 903 2316 aar
924 2262 973 2327 ita,
996 2260 1064 2333 qaid
1080 2261 1118 2315 ita
1131 2259 1209 2328 292,
1232 2262 1271 2315 ita
1282 2289 1324 2301 -

289 2362 352 2400 ram
377 2344 552 2402 sententiam
573 2346 650 2415 370,
672 2348 760 2420 inquit
853 2346 944 2418 itaque
967 2344 1016 2400 76.

291 2430 343 2498 illa,
367 2430 417 2485 vix
441 2432 485 2487 ille
506 2433 601 2505 inquit,
627 2430 697 2489 153.
811 2429 922 2503 Itaqua;
944 2427 1033 2486 huius
1053 2428 1216 2504 particulae
1234 2427 1325 2504 signi-

247 2514 361 2572 [moitis
386 2515 434 2570 94.
853 2513 951 2571 ficatio
981 2532 1038 2571 non
1062 2523 1186 2590 apparet
1208 2531 1326 2588 semper

246 2599 353 2657 Inscius
370 2609 399 2656 et
416 2603 520 2656 neeriae
537 2600 615 2675 apud
628 2598 689 2659 Cic.
704 2617 759 2657 usn
854 2599 883 2656 in
907 2598 1003 2674 prima
1022 2599 1169 2656 sententia
1188 2601 1243 2669 41,
1266 2616 1324 2656 non

289 2682 429 2741 differunt
454 2685 524 2743 697.
854 2685 974 2759 ponitur
1021 2683 1050 2740 in
1095 2684 1326 2760 redintegrando

245 2768 374 2827 Instituta
397 2769 639 2846 philosophorum
664 2770 735 2829 614.
854 2769 997 2826 orationis
1020 2787 1107 2827 cursu
1132 2770 1183 2829 43.

247 2854 383 2913 Institutio
416 2856 528 2912 lanatae
568 2857 645 2924 540,
681 2855 759 2924 645,
812 2853 977 2926 Item(milri,
995 2855 1075 2912 oredo
1091 2855 1248 2926 itemaolris)
1263 2856 1324 2912 165

289 2939 531 3016 philosophorum
556 2941 627 2999 483.
854 2937 920 3011 (cfr.
944 2939 1033 3010 739),
1056 2948 1124 3016 post
1147 2950 1175 2996 ut
1198 2942 1269 2997 424.

246 3025 401 3099 Intaliaqera
425 3028 495 3083 664.
811 3024 932 3082 Iucunde
954 3035 984 3082 et
1005 3029 1121 3083 suaviter
1145 3028 1215 3084 108.

246 3110 392 3177 lateranam
426 3113 535 3167 itrterast
569 3113 617 3168 loo
649 3110 684 3167 ab
714 3111 759 3167 illo
811 3109 943 3167 Iudicium
967 3113 1030 3180 veri,
1053 3097 1202 3186 κριτήριον
1225 3111 1275 3167 49.

291 3195 361 3253 386.
810 3193 914 3252 Iurare
938 3195 966 3251 in
992 3195 1086 3272 legem
1111 3195 1181 3254 236.

245 3279 451 3356 Interpunctio
474 3279 602 3337 difficilis
627 3283 697 3339 628.
810 3279 929 3337 Iustitia
967 3299 1020 3356 per
1058 3299 1159 3338 omnes
1198 3281 1324 3340 virtutes

246 3365 418 3438 Interrogare
441 3366 490 3421 82.
853 3363 920 3422 fusa
945 3366 1016 3423 720.

246 3450 444 3526 iuterrogatio
462 3469 552 3526 prave
569 3449 758 3508 coniunctivo

288 3535 368 3593 elata
382 3536 453 3604 245,
474 3537 544 3605 270,
564 3535 641 3605 589,
663 3535 757 3612 indig·
811 3534 844 3596 C.
868 3534 963 3592 Laelii
986 3543 1067 3593 aetas
1092 3537 1162 3595 184.

288 3620 386 3677 nantis
404 3639 490 3695 quem
509 3621 627 3678 modum
640 3621 757 3691 habeat,
810 3621 944 3690 Latinus;
967 3621 1071 3678 Latim
1090 3623 1192 3696 scripta
1215 3629 1245 3677 et
1263 3622 1323 3678 La·

290 3706 366 3774 270,
401 3705 579 3763 affirmativa
607 3706 636 3762 in
665 3705 757 3763 admi·
853 3709 905 3764 tine
930 3709 983 3775 11,
1012 3708 1095 3775 male,
1119 3707 1181 3762 bene
1204 3706 1323 3765 Latinus

287 3791 381 3848 rando
410 3792 486 3859 711,
520 3791 651 3866 pendens
679 3791 757 3867 apud
852 3809 910 3848 non
930 3790 1046 3862 dicitnr,
1070 3790 1121 3849 sed
1144 3793 1324 3850 araleLatr'ne

288 3875 351 3935 cie.
372 3886 401 3933 et
415 3877 553 3950 aequales
565 3876 757 3933 indicativum
854 3879 908 3946 22,
948 3878 1048 3934 Latine
1081 3879 1175 3935 docere
1207 3880 1323 3951 aliquem

287 3962 401 4037 respuit
420 3963 495 4029 582,
519 3960 758 4038 interrogationis
852 3972 882 4018 et
904 3961 1013 4019 similia
1036 3963 1107 4020 409.

288 4044 384 4103 forma
411 4047 440 4102 in
475 4046 607 4104 oratione
637 4046 758 4122 obliqua
809 4047 911 4105 Lectus
934 4049 1082 4105 etelectus
1107 4047 1178 4106 387.

290 4132 360 4189 570.
810 4131 873 4189 Lex
887 4133 1021 4190 Voconia
1040 4133 1111 4204 236,
1131 4132 1207 4204 237,
1231 4133 1321 4190 Pom·

245 4216 310 4293 Ipse
331 4217 415 4290 (einer
437 4217 529 4289 selbot)
551 4218 625 4284 124,
649 4219 706 4292 ipse
728 4225 758 4273 at
852 4217 920 4293 peia
943 4218 1098 4275 iudiciaria
1121 4220 1192 4276 480.

288 4307 312 4358 le
339 4303 396 4376 ipse
419 4302 495 4371 297,
530 4311 675 4376 quatenns
704 4319 757 4378 pro
809 4301 942 4360 Licinius
964 4311 1051 4379 poeta
1076 4306 1124 4361 15.

287 4404 325 4457 se,
344 4388 421 4455 411,
445 4390 502 4462 ipse
514 4388 649 4461 (nomin.)
668 4396 698 4445 et
716 4392 756 4464 ip·
809 4387 931 4446 Litterae
953 4408 1007 4464 pro
1030 4389 1106 4446 libris
1130 4389 1180 4447 31.
