<?xml version="1.0" encoding="UTF-8"?>
<!DOCTYPE html PUBLIC "-//W3C//DTD XHTML 1.0 Transitional//EN"
    "http://www.w3.org/TR/xhtml1/DTD/xhtml1-transitional.dtd">
<html xmlns="http://www.w3.org/1999/xhtml" xml:lang="en" lang="en">
 <head>
  <title>
</title>
<meta http-equiv="Content-Type" content="text/html;charset=utf-8" />
  <meta name='ocr-system' content='tesseract 3.04.00' />
  <meta name='ocr-capabilities' content='ocr_page ocr_carea ocr_par ocr_line ocrx_word'/>
</head>
<body>
  <div class='ocr_page' id='page_1' title='image "./mtulliiciceroni35cicegoog_0392.png"; bbox 0 0 3030 5086; ppageno 0'>
   <div class='ocr_carea' id='block_1_1' title="bbox 452 493 1281 572">
    <p class='ocr_par' dir='ltr' id='par_1_1' title="bbox 452 493 1281 572">
     <span class='ocr_line' id='line_1_1' title="bbox 452 493 1281 572; baseline 0.007 -20"><span class='ocrx_word' id='word_1_1' title='bbox 452 507 495 552; x_wconf 85' lang='lat' dir='ltr'>an</span> <span class='ocrx_word' id='word_1_2' title='bbox 519 507 598 552; x_wconf 80' lang='lat' dir='ltr'>mna.</span> <span class='ocrx_word' id='word_1_3' title='bbox 621 506 684 551; x_wconf 86' lang='lat' dir='ltr'>ma.</span> <span class='ocrx_word' id='word_1_4' title='bbox 706 507 731 552; x_wconf 90' lang='lat'>11</span> <span class='ocrx_word' id='word_1_5' title='bbox 753 506 825 553; x_wconf 79' lang='lat' dir='ltr'>cnr.</span> <span class='ocrx_word' id='word_1_6' title='bbox 844 508 883 556; x_wconf 78' lang='lat' dir='ltr'>ar.</span> <span class='ocrx_word' id='word_1_7' title='bbox 904 507 1037 572; x_wconf 80' lang='lat' dir='ltr'>(ar-aa.)</span> <span class='ocrx_word' id='word_1_8' title='bbox 1221 493 1281 558; x_wconf 82' lang='grc'>291</span> 
     </span>
    </p>
   </div>
   <div class='ocr_carea' id='block_1_2' title="bbox 206 672 1285 1062">
    <p class='ocr_par' dir='ltr' id='par_1_2' title="bbox 206 672 1285 1062">
     <span class='ocr_line' id='line_1_2' title="bbox 208 672 1285 757; baseline 0.006 -20"><span class='ocrx_word' id='word_1_9' title='bbox 208 672 322 738; x_wconf 87' lang='lat' dir='ltr'>afferre</span> <span class='ocrx_word' id='word_1_10' title='bbox 344 673 566 737; x_wconf 90' lang='lat' dir='ltr'>incrementum</span> <span class='ocrx_word' id='word_1_11' title='bbox 585 675 680 752; x_wconf 74' lang='lat' dir='ltr'>diem:</span> <span class='ocrx_word' id='word_1_12' title='bbox 703 675 757 755; x_wconf 90' lang='lat' dir='ltr'>qui</span> <span class='ocrx_word' id='word_1_13' title='bbox 779 681 882 739; x_wconf 84' lang='lat' dir='ltr'>autem</span> <span class='ocrx_word' id='word_1_14' title='bbox 905 675 1064 757; x_wconf 88' lang='lat' dir='ltr'>voluptate</span> <span class='ocrx_word' id='word_1_15' title='bbox 1086 676 1181 740; x_wconf 86' lang='lat' dir='ltr'>vitam</span> <span class='ocrx_word' id='word_1_16' title='bbox 1203 675 1285 743; x_wconf 88' lang='lat' dir='ltr'>effici</span> 
     </span>
     <span class='ocr_line' id='line_1_3' title="bbox 208 774 1282 860; baseline 0.004 -21"><span class='ocrx_word' id='word_1_17' title='bbox 208 774 332 839; x_wconf 82' lang='lat' dir='ltr'>beatam</span> <span class='ocrx_word' id='word_1_18' title='bbox 350 774 482 855; x_wconf 78' lang='lat' dir='ltr'>putabit,</span> <span class='ocrx_word' id='word_1_19' title='bbox 505 775 558 856; x_wconf 91' lang='lat' dir='ltr'>qui</span> <span class='ocrx_word' id='word_1_20' title='bbox 581 776 640 839; x_wconf 90' lang='lat' dir='ltr'>sibi</span> <span class='ocrx_word' id='word_1_21' title='bbox 661 776 688 840; x_wconf 89' lang='lat' dir='ltr'>is</span> <span class='ocrx_word' id='word_1_22' title='bbox 711 777 882 854; x_wconf 84' lang='lat' dir='ltr'>conveniet,</span> <span class='ocrx_word' id='word_1_23' title='bbox 905 777 930 841; x_wconf 91' lang='lat' dir='ltr'>si</span> <span class='ocrx_word' id='word_1_24' title='bbox 948 778 1075 859; x_wconf 82' lang='lat' dir='ltr'><strong>negabit</strong></span> <span class='ocrx_word' id='word_1_25' title='bbox 1090 778 1282 860; x_wconf 86' lang='lat' dir='ltr'>voluptatem</span> 
     </span>
     <span class='ocr_line' id='line_1_4' title="bbox 208 876 1284 959; baseline 0.004 -19"><span class='ocrx_word' id='word_1_26' title='bbox 208 894 348 941; x_wconf 87' lang='lat' dir='ltr'>crescere</span> <span class='ocrx_word' id='word_1_27' title='bbox 362 876 609 956; x_wconf 82' lang='lat' dir='ltr'>longinquitate?</span> <span class='ocrx_word' id='word_1_28' title='bbox 634 877 734 958; x_wconf 83' lang='lat' dir='ltr'>Igitur</span> <span class='ocrx_word' id='word_1_29' title='bbox 751 897 791 943; x_wconf 92' lang='lat' dir='ltr'>ne</span> <span class='ocrx_word' id='word_1_30' title='bbox 807 879 947 943; x_wconf 89' lang='lat' dir='ltr'>dolorem</span> <span class='ocrx_word' id='word_1_31' title='bbox 965 880 1098 959; x_wconf 91' lang='lat' dir='ltr'>quidem.</span> <span class='ocrx_word' id='word_1_32' title='bbox 1125 882 1176 944; x_wconf 74' lang='lat' dir='ltr'>rin</span> <span class='ocrx_word' id='word_1_33' title='bbox 1193 881 1284 946; x_wconf 90' lang='lat' dir='ltr'>dolor</span> 
     </span>
     <span class='ocr_line' id='line_1_5' title="bbox 206 977 1283 1062; baseline 0.005 -21"><span class='ocrx_word' id='word_1_34' title='bbox 206 977 405 1058; x_wconf 86' lang='lat' dir='ltr'>longissimus</span> <span class='ocrx_word' id='word_1_35' title='bbox 423 977 554 1058; x_wconf 84' lang='lat' dir='ltr'>quiaque</span> <span class='ocrx_word' id='word_1_36' title='bbox 570 979 772 1057; x_wconf 80' lang='lat' dir='ltr'>miserrimus,</span> <span class='ocrx_word' id='word_1_37' title='bbox 786 979 976 1060; x_wconf 83' lang='lat' dir='ltr'>voluptatem</span> <span class='ocrx_word' id='word_1_38' title='bbox 989 999 1052 1044; x_wconf 90' lang='lat' dir='ltr'>uon</span> <span class='ocrx_word' id='word_1_39' title='bbox 1064 982 1283 1062; x_wconf 77' lang='lat' dir='ltr'>optabiliorem</span> 
     </span>
    </p>
   </div>
   <div class='ocr_carea' id='block_1_3' title="bbox 207 1196 1282 1331">
    <p class='ocr_par' dir='ltr' id='par_1_3' title="bbox 207 1196 1282 1331">
     <span class='ocr_line' id='line_1_6' title="bbox 233 1196 1282 1331; baseline 0.007 -87"><span class='ocrx_word' id='word_1_40' title='bbox 233 1203 299 1313; x_wconf 55' lang='lat' dir='ltr'>Ml,</span> <span class='ocrx_word' id='word_1_41' title='bbox 319 1197 396 1331; x_wconf 46' lang='lat' dir='ltr'>Qui</span> <span class='ocrx_word' id='word_1_42' title='bbox 412 1197 497 1262; x_wconf 76' lang='lat' dir='ltr'>volirpt.</span> <span class='ocrx_word' id='word_1_43' title='bbox 516 1200 575 1248; x_wconf 84' lang='lat' dir='ltr'>beat.</span> <span class='ocrx_word' id='word_1_44' title='bbox 595 1198 633 1247; x_wconf 83' lang='lat' dir='ltr'>cir.</span> <span class='ocrx_word' id='word_1_45' title='bbox 645 1196 679 1264; x_wconf 83' lang='lat' dir='ltr'>A]</span> <span class='ocrx_word' id='word_1_46' title='bbox 718 1204 740 1249; x_wconf 78' lang='lat'>2.</span> <span class='ocrx_word' id='word_1_47' title='bbox 759 1199 807 1247; x_wconf 80' lang='lat' dir='ltr'>sibi</span> <span class='ocrx_word' id='word_1_48' title='bbox 821 1199 955 1250; x_wconf 79' lang='lat' dir='ltr'>conveniret</span> <span class='ocrx_word' id='word_1_49' title='bbox 970 1200 995 1248; x_wconf 71' lang='grc' dir='ltr'>εἰ</span> <span class='ocrx_word' id='word_1_50' title='bbox 1009 1202 1151 1265; x_wconf 69' lang='lat' dir='ltr'>negabatE</span> <span class='ocrx_word' id='word_1_51' title='bbox 1187 1209 1211 1252; x_wconf 77' lang='lat'>4.</span> <span class='ocrx_word' id='word_1_52' title='bbox 1231 1201 1282 1268; x_wconf 82' lang='lat' dir='ltr'>[op-</span> 
     </span>
     <span class='ocr_line' id='line_1_7' title="bbox 207 1275 300 1315; baseline 0 -2"><span class='ocrx_word' id='word_1_53' title='bbox 207 1275 232 1314; x_wconf 84' lang='lat' dir='ltr'>ta</span> <span class='ocrx_word' id='word_1_54' title='bbox 248 1282 300 1315; x_wconf 80' lang='lat' dir='ltr'>rem</span> 
     </span>
    </p>
   </div>
   <div class='ocr_carea' id='block_1_4' title="bbox 202 1470 1340 3161">
    <p class='ocr_par' dir='ltr' id='par_1_4' title="bbox 206 1470 1278 1614">
     <span class='ocr_line' id='line_1_8' title="bbox 292 1470 1278 1551; baseline 0.007 -26"><span class='ocrx_word' id='word_1_55' title='bbox 292 1475 340 1545; x_wconf 80' lang='lat' dir='ltr'>qui</span> <span class='ocrx_word' id='word_1_56' title='bbox 360 1473 411 1529; x_wconf 78' lang='lat' dir='ltr'>ribi</span> <span class='ocrx_word' id='word_1_57' title='bbox 433 1477 455 1528; x_wconf 83' lang='lat' dir='ltr'>is</span> <span class='ocrx_word' id='word_1_58' title='bbox 477 1470 623 1548; x_wconf 80' lang='lat' dir='ltr'>corrueniet)</span> <span class='ocrx_word' id='word_1_59' title='bbox 640 1473 670 1528; x_wconf 79' lang='lat' dir='ltr'>Ic</span> <span class='ocrx_word' id='word_1_60' title='bbox 687 1472 818 1529; x_wconf 84' lang='lat' dir='ltr'>excludit</span> <span class='ocrx_word' id='word_1_61' title='bbox 835 1473 922 1530; x_wconf 86' lang='lat' dir='ltr'>etiam</span> <span class='ocrx_word' id='word_1_62' title='bbox 939 1474 1017 1549; x_wconf 87' lang='lat' dir='ltr'>Spir.</span> <span class='ocrx_word' id='word_1_63' title='bbox 1031 1472 1096 1551; x_wconf 90' lang='grc' dir='ltr'>[Β.]</span> <span class='ocrx_word' id='word_1_64' title='bbox 1119 1477 1155 1533; x_wconf 92' lang='lat' dir='ltr'>In</span> <span class='ocrx_word' id='word_1_65' title='bbox 1167 1474 1247 1536; x_wconf 86' lang='lat' dir='ltr'>Gud.</span> <span class='ocrx_word' id='word_1_66' title='bbox 1264 1479 1278 1532; x_wconf 94' lang='lat' dir='ltr'>l</span> 
     </span>
     <span class='ocr_line' id='line_1_9' title="bbox 206 1558 395 1614; baseline 0 -1"><span class='ocrx_word' id='word_1_67' title='bbox 206 1567 269 1613; x_wconf 88' lang='lat' dir='ltr'>eret</span> <span class='ocrx_word' id='word_1_68' title='bbox 290 1561 314 1613; x_wconf 80' lang='lat' dir='ltr'>is</span> <span class='ocrx_word' id='word_1_69' title='bbox 336 1558 395 1614; x_wconf 82' lang='lat' dir='ltr'>sibi.</span> 
     </span>
    </p>

    <p class='ocr_par' dir='ltr' id='par_1_5' title="bbox 202 1641 1340 3161">
     <span class='ocr_line' id='line_1_10' title="bbox 292 1641 1281 1717; baseline 0.005 -20"><span class='ocrx_word' id='word_1_70' title='bbox 292 1643 379 1714; x_wconf 68' lang='lat' dir='ltr'>Igitur</span> <span class='ocrx_word' id='word_1_71' title='bbox 407 1661 438 1697; x_wconf 84' lang='lat' dir='ltr'>ne</span> <span class='ocrx_word' id='word_1_72' title='bbox 466 1643 583 1698; x_wconf 80' lang='lat' dir='ltr'>dolorem</span> <span class='ocrx_word' id='word_1_73' title='bbox 610 1641 731 1715; x_wconf 76' lang='lat' dir='ltr'>quidem)</span> <span class='ocrx_word' id='word_1_74' title='bbox 754 1642 952 1699; x_wconf 84' lang='lat' dir='ltr'>Accusativus</span> <span class='ocrx_word' id='word_1_75' title='bbox 981 1643 1131 1717; x_wconf 87' lang='lat' dir='ltr'>postulare</span> <span class='ocrx_word' id='word_1_76' title='bbox 1154 1644 1281 1715; x_wconf 85' lang='lat' dir='ltr'>videtur,</span> 
     </span>
     <span class='ocr_line' id='line_1_11' title="bbox 206 1727 1280 1801; baseline 0.003 -18"><span class='ocrx_word' id='word_1_77' title='bbox 206 1736 239 1784; x_wconf 90' lang='lat' dir='ltr'>ut</span> <span class='ocrx_word' id='word_1_78' title='bbox 260 1727 397 1783; x_wconf 88' lang='lat' dir='ltr'>audiatur</span> <span class='ocrx_word' id='word_1_79' title='bbox 419 1745 536 1783; x_wconf 80' lang='lat' dir='ltr'>crescere</span> <span class='ocrx_word' id='word_1_80' title='bbox 557 1729 634 1794; x_wconf 72' lang='lat' dir='ltr'>ditet,</span> <span class='ocrx_word' id='word_1_81' title='bbox 659 1727 759 1784; x_wconf 88' lang='lat' dir='ltr'>durius</span> <span class='ocrx_word' id='word_1_82' title='bbox 782 1746 820 1783; x_wconf 84' lang='lat' dir='ltr'>ex</span> <span class='ocrx_word' id='word_1_83' title='bbox 843 1727 993 1801; x_wconf 83' lang='lat' dir='ltr'>superiore</span> <span class='ocrx_word' id='word_1_84' title='bbox 1015 1729 1134 1801; x_wconf 71' lang='lat' dir='ltr'>negabit:</span> <span class='ocrx_word' id='word_1_85' title='bbox 1157 1730 1194 1785; x_wconf 89' lang='lat' dir='ltr'>ad</span> <span class='ocrx_word' id='word_1_86' title='bbox 1211 1748 1280 1786; x_wconf 85' lang='lat' dir='ltr'>sen-</span> 
     </span>
     <span class='ocr_line' id='line_1_12' title="bbox 205 1811 1282 1888; baseline 0.003 -20"><span class='ocrx_word' id='word_1_87' title='bbox 205 1812 326 1868; x_wconf 88' lang='lat' dir='ltr'>tentiam</span> <span class='ocrx_word' id='word_1_88' title='bbox 350 1812 448 1886; x_wconf 91' lang='lat' dir='ltr'>aptius</span> <span class='ocrx_word' id='word_1_89' title='bbox 471 1812 540 1880; x_wconf 75' lang='lat' dir='ltr'>erit‚</span> <span class='ocrx_word' id='word_1_90' title='bbox 569 1812 594 1868; x_wconf 89' lang='lat' dir='ltr'>si</span> <span class='ocrx_word' id='word_1_91' title='bbox 616 1813 680 1887; x_wconf 90' lang='lat' dir='ltr'>ipse</span> <span class='ocrx_word' id='word_1_92' title='bbox 703 1811 808 1871; x_wconf 88' lang='lat' dir='ltr'>Cicero</span> <span class='ocrx_word' id='word_1_93' title='bbox 830 1812 887 1869; x_wconf 90' lang='lat' dir='ltr'>hoc</span> <span class='ocrx_word' id='word_1_94' title='bbox 909 1812 992 1885; x_wconf 86' lang='lat' dir='ltr'>sequi</span> <span class='ocrx_word' id='word_1_95' title='bbox 1015 1813 1164 1870; x_wconf 88' lang='lat' dir='ltr'>ostendet:</span> <span class='ocrx_word' id='word_1_96' title='bbox 1193 1814 1282 1888; x_wconf 71' lang='lat' dir='ltr'>Igitur</span> 
     </span>
     <span class='ocr_line' id='line_1_13' title="bbox 205 1895 1280 1973; baseline 0.005 -22"><span class='ocrx_word' id='word_1_97' title='bbox 205 1916 236 1953; x_wconf 82' lang='lat' dir='ltr'>ne</span> <span class='ocrx_word' id='word_1_98' title='bbox 258 1899 334 1953; x_wconf 82' lang='lat' dir='ltr'>dolor</span> <span class='ocrx_word' id='word_1_99' title='bbox 356 1899 462 1970; x_wconf 81' lang='lat' dir='ltr'>quidem</span> <span class='ocrx_word' id='word_1_100' title='bbox 485 1898 630 1970; x_wconf 84' lang='lat' dir='ltr'>(crescet).</span> <span class='ocrx_word' id='word_1_101' title='bbox 675 1897 714 1954; x_wconf 86' lang='lat' dir='ltr'>Et</span> <span class='ocrx_word' id='word_1_102' title='bbox 734 1897 777 1953; x_wconf 89' lang='lat' dir='ltr'>ita</span> <span class='ocrx_word' id='word_1_103' title='bbox 799 1895 904 1955; x_wconf 87' lang='lat' dir='ltr'>Cicero</span> <span class='ocrx_word' id='word_1_104' title='bbox 925 1897 1058 1973; x_wconf 84' lang='lat' dir='ltr'>intellegi</span> <span class='ocrx_word' id='word_1_105' title='bbox 1081 1899 1153 1954; x_wconf 87' lang='lat' dir='ltr'>haec</span> <span class='ocrx_word' id='word_1_106' title='bbox 1176 1898 1280 1965; x_wconf 77' lang='lat' dir='ltr'>voluit,</span> 
     </span>
     <span class='ocr_line' id='line_1_14' title="bbox 205 1981 1279 2054; baseline 0.004 -17"><span class='ocrx_word' id='word_1_107' title='bbox 205 1981 256 2038; x_wconf 87' lang='lat' dir='ltr'>sed</span> <span class='ocrx_word' id='word_1_108' title='bbox 274 1982 473 2038; x_wconf 81' lang='lat' dir='ltr'>accusativum</span> <span class='ocrx_word' id='word_1_109' title='bbox 497 1983 731 2038; x_wconf 86' lang='lat' dir='ltr'>accommodavit</span> <span class='ocrx_word' id='word_1_110' title='bbox 752 1981 789 2038; x_wconf 86' lang='lat' dir='ltr'>ed</span> <span class='ocrx_word' id='word_1_111' title='bbox 813 1982 1039 2054; x_wconf 78' lang='lat' dir='ltr'>substantivum,</span> <span class='ocrx_word' id='word_1_112' title='bbox 1062 1983 1111 2040; x_wconf 90' lang='lat' dir='ltr'>cui</span> <span class='ocrx_word' id='word_1_113' title='bbox 1132 1983 1188 2040; x_wconf 88' lang='lat' dir='ltr'>hoc</span> <span class='ocrx_word' id='word_1_114' title='bbox 1210 2001 1279 2041; x_wconf 88' lang='lat' dir='ltr'>con·</span> 
     </span>
     <span class='ocr_line' id='line_1_15' title="bbox 205 2067 1281 2143; baseline 0.002 -20"><span class='ocrx_word' id='word_1_115' title='bbox 205 2067 326 2124; x_wconf 88' lang='lat' dir='ltr'>trarium</span> <span class='ocrx_word' id='word_1_116' title='bbox 350 2077 403 2127; x_wconf 83' lang='lat' dir='ltr'>est.</span> <span class='ocrx_word' id='word_1_117' title='bbox 448 2067 497 2123; x_wconf 89' lang='lat' dir='ltr'>Fit</span> <span class='ocrx_word' id='word_1_118' title='bbox 520 2067 549 2122; x_wconf 93' lang='lat' dir='ltr'>id</span> <span class='ocrx_word' id='word_1_119' title='bbox 572 2068 689 2141; x_wconf 89' lang='lat' dir='ltr'>saepius</span> <span class='ocrx_word' id='word_1_120' title='bbox 712 2068 790 2142; x_wconf 89' lang='lat' dir='ltr'>apud</span> <span class='ocrx_word' id='word_1_121' title='bbox 814 2067 945 2137; x_wconf 67' lang='lat' dir='ltr'>Latinos,</span> <span class='ocrx_word' id='word_1_122' title='bbox 967 2076 1001 2124; x_wconf 91' lang='lat' dir='ltr'>ut</span> <span class='ocrx_word' id='word_1_123' title='bbox 1022 2067 1052 2123; x_wconf 91' lang='lat' dir='ltr'>in</span> <span class='ocrx_word' id='word_1_124' title='bbox 1075 2068 1281 2143; x_wconf 84' lang='lat' dir='ltr'>respondendo</span> 
     </span>
     <span class='ocr_line' id='line_1_16' title="bbox 205 2152 1279 2227; baseline 0.002 -19"><span class='ocrx_word' id='word_1_125' title='bbox 205 2162 234 2208; x_wconf 93' lang='lat' dir='ltr'>et</span> <span class='ocrx_word' id='word_1_126' title='bbox 256 2152 441 2227; x_wconf 89' lang='lat' dir='ltr'>adiungendo</span> <span class='ocrx_word' id='word_1_127' title='bbox 464 2152 639 2208; x_wconf 83' lang='lat' dir='ltr'>attractione</span> <span class='ocrx_word' id='word_1_128' title='bbox 663 2153 788 2226; x_wconf 88' lang='lat' dir='ltr'>quadem</span> <span class='ocrx_word' id='word_1_129' title='bbox 819 2161 922 2209; x_wconf 88' lang='lat' dir='ltr'>contra</span> <span class='ocrx_word' id='word_1_130' title='bbox 950 2153 1113 2210; x_wconf 90' lang='lat' dir='ltr'>sententiae</span> <span class='ocrx_word' id='word_1_131' title='bbox 1135 2153 1279 2211; x_wconf 87' lang='lat' dir='ltr'>rationem</span> 
     </span>
     <span class='ocr_line' id='line_1_17' title="bbox 204 2229 1340 2312; baseline 0.005 -20"><span class='ocrx_word' id='word_1_132' title='bbox 204 2237 363 2311; x_wconf 88' lang='lat' dir='ltr'>superioris</span> <span class='ocrx_word' id='word_1_133' title='bbox 391 2237 533 2293; x_wconf 90' lang='lat' dir='ltr'>orationis</span> <span class='ocrx_word' id='word_1_134' title='bbox 561 2237 698 2311; x_wconf 88' lang='lat' dir='ltr'>obliquae</span> <span class='ocrx_word' id='word_1_135' title='bbox 721 2238 939 2312; x_wconf 85' lang='lat' dir='ltr'>grammaticam</span> <span class='ocrx_word' id='word_1_136' title='bbox 963 2236 1085 2294; x_wconf 84' lang='lat' dir='ltr'>formem</span> <span class='ocrx_word' id='word_1_137' title='bbox 1110 2229 1280 2312; x_wconf 72' lang='lat' dir='ltr'>sequantur,</span> <span class='ocrx_word' id='word_1_138' title='bbox 1335 2287 1340 2298; x_wconf 90' lang='lat'><em>.</em></span> 
     </span>
     <span class='ocr_line' id='line_1_18' title="bbox 204 2321 1281 2398; baseline 0.003 -21"><span class='ocrx_word' id='word_1_139' title='bbox 204 2322 365 2378; x_wconf 87' lang='lat' dir='ltr'>subiectum</span> <span class='ocrx_word' id='word_1_140' title='bbox 388 2322 558 2378; x_wconf 81' lang='lat' dir='ltr'>accusativo</span> <span class='ocrx_word' id='word_1_141' title='bbox 581 2340 650 2379; x_wconf 88' lang='lat' dir='ltr'>casu</span> <span class='ocrx_word' id='word_1_142' title='bbox 670 2332 822 2398; x_wconf 89' lang='lat' dir='ltr'>ponentes,</span> <span class='ocrx_word' id='word_1_143' title='bbox 845 2331 878 2379; x_wconf 91' lang='lat' dir='ltr'>ut</span> <span class='ocrx_word' id='word_1_144' title='bbox 895 2322 959 2379; x_wconf 91' lang='lat' dir='ltr'>IN.</span> <span class='ocrx_word' id='word_1_145' title='bbox 972 2323 1010 2378; x_wconf 91' lang='lat' dir='ltr'>D.</span> <span class='ocrx_word' id='word_1_146' title='bbox 1024 2321 1078 2380; x_wconf 82' lang='lat'>82:</span> <span class='ocrx_word' id='word_1_147' title='bbox 1108 2322 1182 2390; x_wconf 72' lang='lat' dir='ltr'>Quid</span> <span class='ocrx_word' id='word_1_148' title='bbox 1198 2327 1281 2397; x_wconf 72' lang='lat' dir='ltr'>igitur</span> 
     </span>
     <span class='ocr_line' id='line_1_19' title="bbox 203 2408 1278 2482; baseline 0.003 -19"><span class='ocrx_word' id='word_1_149' title='bbox 203 2415 311 2464; x_wconf 76' lang='lat' dir='ltr'>censes?</span> <span class='ocrx_word' id='word_1_150' title='bbox 354 2409 434 2482; x_wconf 78' lang='lat' dir='ltr'>Apin:</span> <span class='ocrx_word' id='word_1_151' title='bbox 458 2410 531 2463; x_wconf 75' lang='lat' dir='ltr'>illuns</span> <span class='ocrx_word' id='word_1_152' title='bbox 560 2427 644 2463; x_wconf 80' lang='lat' dir='ltr'>norun:</span> <span class='ocrx_word' id='word_1_153' title='bbox 670 2409 749 2465; x_wconf 76' lang='lat' dir='ltr'>deum</span> <span class='ocrx_word' id='word_1_154' title='bbox 775 2410 862 2464; x_wconf 69' lang='lat' dir='ltr'>videri</span> <span class='ocrx_word' id='word_1_155' title='bbox 882 2408 1040 2482; x_wconf 70' lang='lat' dir='ltr'>Aegyptiis?</span> <span class='ocrx_word' id='word_1_156' title='bbox 1088 2409 1155 2464; x_wconf 85' lang='lat' dir='ltr'>Tam</span> <span class='ocrx_word' id='word_1_157' title='bbox 1182 2410 1278 2480; x_wconf 76' lang='lat' dir='ltr'>hercle,</span> 
     </span>
     <span class='ocr_line' id='line_1_20' title="bbox 204 2493 1277 2568; baseline 0.005 -22"><span class='ocrx_word' id='word_1_158' title='bbox 204 2512 286 2566; x_wconf 82' lang='lat' dir='ltr'>quun:</span> <span class='ocrx_word' id='word_1_159' title='bbox 313 2493 360 2548; x_wconf 80' lang='lat' dir='ltr'>tibi</span> <span class='ocrx_word' id='word_1_160' title='bbox 381 2495 456 2549; x_wconf 82' lang='lat' dir='ltr'>illum</span> <span class='ocrx_word' id='word_1_161' title='bbox 479 2503 595 2549; x_wconf 79' lang='lat' dir='ltr'>vestran:</span> <span class='ocrx_word' id='word_1_162' title='bbox 617 2493 768 2568; x_wconf 78' lang='lat' dir='ltr'>Sospitam,</span> <span class='ocrx_word' id='word_1_163' title='bbox 802 2493 833 2548; x_wconf 92' lang='lat' dir='ltr'>id</span> <span class='ocrx_word' id='word_1_164' title='bbox 861 2501 920 2549; x_wconf 88' lang='lat' dir='ltr'>est:</span> <span class='ocrx_word' id='word_1_165' title='bbox 958 2493 1026 2548; x_wconf 83' lang='lat' dir='ltr'>Tum</span> <span class='ocrx_word' id='word_1_166' title='bbox 1055 2493 1142 2550; x_wconf 78' lang='lat' dir='ltr'>terete</span> <span class='ocrx_word' id='word_1_167' title='bbox 1163 2495 1277 2556; x_wconf 82' lang='lat' dir='ltr'>videtur.</span> 
     </span>
     <span class='ocr_line' id='line_1_21' title="bbox 204 2576 1279 2654; baseline 0.003 -22"><span class='ocrx_word' id='word_1_168' title='bbox 204 2597 284 2650; x_wconf 83' lang='lat' dir='ltr'>quom</span> <span class='ocrx_word' id='word_1_169' title='bbox 318 2579 365 2633; x_wconf 82' lang='lat' dir='ltr'>tibi</span> <span class='ocrx_word' id='word_1_170' title='bbox 396 2580 442 2633; x_wconf 85' lang='lat' dir='ltr'>illu</span> <span class='ocrx_word' id='word_1_171' title='bbox 472 2588 561 2634; x_wconf 76' lang='lat' dir='ltr'>vestro</span> <span class='ocrx_word' id='word_1_172' title='bbox 589 2578 710 2652; x_wconf 79' lang='lat' dir='ltr'>Sospita.</span> <span class='ocrx_word' id='word_1_173' title='bbox 759 2578 871 2634; x_wconf 86' lang='lat' dir='ltr'>Eodem</span> <span class='ocrx_word' id='word_1_174' title='bbox 900 2576 987 2634; x_wconf 92' lang='lat' dir='ltr'>modo</span> <span class='ocrx_word' id='word_1_175' title='bbox 1015 2577 1170 2635; x_wconf 90' lang='lat' dir='ltr'>durissime</span> <span class='ocrx_word' id='word_1_176' title='bbox 1199 2579 1279 2654; x_wconf 80' lang='lat' dir='ltr'>apud</span> 
     </span>
     <span class='ocr_line' id='line_1_22' title="bbox 203 2661 1279 2738; baseline 0.004 -21"><span class='ocrx_word' id='word_1_177' title='bbox 203 2662 375 2717; x_wconf 80' lang='lat' dir='ltr'>&#39;Ferentium</span> <span class='ocrx_word' id='word_1_178' title='bbox 400 2665 507 2738; x_wconf 86' lang='lat' dir='ltr'>Hecyr.</span> <span class='ocrx_word' id='word_1_179' title='bbox 530 2664 571 2732; x_wconf 83' lang='grc' dir='ltr'>ΙΙ,</span> <span class='ocrx_word' id='word_1_180' title='bbox 591 2663 619 2733; x_wconf 84' lang='grc'>3,</span> <span class='ocrx_word' id='word_1_181' title='bbox 634 2665 662 2733; x_wconf 83' lang='grc'>5,</span> <span class='ocrx_word' id='word_1_182' title='bbox 686 2681 751 2719; x_wconf 87' lang='lat' dir='ltr'>curn</span> <span class='ocrx_word' id='word_1_183' title='bbox 775 2663 910 2721; x_wconf 85' lang='lat' dir='ltr'>Sostrate</span> <span class='ocrx_word' id='word_1_184' title='bbox 932 2661 1070 2719; x_wconf 82' lang='lat' dir='ltr'>dixisset:</span> <span class='ocrx_word' id='word_1_185' title='bbox 1095 2665 1139 2719; x_wconf 84' lang='lat' dir='ltr'>lta</span> <span class='ocrx_word' id='word_1_186' title='bbox 1160 2667 1279 2721; x_wconf 83' lang='lat' dir='ltr'>animum</span> 
     </span>
     <span class='ocr_line' id='line_1_23' title="bbox 203 2747 1278 2822; baseline 0.004 -21"><span class='ocrx_word' id='word_1_187' title='bbox 203 2749 367 2803; x_wconf 74' lang='lat' dir='ltr'>indurarent</span> <span class='ocrx_word' id='word_1_188' title='bbox 383 2768 476 2803; x_wconf 80' lang='lat' dir='ltr'>socrus</span> <span class='ocrx_word' id='word_1_189' title='bbox 494 2768 581 2804; x_wconf 76' lang='lat' dir='ltr'>ornnes</span> <span class='ocrx_word' id='word_1_190' title='bbox 598 2768 655 2804; x_wconf 81' lang='lat' dir='ltr'>esse</span> <span class='ocrx_word' id='word_1_191' title='bbox 671 2751 788 2821; x_wconf 74' lang='lat' dir='ltr'>iniquus,</span> <span class='ocrx_word' id='word_1_192' title='bbox 811 2747 907 2803; x_wconf 87' lang='lat' dir='ltr'>addit:</span> <span class='ocrx_word' id='word_1_193' title='bbox 930 2748 1018 2803; x_wconf 81' lang='lat' dir='ltr'>Haud</span> <span class='ocrx_word' id='word_1_194' title='bbox 1034 2750 1084 2822; x_wconf 79' lang='lat' dir='ltr'>pol</span> <span class='ocrx_word' id='word_1_195' title='bbox 1104 2751 1278 2822; x_wconf 75' lang='lat' dir='ltr'>:nequidem</span> 
     </span>
     <span class='ocr_line' id='line_1_24' title="bbox 203 2830 1278 2907; baseline 0.003 -20"><span class='ocrx_word' id='word_1_196' title='bbox 203 2832 328 2888; x_wconf 87' lang='lat' dir='ltr'>Ilebuit:</span> <span class='ocrx_word' id='word_1_197' title='bbox 356 2833 443 2888; x_wconf 83' lang='lat' dir='ltr'>Haud</span> <span class='ocrx_word' id='word_1_198' title='bbox 461 2835 510 2907; x_wconf 80' lang='lat' dir='ltr'>pol</span> <span class='ocrx_word' id='word_1_199' title='bbox 531 2852 576 2905; x_wconf 73' lang='lat' dir='ltr'>eqo</span> <span class='ocrx_word' id='word_1_200' title='bbox 599 2834 719 2907; x_wconf 80' lang='lat' dir='ltr'>quidem:</span> <span class='ocrx_word' id='word_1_201' title='bbox 750 2851 816 2888; x_wconf 89' lang='lat' dir='ltr'>nam</span> <span class='ocrx_word' id='word_1_202' title='bbox 845 2833 911 2907; x_wconf 87' lang='lat' dir='ltr'>ipsa</span> <span class='ocrx_word' id='word_1_203' title='bbox 933 2830 1075 2902; x_wconf 81' lang='lat' dir='ltr'>affirmat,</span> <span class='ocrx_word' id='word_1_204' title='bbox 1104 2851 1177 2901; x_wconf 80' lang='lat' dir='ltr'>non,</span> <span class='ocrx_word' id='word_1_205' title='bbox 1207 2834 1278 2907; x_wconf 91' lang='lat' dir='ltr'>quid</span> 
     </span>
     <span class='ocr_line' id='line_1_25' title="bbox 202 2916 1278 2990; baseline 0.004 -19"><span class='ocrx_word' id='word_1_206' title='bbox 202 2917 252 2972; x_wconf 87' lang='lat' dir='ltr'>ulii</span> <span class='ocrx_word' id='word_1_207' title='bbox 276 2917 311 2972; x_wconf 91' lang='lat' dir='ltr'>de</span> <span class='ocrx_word' id='word_1_208' title='bbox 334 2936 365 2972; x_wconf 93' lang='lat' dir='ltr'>sc</span> <span class='ocrx_word' id='word_1_209' title='bbox 388 2918 524 2974; x_wconf 85' lang='lat' dir='ltr'>sentiant.</span> <span class='ocrx_word' id='word_1_210' title='bbox 548 2917 626 2974; x_wconf 84' lang='lat' dir='ltr'>dicit.</span> <span class='ocrx_word' id='word_1_211' title='bbox 674 2917 831 2987; x_wconf 75' lang='lat' dir='ltr'>Similiter,</span> <span class='ocrx_word' id='word_1_212' title='bbox 855 2916 907 2974; x_wconf 85' lang='lat' dir='ltr'>sed</span> <span class='ocrx_word' id='word_1_213' title='bbox 929 2917 1017 2990; x_wconf 87' lang='lat' dir='ltr'>paulo</span> <span class='ocrx_word' id='word_1_214' title='bbox 1040 2916 1148 2986; x_wconf 77' lang='lat' dir='ltr'>lenius,</span> <span class='ocrx_word' id='word_1_215' title='bbox 1172 2917 1278 2976; x_wconf 88' lang='lat' dir='ltr'>Cicero</span> 
     </span>
     <span class='ocr_line' id='line_1_26' title="bbox 204 3002 1278 3077; baseline 0.003 -21"><span class='ocrx_word' id='word_1_216' title='bbox 204 3002 400 3076; x_wconf 76' lang='lat' dir='ltr'>legg.1,5t:</span> <span class='ocrx_word' id='word_1_217' title='bbox 424 3004 571 3059; x_wconf 81' lang='lat' dir='ltr'>Postremo.</span> <span class='ocrx_word' id='word_1_218' title='bbox 594 3006 619 3057; x_wconf 78' lang='lat' dir='ltr'>si</span> <span class='ocrx_word' id='word_1_219' title='bbox 630 3013 743 3077; x_wconf 79' lang='lat' dir='ltr'>propter</span> <span class='ocrx_word' id='word_1_220' title='bbox 764 3005 835 3058; x_wconf 81' lang='lat' dir='ltr'>aiios</span> <span class='ocrx_word' id='word_1_221' title='bbox 858 3021 900 3057; x_wconf 84' lang='lat' dir='ltr'>ree</span> <span class='ocrx_word' id='word_1_222' title='bbox 916 3004 1002 3057; x_wconf 71' lang='lat' dir='ltr'>cartura</span> <span class='ocrx_word' id='word_1_223' title='bbox 1019 3005 1160 3075; x_wconf 65' lang='lat' dir='ltr'>expetitur,</span> <span class='ocrx_word' id='word_1_224' title='bbox 1184 3005 1278 3059; x_wconf 82' lang='lat' dir='ltr'>melius</span> 
     </span>
     <span class='ocr_line' id='line_1_27' title="bbox 202 3086 1278 3161; baseline 0.003 -20"><span class='ocrx_word' id='word_1_225' title='bbox 202 3105 258 3141; x_wconf 72' lang='lat' dir='ltr'>esse</span> <span class='ocrx_word' id='word_1_226' title='bbox 285 3089 391 3160; x_wconf 79' lang='lat' dir='ltr'>aliquid</span> <span class='ocrx_word' id='word_1_227' title='bbox 421 3107 502 3160; x_wconf 83' lang='lat' dir='ltr'>qruun</span> <span class='ocrx_word' id='word_1_228' title='bbox 525 3091 646 3143; x_wconf 71' lang='lat' dir='ltr'>virtutem</span> <span class='ocrx_word' id='word_1_229' title='bbox 669 3106 772 3143; x_wconf 78' lang='lat' dir='ltr'>neceas:</span> <span class='ocrx_word' id='word_1_230' title='bbox 794 3097 840 3143; x_wconf 85' lang='lat' dir='ltr'>est.</span> <span class='ocrx_word' id='word_1_231' title='bbox 885 3086 1010 3158; x_wconf 78' lang='lat' dir='ltr'>Quaerit</span> <span class='ocrx_word' id='word_1_232' title='bbox 1037 3086 1111 3156; x_wconf 86' lang='lat' dir='ltr'>iam,</span> <span class='ocrx_word' id='word_1_233' title='bbox 1140 3087 1211 3161; x_wconf 92' lang='lat' dir='ltr'>quid</span> <span class='ocrx_word' id='word_1_234' title='bbox 1238 3088 1278 3144; x_wconf 90' lang='lat' dir='ltr'>sit</span> 
     </span>
    </p>
   </div>
   <div class='ocr_carea' id='block_1_5' title="bbox 202 3170 1379 3245">
    <p class='ocr_par' dir='ltr' id='par_1_6' title="bbox 202 3170 1379 3245">
     <span class='ocr_line' id='line_1_28' title="bbox 202 3170 1379 3245; baseline 0.003 -19"><span class='ocrx_word' id='word_1_235' title='bbox 202 3170 289 3237; x_wconf 75' lang='lat' dir='ltr'>illud:</span> <span class='ocrx_word' id='word_1_236' title='bbox 316 3172 418 3227; x_wconf 85' lang='lat' dir='ltr'>debuit</span> <span class='ocrx_word' id='word_1_237' title='bbox 440 3172 530 3245; x_wconf 87' lang='lat' dir='ltr'>igitur</span> <span class='ocrx_word' id='word_1_238' title='bbox 553 3172 664 3228; x_wconf 83' lang='lat' dir='ltr'>dicore:</span> <span class='ocrx_word' id='word_1_239' title='bbox 694 3174 846 3228; x_wconf 83' lang='lat' dir='ltr'>Pecunione</span> <span class='ocrx_word' id='word_1_240' title='bbox 868 3174 949 3244; x_wconf 68' lang='lat' dir='ltr'>igitur</span> <span class='ocrx_word' id='word_1_241' title='bbox 971 3170 1088 3244; x_wconf 90' lang='lat' dir='ltr'>(melior</span> <span class='ocrx_word' id='word_1_242' title='bbox 1110 3170 1186 3244; x_wconf 88' lang='lat' dir='ltr'>est)?</span> <span class='ocrx_word' id='word_1_243' title='bbox 1216 3173 1276 3241; x_wconf 78' lang='lat' dir='ltr'>sed,</span> <span class='ocrx_word' id='word_1_244' title='bbox 1376 3175 1379 3181; x_wconf 85' lang='lat'>&#39;</span> 
     </span>
    </p>
   </div>
   <div class='ocr_carea' id='block_1_6' title="bbox 199 3256 1277 4350">
    <p class='ocr_par' dir='ltr' id='par_1_7' title="bbox 199 3256 1277 4097">
     <span class='ocr_line' id='line_1_29' title="bbox 202 3256 1277 3330; baseline 0.002 -19"><span class='ocrx_word' id='word_1_245' title='bbox 202 3257 286 3329; x_wconf 84' lang='lat' dir='ltr'>quasi</span> <span class='ocrx_word' id='word_1_246' title='bbox 309 3257 473 3312; x_wconf 90' lang='lat' dir='ltr'>audiretur:</span> <span class='ocrx_word' id='word_1_247' title='bbox 502 3276 605 3312; x_wconf 77' lang='lat' dir='ltr'>:recessa</span> <span class='ocrx_word' id='word_1_248' title='bbox 633 3267 672 3313; x_wconf 81' lang='lat' dir='ltr'>est</span> <span class='ocrx_word' id='word_1_249' title='bbox 699 3276 768 3326; x_wconf 73' lang='lat' dir='ltr'>esse,</span> <span class='ocrx_word' id='word_1_250' title='bbox 798 3256 887 3312; x_wconf 88' lang='lat' dir='ltr'>dixit:</span> <span class='ocrx_word' id='word_1_251' title='bbox 915 3258 1094 3312; x_wconf 81' lang='lat' dir='ltr'>Pecuniamne</span> <span class='ocrx_word' id='word_1_252' title='bbox 1115 3259 1215 3330; x_wconf 68' lang='lat' dir='ltr'>igitur?</span> <span class='ocrx_word' id='word_1_253' title='bbox 1240 3278 1277 3314; x_wconf 84' lang='lat' dir='ltr'>an</span> 
     </span>
     <span class='ocr_line' id='line_1_30' title="bbox 202 3340 1276 3418; baseline 0.003 -22"><span class='ocrx_word' id='word_1_254' title='bbox 202 3342 330 3397; x_wconf 72' lang='lat' dir='ltr'>horrores?</span> <span class='ocrx_word' id='word_1_255' title='bbox 352 3361 386 3396; x_wconf 77' lang='lat' dir='ltr'>ur:</span> <span class='ocrx_word' id='word_1_256' title='bbox 398 3345 603 3414; x_wconf 78' lang='lat' dir='ltr'>J&#39;ormumrcet.</span> <span class='ocrx_word' id='word_1_257' title='bbox 626 3340 703 3418; x_wconf 81' lang='lat' dir='ltr'>[cfr.</span> <span class='ocrx_word' id='word_1_258' title='bbox 715 3341 752 3398; x_wconf 89' lang='lat' dir='ltr'>ad</span> <span class='ocrx_word' id='word_1_259' title='bbox 764 3343 829 3399; x_wconf 74' lang='lat' dir='ltr'>Art.</span> <span class='ocrx_word' id='word_1_260' title='bbox 841 3342 932 3409; x_wconf 84' lang='lat' dir='ltr'>XIII,</span> <span class='ocrx_word' id='word_1_261' title='bbox 946 3342 996 3412; x_wconf 82' lang='lat'>45,</span> <span class='ocrx_word' id='word_1_262' title='bbox 1013 3343 1043 3397; x_wconf 95' lang='lat' dir='ltr'>l:</span> <span class='ocrx_word' id='word_1_263' title='bbox 1066 3361 1149 3415; x_wconf 84' lang='lat' dir='ltr'>quom</span> <span class='ocrx_word' id='word_1_264' title='bbox 1170 3345 1276 3412; x_wconf 81' lang='lat' dir='ltr'>multoe,</span> 
     </span>
     <span class='ocr_line' id='line_1_31' title="bbox 202 3425 1276 3504; baseline 0.001 -21"><span class='ocrx_word' id='word_1_265' title='bbox 202 3425 266 3483; x_wconf 83' lang='lat' dir='ltr'>Cat.</span> <span class='ocrx_word' id='word_1_266' title='bbox 293 3428 347 3482; x_wconf 77' lang='lat'>26:</span> <span class='ocrx_word' id='word_1_267' title='bbox 373 3429 520 3482; x_wconf 74' lang='lat' dir='ltr'>[uerendum</span> <span class='ocrx_word' id='word_1_268' title='bbox 540 3431 631 3501; x_wconf 81' lang='lat' dir='ltr'>potius</span> <span class='ocrx_word' id='word_1_269' title='bbox 654 3448 735 3501; x_wconf 83' lang='lat' dir='ltr'>quum</span> <span class='ocrx_word' id='word_1_270' title='bbox 757 3431 876 3484; x_wconf 83' lang='lat' dir='ltr'>otiosum.</span> <span class='ocrx_word' id='word_1_271' title='bbox 910 3425 972 3485; x_wconf 80' lang='lat' dir='ltr'>cfr.</span> <span class='ocrx_word' id='word_1_272' title='bbox 996 3443 1063 3481; x_wconf 86' lang='lat' dir='ltr'>ann.</span> <span class='ocrx_word' id='word_1_273' title='bbox 1086 3427 1124 3482; x_wconf 88' lang='lat' dir='ltr'>ed</span> <span class='ocrx_word' id='word_1_274' title='bbox 1145 3428 1184 3496; x_wconf 84' lang='lat' dir='ltr'>V,</span> <span class='ocrx_word' id='word_1_275' title='bbox 1209 3426 1276 3504; x_wconf 85' lang='lat'><strong>96.]</strong></span> 
     </span>
     <span class='ocr_line' id='line_1_32' title="bbox 201 3511 1276 3586; baseline 0.003 -20"><span class='ocrx_word' id='word_1_276' title='bbox 201 3511 304 3567; x_wconf 81' lang='lat' dir='ltr'>Livius</span> <span class='ocrx_word' id='word_1_277' title='bbox 327 3530 443 3584; x_wconf 90' lang='lat' dir='ltr'>quoque</span> <span class='ocrx_word' id='word_1_278' title='bbox 467 3531 497 3567; x_wconf 87' lang='lat' dir='ltr'>sc</span> <span class='ocrx_word' id='word_1_279' title='bbox 521 3511 684 3586; x_wconf 86' lang='lat' dir='ltr'>implicavit</span> <span class='ocrx_word' id='word_1_280' title='bbox 706 3513 760 3568; x_wconf 88' lang='lat' dir='ltr'>hac</span> <span class='ocrx_word' id='word_1_281' title='bbox 782 3512 925 3569; x_wconf 87' lang='lat' dir='ltr'>orationis</span> <span class='ocrx_word' id='word_1_282' title='bbox 947 3520 1094 3567; x_wconf 90' lang='lat' dir='ltr'>structura</span> <span class='ocrx_word' id='word_1_283' title='bbox 1117 3514 1153 3582; x_wconf 73' lang='lat' dir='ltr'>V,</span> <span class='ocrx_word' id='word_1_284' title='bbox 1174 3513 1223 3583; x_wconf 83' lang='lat'>35,</span> <span class='ocrx_word' id='word_1_285' title='bbox 1243 3513 1276 3569; x_wconf 84' lang='lat'>3:</span> 
     </span>
     <span class='ocr_line' id='line_1_33' title="bbox 202 3597 1275 3672; baseline 0.004 -22"><span class='ocrx_word' id='word_1_286' title='bbox 202 3597 281 3651; x_wconf 82' lang='lat' dir='ltr'>Hunc</span> <span class='ocrx_word' id='word_1_287' title='bbox 302 3607 402 3668; x_wconf 70' lang='lat' dir='ltr'>gentem</span> <span class='ocrx_word' id='word_1_288' title='bbox 429 3629 466 3638; x_wconf 88' lang='lat'><em>-</em></span> <span class='ocrx_word' id='word_1_289' title='bbox 492 3598 605 3652; x_wconf 80' lang='lat' dir='ltr'>Ilonrmn</span> <span class='ocrx_word' id='word_1_290' title='bbox 628 3601 729 3653; x_wconf 73' lang='lat' dir='ltr'>renisus</span> <span class='ocrx_word' id='word_1_291' title='bbox 751 3600 896 3671; x_wconf 70' lang='lat' dir='ltr'>corripere:</span> <span class='ocrx_word' id='word_1_292' title='bbox 924 3599 954 3654; x_wconf 81' lang='lat' dir='ltr'>iu</span> <span class='ocrx_word' id='word_1_293' title='bbox 977 3616 1078 3672; x_wconf 82' lang='lat' dir='ltr'>purum</span> <span class='ocrx_word' id='word_1_294' title='bbox 1099 3607 1200 3654; x_wconf 75' lang='lat' dir='ltr'>certum</span> <span class='ocrx_word' id='word_1_295' title='bbox 1222 3607 1275 3668; x_wconf 81' lang='lat' dir='ltr'>eat,</span> 
     </span>
     <span class='ocr_line' id='line_1_34' title="bbox 200 3682 1275 3752; baseline 0.002 -15"><span class='ocrx_word' id='word_1_296' title='bbox 200 3684 318 3737; x_wconf 68' lang='lat' dir='ltr'>colunnae</span> <span class='ocrx_word' id='word_1_297' title='bbox 344 3702 380 3736; x_wconf 86' lang='lat' dir='ltr'>un</span> <span class='ocrx_word' id='word_1_298' title='bbox 408 3713 449 3723; x_wconf 89' lang='lat'>—</span> <span class='ocrx_word' id='word_1_299' title='bbox 478 3684 615 3737; x_wconf 79' lang='lat' dir='ltr'>adiutam.</span> <span class='ocrx_word' id='word_1_300' title='bbox 650 3682 679 3737; x_wconf 88' lang='lat' dir='ltr'>id</span> <span class='ocrx_word' id='word_1_301' title='bbox 708 3691 766 3752; x_wconf 87' lang='lat' dir='ltr'>est,</span> <span class='ocrx_word' id='word_1_302' title='bbox 800 3685 890 3738; x_wconf 81' lang='lat' dir='ltr'>solone</span> <span class='ocrx_word' id='word_1_303' title='bbox 916 3700 953 3738; x_wconf 82' lang='lat' dir='ltr'>an</span> <span class='ocrx_word' id='word_1_304' title='bbox 978 3713 1013 3725; x_wconf 94' lang='lat'>-</span> <span class='ocrx_word' id='word_1_305' title='bbox 1045 3683 1140 3738; x_wconf 70' lang='lat' dir='ltr'>adiecta</span> <span class='ocrx_word' id='word_1_306' title='bbox 1167 3686 1275 3739; x_wconf 81' lang='lat' dir='ltr'>uenerit.</span> 
     </span>
     <span class='ocr_line' id='line_1_35' title="bbox 200 3767 1276 3840; baseline 0.002 -18"><span class='ocrx_word' id='word_1_307' title='bbox 200 3767 348 3822; x_wconf 77' lang='lat' dir='ltr'>Volebunt</span> <span class='ocrx_word' id='word_1_308' title='bbox 372 3767 448 3821; x_wconf 89' lang='lat' dir='ltr'>enirn</span> <span class='ocrx_word' id='word_1_309' title='bbox 472 3767 571 3822; x_wconf 88' lang='lat' dir='ltr'>Latini</span> <span class='ocrx_word' id='word_1_310' title='bbox 595 3767 715 3822; x_wconf 89' lang='lat' dir='ltr'>eandem</span> <span class='ocrx_word' id='word_1_311' title='bbox 741 3768 913 3823; x_wconf 86' lang='lat' dir='ltr'>brevitatem</span> <span class='ocrx_word' id='word_1_312' title='bbox 938 3767 1086 3840; x_wconf 78' lang='lat' dir='ltr'>consequi.</span> <span class='ocrx_word' id='word_1_313' title='bbox 1111 3785 1199 3840; x_wconf 86' lang='lat' dir='ltr'>quarn</span> <span class='ocrx_word' id='word_1_314' title='bbox 1222 3785 1276 3824; x_wconf 90' lang='lat' dir='ltr'>nos</span> 
     </span>
     <span class='ocr_line' id='line_1_36' title="bbox 200 3851 1274 3925; baseline 0.001 -19"><span class='ocrx_word' id='word_1_315' title='bbox 200 3852 419 3924; x_wconf 66' lang='lat' dir='ltr'>consequimur,</span> <span class='ocrx_word' id='word_1_316' title='bbox 451 3853 541 3907; x_wconf 86' lang='lat' dir='ltr'>verbo</span> <span class='ocrx_word' id='word_1_317' title='bbox 565 3870 601 3906; x_wconf 89' lang='lat' dir='ltr'>ex</span> <span class='ocrx_word' id='word_1_318' title='bbox 625 3851 825 3925; x_wconf 85' lang='lat' dir='ltr'>superioribus</span> <span class='ocrx_word' id='word_1_319' title='bbox 848 3852 963 3918; x_wconf 75' lang='lat' dir='ltr'>audito:</span> <span class='ocrx_word' id='word_1_320' title='bbox 998 3852 1079 3924; x_wconf 87' lang='lat' dir='ltr'>atqui</span> <span class='ocrx_word' id='word_1_321' title='bbox 1108 3852 1149 3908; x_wconf 88' lang='lat' dir='ltr'>sic</span> <span class='ocrx_word' id='word_1_322' title='bbox 1172 3851 1274 3908; x_wconf 90' lang='lat' dir='ltr'>eodem</span> 
     </span>
     <span class='ocr_line' id='line_1_37' title="bbox 200 3936 1273 4011; baseline 0.001 -20"><span class='ocrx_word' id='word_1_323' title='bbox 200 3937 301 4003; x_wconf 76' lang='lat' dir='ltr'>modo,</span> <span class='ocrx_word' id='word_1_324' title='bbox 332 3937 386 3992; x_wconf 90' lang='lat' dir='ltr'>boc</span> <span class='ocrx_word' id='word_1_325' title='bbox 409 3946 468 4004; x_wconf 75' lang='lat' dir='ltr'>est,</span> <span class='ocrx_word' id='word_1_326' title='bbox 498 3936 611 3991; x_wconf 87' lang='lat' dir='ltr'>infinito</span> <span class='ocrx_word' id='word_1_327' title='bbox 635 3937 807 3992; x_wconf 87' lang='lat' dir='ltr'>occurrebat</span> <span class='ocrx_word' id='word_1_328' title='bbox 835 3936 933 3992; x_wconf 88' lang='lat' dir='ltr'>animo</span> <span class='ocrx_word' id='word_1_329' title='bbox 962 3937 1145 4011; x_wconf 88' lang='lat' dir='ltr'>eundemque</span> <span class='ocrx_word' id='word_1_330' title='bbox 1174 3954 1273 3993; x_wconf 88' lang='lat' dir='ltr'>casum</span> 
     </span>
     <span class='ocr_line' id='line_1_38' title="bbox 199 4019 1057 4097; baseline 0.002 -22"><span class='ocrx_word' id='word_1_331' title='bbox 199 4022 344 4076; x_wconf 87' lang='lat' dir='ltr'>trahebat.</span> <span class='ocrx_word' id='word_1_332' title='bbox 390 4020 548 4097; x_wconf 86' lang='lat' dir='ltr'>[Similiter</span> <span class='ocrx_word' id='word_1_333' title='bbox 572 4023 635 4076; x_wconf 78' lang='lat' dir='ltr'>relic</span> <span class='ocrx_word' id='word_1_334' title='bbox 656 4039 709 4094; x_wconf 87' lang='lat' dir='ltr'>pro</span> <span class='ocrx_word' id='word_1_335' title='bbox 733 4024 789 4077; x_wconf 82' lang='lat' dir='ltr'>volo</span> <span class='ocrx_word' id='word_1_336' title='bbox 813 4021 900 4095; x_wconf 86' lang='lat' dir='ltr'>Legg.</span> <span class='ocrx_word' id='word_1_337' title='bbox 925 4022 966 4089; x_wconf 81' lang='grc' dir='ltr'>ΙΙ,</span> <span class='ocrx_word' id='word_1_338' title='bbox 993 4019 1057 4096; x_wconf 84' lang='grc'><strong>17.]</strong></span> 
     </span>
    </p>

    <p class='ocr_par' dir='ltr' id='par_1_8' title="bbox 199 4104 1275 4350">
     <span class='ocr_line' id='line_1_39' title="bbox 285 4104 1275 4181; baseline 0.002 -21"><span class='ocrx_word' id='word_1_339' title='bbox 285 4108 329 4161; x_wconf 69' lang='lat' dir='ltr'>,tn</span> <span class='ocrx_word' id='word_1_340' title='bbox 358 4109 433 4161; x_wconf 79' lang='lat' dir='ltr'>dolor</span> <span class='ocrx_word' id='word_1_341' title='bbox 463 4109 629 4177; x_wconf 67' lang='lat' dir='ltr'>longissimus</span> <span class='ocrx_word' id='word_1_342' title='bbox 660 4109 773 4179; x_wconf 82' lang='lat' dir='ltr'>quisque</span> <span class='ocrx_word' id='word_1_343' title='bbox 794 4108 958 4162; x_wconf 76' lang='lat' dir='ltr'>nriscrn‘ruus</span> <span class='ocrx_word' id='word_1_344' title='bbox 982 4104 1051 4181; x_wconf 88' lang='lat' dir='ltr'>cet.)</span> <span class='ocrx_word' id='word_1_345' title='bbox 1075 4104 1143 4162; x_wconf 86' lang='lat' dir='ltr'>Gzii</span> <span class='ocrx_word' id='word_1_346' title='bbox 1166 4106 1196 4162; x_wconf 87' lang='lat' dir='ltr'>iu</span> <span class='ocrx_word' id='word_1_347' title='bbox 1219 4105 1275 4162; x_wconf 84' lang='lat' dir='ltr'>hoc</span> 
     </span>
     <span class='ocr_line' id='line_1_40' title="bbox 199 4190 1272 4247; baseline 0.002 -3"><span class='ocrx_word' id='word_1_348' title='bbox 199 4190 264 4246; x_wconf 87' lang='lat' dir='ltr'>loco</span> <span class='ocrx_word' id='word_1_349' title='bbox 293 4209 418 4246; x_wconf 89' lang='lat' dir='ltr'>errorem</span> <span class='ocrx_word' id='word_1_350' title='bbox 451 4204 477 4246; x_wconf 84' lang='lat' dir='ltr'>et</span> <span class='ocrx_word' id='word_1_351' title='bbox 508 4192 719 4246; x_wconf 89' lang='lat' dir='ltr'>dubitationem</span> <span class='ocrx_word' id='word_1_352' title='bbox 748 4191 852 4247; x_wconf 83' lang='lat' dir='ltr'>sustuli</span> <span class='ocrx_word' id='word_1_353' title='bbox 881 4190 1053 4246; x_wconf 86' lang='lat' dir='ltr'>adulescens</span> <span class='ocrx_word' id='word_1_354' title='bbox 1076 4190 1104 4245; x_wconf 94' lang='lat' dir='ltr'>in</span> <span class='ocrx_word' id='word_1_355' title='bbox 1128 4190 1272 4246; x_wconf 85' lang='lat' dir='ltr'>Emendd.</span> 
     </span>
     <span class='ocr_line' id='line_1_41' title="bbox 199 4275 1273 4350; baseline 0.002 -20"><span class='ocrx_word' id='word_1_356' title='bbox 199 4275 276 4331; x_wconf 87' lang='lat' dir='ltr'>Tull.</span> <span class='ocrx_word' id='word_1_357' title='bbox 297 4294 323 4349; x_wconf 89' lang='lat' dir='ltr'>p.</span> <span class='ocrx_word' id='word_1_358' title='bbox 338 4276 393 4337; x_wconf 70' lang='lat'>43:</span> <span class='ocrx_word' id='word_1_359' title='bbox 417 4276 474 4331; x_wconf 82' lang='lat' dir='ltr'>vid.</span> <span class='ocrx_word' id='word_1_360' title='bbox 488 4277 523 4332; x_wconf 86' lang='lat' dir='ltr'>ad</span> <span class='ocrx_word' id='word_1_361' title='bbox 537 4279 560 4333; x_wconf 79' lang='lat' dir='ltr'>l,</span> <span class='ocrx_word' id='word_1_362' title='bbox 575 4279 602 4332; x_wconf 81' lang='grc'>5.</span> <span class='ocrx_word' id='word_1_363' title='bbox 640 4276 741 4331; x_wconf 88' lang='lat' dir='ltr'>Lamb.</span> <span class='ocrx_word' id='word_1_364' title='bbox 766 4286 832 4350; x_wconf 91' lang='lat' dir='ltr'>post</span> <span class='ocrx_word' id='word_1_365' title='bbox 854 4279 968 4350; x_wconf 79' lang='lat' dir='ltr'>quisque</span> <span class='ocrx_word' id='word_1_366' title='bbox 989 4275 1103 4331; x_wconf 89' lang='lat' dir='ltr'>addidit</span> <span class='ocrx_word' id='word_1_367' title='bbox 1124 4285 1172 4346; x_wconf 77' lang='lat' dir='ltr'>est,</span> <span class='ocrx_word' id='word_1_368' title='bbox 1195 4276 1273 4349; x_wconf 89' lang='lat' dir='ltr'>quod</span> 
     </span>
    </p>
   </div>
   <div class='ocr_carea' id='block_1_7' title="bbox 199 4358 1365 4436">
    <p class='ocr_par' dir='ltr' id='par_1_9' title="bbox 199 4358 1365 4436">
     <span class='ocr_line' id='line_1_42' title="bbox 199 4358 1365 4436; baseline 0.002 -23"><span class='ocrx_word' id='word_1_369' title='bbox 199 4372 264 4433; x_wconf 77' lang='lat' dir='ltr'>post</span> <span class='ocrx_word' id='word_1_370' title='bbox 281 4361 458 4417; x_wconf 85' lang='lat' dir='ltr'>adiectirnm</span> <span class='ocrx_word' id='word_1_371' title='bbox 477 4363 546 4436; x_wconf 81' lang='lat' dir='ltr'>poni</span> <span class='ocrx_word' id='word_1_372' title='bbox 564 4362 680 4429; x_wconf 76' lang='lat' dir='ltr'>debuit:</span> <span class='ocrx_word' id='word_1_373' title='bbox 703 4361 753 4416; x_wconf 87' lang='lat' dir='ltr'>sed</span> <span class='ocrx_word' id='word_1_374' title='bbox 771 4361 871 4416; x_wconf 88' lang='lat' dir='ltr'>durius</span> <span class='ocrx_word' id='word_1_375' title='bbox 888 4361 976 4417; x_wconf 89' lang='lat' dir='ltr'>etiam</span> <span class='ocrx_word' id='word_1_376' title='bbox 990 4360 1110 4416; x_wconf 88' lang='lat' dir='ltr'>verbum</span> <span class='ocrx_word' id='word_1_377' title='bbox 1130 4360 1276 4417; x_wconf 88' lang='lat' dir='ltr'>omittitur</span> <span class='ocrx_word' id='word_1_378' title='bbox 1361 4358 1365 4365; x_wconf 84' lang='grc'><strong>’</strong></span> 
     </span>
    </p>
   </div>
   <div class='ocr_carea' id='block_1_8' title="bbox 197 4445 1273 4610">
    <p class='ocr_par' dir='ltr' id='par_1_10' title="bbox 197 4445 1273 4610">
     <span class='ocr_line' id='line_1_43' title="bbox 197 4445 1273 4521; baseline 0.002 -21"><span class='ocrx_word' id='word_1_379' title='bbox 197 4445 227 4500; x_wconf 88' lang='lat' dir='ltr'>in</span> <span class='ocrx_word' id='word_1_380' title='bbox 256 4446 354 4521; x_wconf 86' lang='lat' dir='ltr'>priore</span> <span class='ocrx_word' id='word_1_381' title='bbox 377 4447 508 4503; x_wconf 90' lang='lat' dir='ltr'>membro</span> <span class='ocrx_word' id='word_1_382' title='bbox 532 4446 697 4502; x_wconf 86' lang='lat' dir='ltr'>huiusmodi</span> <span class='ocrx_word' id='word_1_383' title='bbox 725 4445 965 4521; x_wconf 85' lang='lat' dir='ltr'>interrogationis</span> <span class='ocrx_word' id='word_1_384' title='bbox 987 4464 1138 4503; x_wconf 87' lang='lat' dir='ltr'>connexae</span> <span class='ocrx_word' id='word_1_385' title='bbox 1161 4447 1198 4515; x_wconf 80' lang='lat' dir='ltr'>V,</span> <span class='ocrx_word' id='word_1_386' title='bbox 1223 4445 1273 4503; x_wconf 86' lang='lat'>91.</span> 
     </span>
     <span class='ocr_line' id='line_1_44' title="bbox 1022 4561 1069 4610; baseline 0.021 -1"><span class='ocrx_word' id='word_1_387' title='bbox 1022 4561 1069 4610; x_wconf 72' lang='lat'>19⁸</span> 
     </span>
    </p>
   </div>
   <div class='ocr_carea' id='block_1_9' title="bbox 0 0 1520 5086">
    <p class='ocr_par' dir='ltr' id='par_1_11' title="bbox 0 0 1520 5086">
     <span class='ocr_line' id='line_1_45' title="bbox 0 0 1520 5086; baseline 0 3"><span class='ocrx_word' id='word_1_388' title='bbox 0 0 1520 5086; x_wconf 95' lang='lat' dir='ltr'> </span> 
     </span>
    </p>
   </div>
  </div>
 </body>
</html>
