3030 5086
271 457 333 525 196
700 475 874 525 excursus
896 476 917 523 1.

270 648 403 722 melium)
430 668 462 705 ea
484 658 523 706 est
546 649 695 714 humilitas,
724 658 752 705 ut
778 649 863 706 cibum
892 658 1041 706 terrestrem
1064 652 1161 706 roatn's
1178 649 1277 723 facile
1302 664 1371 704 cors·

270 737 389 809 stnqanm
412 753 497 808 quae
518 744 627 791 autem
648 736 746 791 altiora
768 745 837 806 sant,
863 744 890 791 ut
911 752 1028 804 anseres,
1052 744 1080 791 ut
1099 738 1188 810 cyani,
1214 743 1248 791 at
1265 750 1369 807 praes,

270 829 299 877 at
320 821 426 887 cameli,
450 821 616 877 adiuvantur
633 822 794 894 proceritate
815 822 958 886 collorum;
986 839 1082 877 manue
1102 823 1184 877 etiam
1207 821 1287 877 alata
1313 819 1369 874 ele·

266 905 370 980 planto
392 913 447 961 cet.
481 904 558 962 Nam
580 907 694 962 aliarum
717 923 774 962 non
798 905 834 962 ad
858 897 1011 981 superiora
1032 903 1169 976 refertur,
1193 905 1226 962 in
1248 903 1370 979 quibus

270 990 344 1048 nihil
367 999 412 1047 est
434 990 502 1047 huie
525 990 714 1060 contrarium,
737 990 790 1047 sed
812 1009 891 1048 nore
913 990 1032 1066 partitio
1055 990 1085 1048 in
1108 991 1196 1048 modo
1221 989 1291 1047 cibi
1316 1006 1371 1046 ea·

270 1076 371 1152 piendi
396 1076 592 1133 constituitur.

356 1163 479 1220 invoca
501 1163 570 1218 alter
591 1161 740 1237 geminata
756 1178 791 1218 ea
807 1178 896 1236 saepe
912 1160 1020 1218 accidit
1036 1161 1137 1238 figura,
1161 1170 1203 1230 ut,
1233 1178 1308 1217 eum
1333 1159 1367 1216 in

270 1247 428 1322 partitione
451 1246 532 1322 prius
554 1249 624 1304 alter
645 1246 831 1323 appositione
854 1246 1056 1321 superioribus
1072 1265 1224 1304 annexum
1252 1245 1294 1303 eit
1321 1244 1370 1303 vi·

271 1332 433 1406 deaturque
461 1332 567 1389 iterum
596 1332 698 1389 eodem
729 1331 816 1390 moda
845 1332 971 1407 positum
995 1331 1046 1401 iri,
1074 1333 1225 1408 posterius
1259 1330 1368 1388 diiun-

269 1428 357 1494 gatur
379 1426 408 1474 et
431 1436 537 1475 novam
561 1417 734 1475 senteutiam
759 1418 860 1485 ducat,
888 1418 966 1492 quod
994 1417 1027 1473 fit
1049 1417 1136 1474 etiam
1161 1417 1191 1474 in
1217 1436 1294 1474 umus
1321 1448 1364 1460 -·

270 1506 354 1575 alter,
379 1515 410 1560 ut
433 1503 447 1560 I
470 1503 506 1560 de
530 1503 613 1562 Orat.
642 1503 715 1560 123:
745 1522 844 1561 causas
866 1503 1027 1560 inveniebam
1050 1504 1134 1570 duas,
1158 1522 1258 1569 anans,
1283 1502 1369 1578 quad

271 1600 326 1646 cet.
341 1621 378 1632 -
393 1590 488 1646 Altera
511 1599 550 1646 est
572 1590 637 1647 baec
659 1598 714 1646 cet.
761 1585 836 1669 [cfr.
859 1588 896 1645 ad
920 1590 984 1645 Ait.
1007 1588 1064 1658 111,
1089 1588 1138 1656 23,
1165 1589 1218 1645 1·5
1245 1599 1277 1644 et
1303 1588 1366 1659 vl,

272 1675 300 1738 2,
325 1674 388 1744 4·5,
413 1672 470 1733 Off.
493 1675 518 1744 Ι,
533 1669 597 1754 66.]
644 1673 740 1750 Magis
763 1674 872 1731 eminet
894 1673 1049 1731 dissolutio
1072 1673 1108 1731 de
1132 1673 1197 1731 Fin.
1217 1674 1279 1743 111,
1302 1672 1364 1731 72:

272 1761 319 1817 Ad
340 1778 439 1834 easque
462 1762 571 1816 uirtutes
594 1761 761 1817 dialecticam
782 1765 862 1817 etiam
883 1761 1034 1834 adiuuarent
1055 1769 1079 1816 et
1092 1759 1238 1834 physicam
1255 1778 1365 1834 easque

270 1845 365 1902 ambas
378 1848 503 1901 uirtutum
516 1849 617 1902 neurius
628 1847 774 1920 appellant,
787 1848 910 1914 alteram,
927 1846 1001 1919 qaod
1012 1853 1067 1902 cet.
1090 1845 1234 1902 Pluribus
1247 1844 1363 1902 deiude

271 1930 307 1987 de
335 1930 489 1988 dialectica
517 1930 699 2005 interpositis
726 1930 859 2005 sequitur
882 1935 897 2000 ξ
921 1929 975 1988 ta:
1004 1931 1137 2005 Physicae
1164 1949 1277 2005 piraque
1301 1940 1360 1989 eet.

272 2016 325 2073 Est
348 2016 402 2073 hoe
425 2034 478 2090 pro
501 2016 611 2073 altero:
636 2018 758 2086 alteram,
782 2017 864 2089 atroci.
911 2015 1022 2072 Eodem
1046 2016 1131 2073 modo
1156 2017 1193 2086 V,
1221 2017 1262 2073 68
1290 2032 1359 2073 cum

270 2101 374 2162 Cicero
399 2101 557 2176 posuisset:
581 2103 634 2159 eiua
654 2121 754 2174 perrara
766 2133 805 2144 -
822 2121 912 2171 uriam,
935 2102 1009 2175 qaod
1024 2111 1063 2158 est
1079 2104 1105 2158 in
1122 2104 1156 2158 iis
1173 2112 1242 2172 cet,
1267 2101 1358 2177 sequi

271 2187 410 2244 debebat:
438 2189 565 2252 alteram,
594 2188 667 2261 qaod
688 2197 727 2244 eet
749 2190 923 2245 extrinsecus.
969 2185 1027 2246 Sed
1050 2186 1193 2244 dissoluta
1218 2198 1249 2243 et
1272 2204 1358 2244 eom·

272 2281 384 2329 mutata
406 2273 538 2329 oratione
561 2271 603 2330 sic
625 2272 716 2330 dixit:
739 2270 803 2330 baec
819 2283 916 2336 autern,
939 2290 1009 2346 quae
1030 2282 1093 2329 eunt
1113 2275 1285 2330 extrinsecus
1305 2305 1355 2340 -,

271 2360 397 2415 scintilla
414 2360 521 2432 quidem
539 2369 605 2425 cet..
629 2367 661 2415 ut
682 2376 747 2415 curn
765 2357 883 2434 generis
902 2357 1053 2415 notatione
1070 2357 1129 2414 alia
1147 2357 1356 2433 coniungeret.

271 2443 364 2500 Plura
386 2445 536 2519 exempla,
566 2445 622 2501 duo
646 2444 734 2500 etiarn
759 2443 883 2500 Liviana
905 2443 1075 2515 (XXVIII,
1100 2443 1132 2511 6,
1157 2444 1175 2499 2
1200 2453 1232 2499 et
1253 2443 1356 2514 XLV,

272 2529 328 2600 31,
356 2530 393 2587 10
417 2541 445 2586 et
471 2533 536 2603 11),
568 2529 703 2604 ascripsit
727 2528 960 2587 Henrichsenius
990 2528 1026 2585 ad
1050 2528 1081 2585 II
1109 2528 1145 2585 de
1169 2527 1256 2588 Orat.
1286 2529 1356 2586 116.

271 2612 369 2691 [Dure
397 2615 451 2671 hae
479 2613 574 2671 forma
603 2615 696 2672 utitur
723 2615 850 2689 scriptor
872 2613 1002 2688 alioquin
1026 2613 1265 2687 simplicissimae
1290 2632 1356 2672 ora·

270 2701 374 2769 tionis,
406 2700 563 2758 Svetonius
587 2700 653 2757 Tib.
678 2696 743 2778 52]
788 2700 834 2758 Ne
857 2700 930 2758 illud
959 2699 1076 2773 quidem
1105 2699 1142 2756 ab
1171 2699 1229 2757 hac
1258 2698 1356 2757 forma

271 2786 481 2863 seiungendum
505 2795 563 2853 eet,
593 2785 671 2861 quod
700 2786 786 2844 huius
809 2787 907 2862 operis
929 2785 965 2842 de
990 2785 1054 2843 uin.
1079 2784 1155 2843 libro
1178 2786 1233 2851 lv,
1265 2787 1304 2843 14
1327 2794 1357 2843 et

275 2872 311 2927 15
335 2871 457 2947 legitur:
480 2872 533 2928 llis
557 2873 641 2928 uerbis
664 2875 717 2928 tria
739 2874 887 2945 uynficari
907 2874 1013 2936 dicant,
1037 2891 1117 2928 unum
1140 2873 1275 2929 ausmadi
1298 2894 1356 2938 -,·

271 2958 385 3013 alimum
407 2959 555 3030 subsanuari
575 2958 659 3019 idern,
687 2967 716 3014 at
743 2960 770 3014 si
789 2966 844 3014 eet.
888 2956 966 3013 Nam
990 2957 1013 3013 si
1036 2956 1120 3012 finita
1142 2956 1281 3014 oratione
1305 2974 1357 3033 po·
1416 2948 1419 2953 ’

214 3064 219 3084 ¹
271 3041 380 3099 suerie:
404 3047 456 3098 tria
479 3044 680 3117 sepelirentur,
704 3062 784 3099 ursum
808 3074 849 3085 —
871 3044 984 3099 alterum
1007 3043 1187 3115 munificum,
1214 3042 1274 3099 hoc
1298 3042 1357 3101 dis·

272 3128 399 3185 solutum
423 3137 453 3184 et
475 3146 605 3184 seorsum
630 3127 738 3184 dictum
762 3127 881 3186 sentias.

358 3214 427 3271 VII.
453 3213 539 3288 Quod
563 3213 591 3270 in
615 3217 684 3270 atter
706 3223 735 3270 et
757 3233 826 3270 rentes
848 3214 890 3284 fit,
914 3212 990 3269 idem
1014 3213 1043 3269 in
1066 3211 1142 3284 aliis,
1167 3230 1246 3286 quae
1264 3212 1358 3271 simili

273 3298 359 3355 modo
387 3300 550 3373 aequaliter
578 3299 764 3375 appositione
794 3298 996 3374 superioribus
1024 3296 1230 3374 subiungenda
1260 3308 1356 3370 eraut,

272 3383 379 3440 accidit
396 3402 492 3458 saepe,
516 3398 546 3441 ut
570 3404 669 3443 eorum
694 3384 817 3442 alterum
842 3401 973 3442 seorsum
997 3391 1133 3459 ponatur,
1157 3382 1250 3441 velut.
1276 3383 1357 3459 quod

272 3469 546 3545 pervagatissimum
571 3480 629 3528 est.
659 3470 688 3527 in
717 3488 806 3528 causa
828 3469 991 3539 reddenda,
1019 3467 1213 3545 praecedente
1231 3472 1358 3544 primum

271 3557 345 3630 qreia,
368 3555 501 3628 sequitur
522 3574 578 3611 non
597 3557 693 3613 ciclade
709 3559 783 3631 quia,
802 3556 852 3613 sed
870 3556 973 3613 deinde.
1007 3554 1261 3628 (Commemoravi
1280 3554 1358 3613 hane

271 3639 398 3715 speeiem
423 3641 452 3696 in
478 3640 643 3697 Emendatt.
666 3642 745 3699 Tull.
768 3661 796 3718 p.
814 3642 871 3698 149
896 3641 932 3698 ad
955 3641 1050 3698 Acad.
1067 3640 1108 3711 ΙΙ,
1128 3640 1179 3709 36,
1202 3639 1377 3716 citarique.

271 3727 307 3782 de
331 3725 413 3784 Orat.
426 3726 450 3786 Ι,
469 3727 540 3791 186;
564 3727 640 3783 addo
659 3728 743 3785 Verr.
757 3728 811 3797 lv,
829 3729 888 3785 132
912 3736 942 3784 et
964 3727 999 3783 de
1015 3726 1079 3786 Fin.
1094 3726 1149 3794 IV,
1166 3727 1226 3799 ll.)
1265 3726 1358 3802 Apud

272 3811 404 3869 Graecos
428 3811 482 3867 hac
505 3812 618 3868 ratione
641 3813 813 3888 saepissime
840 3830 858 3869 a
887 3812 1042 3888 participio
1071 3820 1100 3868 et
1121 3811 1264 3888 genetivo
1293 3811 1357 3883 illo,

271 3915 356 3971 quem
380 3897 546 3953 absolutum
572 3906 686 3967 vocant,
710 3899 827 3957 transiri
851 3899 887 3955 ad
911 3898 1022 3955 liberae
1044 3897 1208 3955 sententiae
1226 3897 1356 3956 formam

271 3983 358 4039 etiam
383 3983 412 4039 in
431 3982 589 4057 partitione
608 3983 720 4041 voculis
737 3978 790 4057 air
807 3995 836 4041 et
854 3978 889 4042 δι’
903 3993 1013 4051 notata,
1038 3983 1120 4040 multi
1139 3994 1357 4060 exposuerunt.

271 4086 345 4142 quos
366 4068 459 4124 citant
477 4069 656 4126 Matthiaeus
673 4069 702 4126 iu
721 4068 941 4129 Grammaticae
954 4070 1088 4128 Graecae
1105 4069 1176 4130 edit.
1191 4069 1209 4126 3
1222 4088 1253 4145 p.
1265 4069 1358 4140 1528,

271 4158 285 4223 ξ
300 4154 370 4223 682,
385 4157 403 4210 4
422 4164 450 4210 et
464 4153 639 4212 Schaeierus
656 4154 686 4211 in
705 4156 783 4213 notia
799 4157 836 4212 ad
849 4155 1001 4213 Plutarchi
1020 4156 1096 4212 vitas
1110 4154 1167 4212 vol.
1180 4155 1228 4211 IV
1240 4173 1271 4231 p.
1282 4154 1357 4214 323.

271 4236 353 4319 [Vid.
367 4239 450 4315 Syut.
471 4259 534 4296 mea
546 4239 663 4299 Graeea
680 4245 694 4310 ξ
709 4243 768 4298 216
788 4260 816 4299 n.
835 4238 874 4320 l.]
919 4241 1016 4298 Huius
1032 4240 1148 4317 generis
1165 4235 1210 4321 [iu
1230 4258 1293 4316 quo
1310 4250 1359 4299 est

270 4325 357 4381 etiarn
382 4344 416 4381 ea
440 4325 566 4401 species,
595 4344 682 4400 quam
706 4327 790 4403 attigi
819 4327 855 4383 ad
878 4327 925 4396 ΙΙ,
950 4329 1005 4383 54:
1028 4329 1148 4403 primam
1175 4320 1235 4406 cui]
1265 4327 1358 4385 aliaeu

270 4408 395 4466 formam
419 4411 594 4488 longiusque
612 4430 796 4488 progressam
816 4413 913 4482 habet,
937 4411 1013 4486 quod
1033 4410 1062 4469 iu
1080 4412 1311 4471 enumeratione
1330 4422 1362 4472 et
