3030 5086
471 524 514 569 ns
538 524 618 570 unc.
642 524 704 569 nus.
728 524 751 568 n
773 524 846 571 cnr.
867 528 889 572 a.
907 528 1038 587 (is-is.)
1230 511 1288 575 161

217 692 339 756 duobus
372 693 473 756 modis
507 693 574 756 sine
603 692 808 773 reprensione
834 691 882 772 fit,
916 694 944 758 si
977 703 1032 759 aut
1064 695 1103 759 dc
1135 694 1291 760 industria

217 792 328 872 facias,
355 800 391 857 ut
412 793 603 871 Heraclitus
631 802 881 874 cognomento
903 795 967 877 qni
990 789 1181 866 σκοτεινάς
1202 816 1290 879 per-

287 985 310 1032 2.
329 979 371 1043 qui
387 996 428 1030 om
456 980 476 1029 L
511 980 614 1030 recubus
632 982 706 1032 codd.
726 981 856 1040 (scoutiuus
874 981 895 1029 P
912 981 1015 1032 scotiuos
1034 982 1066 1048 C)

217 1153 380 1229 Redarguit
403 1153 602 1210 testimonium
627 1154 688 1213 Erl.
713 1152 757 1232 [et
776 1152 831 1232 B];
854 1155 917 1230 ipse
941 1166 1037 1212 autem
1062 1154 1155 1214 Gaius
1177 1157 1215 1215 ad
1237 1159 1291 1226 IV,

220 1240 258 1296 67
276 1238 305 1294 in
332 1239 445 1307 „tribus
468 1239 606 1314 optimis“
631 1258 689 1295 non
713 1239 769 1304 hic,
793 1239 843 1295 aad
867 1240 956 1315 p'aulo
974 1243 1116 1314 ante(uou
1134 1243 1291 1317 iutelleporu,

218 1325 286 1398 quid
312 1325 453 1398 Epicurus
481 1326 618 1398 loquatur)
647 1327 764 1398 loquitur·
791 1325 849 1400 legi
878 1336 993 1394 narrat3
1022 1325 1066 1403 [et
1094 1327 1123 1383 id
1152 1327 1192 1384 ibi
1222 1348 1237 1384 e
1266 1330 1292 1386 B

217 1407 359 1485 notatur}
394 1411 475 1485 (lpse
497 1408 616 1466 foedum
640 1410 843 1466 soloecismum
863 1411 1022 1485 probabat;
1045 1411 1170 1487 arripuit
1186 1431 1223 1470 ac
1239 1433 1292 1489 pro

218 1494 387 1551 testimonio
410 1494 509 1569 posuit
531 1488 795 1569 Ramshornius'p.
816 1495 892 1563 713,
921 1496 1040 1571 dignum
1069 1496 1184 1572 reliquo
1212 1517 1292 1555 men·

218 1579 320 1635 dorum
344 1584 473 1652 acervo.)
517 1580 608 1636 Recte
632 1581 767 1637 Bremius
796 1581 915 1656 negavit
942 1580 1103 1659 indicativo
1126 1583 1173 1639 hic
1195 1583 1291 1641 locum

218 1682 297 1733 esse;
320 1682 415 1738 neque
438 1665 514 1721 enim
539 1665 760 1722 circumlocutio
784 1666 855 1721 haec
878 1675 931 1729 est,
955 1667 1119 1724 absolutam
1142 1668 1292 1726 notionem

218 1750 385 1819 continens,
416 1759 448 1806 ut
476 1767 541 1806 cum
565 1750 686 1806 dicitur:
720 1754 769 1824 qui
789 1752 916 1818 audiunt,
951 1752 1002 1808 sed
1030 1754 1196 1810 necessaria
1224 1772 1293 1829 pars

217 1835 380 1891 sententiae
403 1835 567 1910 pendentis,
591 1835 620 1890 in
645 1854 703 1910 qua
725 1854 743 1891 a
765 1845 846 1892 certo
869 1836 1001 1893 subiecto
1021 1837 1174 1913 (Epicuro)
1198 1848 1293 1897 trans·

217 1920 277 1976 itur
304 1920 341 1976 ad
368 1920 486 1995 generis
513 1921 662 1977 notionem
686 1924 754 1992 (eius
777 1922 904 1991 bominis,
934 1924 996 1995 qui,
1025 1933 1055 1979 ut
1082 1924 1142 1980 binc
1166 1927 1292 1997 efficitur,

218 2009 256 2061 sic
278 2007 430 2078 loquatur).
465 2016 494 2061 et
522 2006 632 2062 causali
662 2007 749 2062 etiam
780 2025 858 2062 nexu
881 2007 1042 2082 implicata.
1087 2008 1192 2082 Neque
1215 2011 1292 2066 enim

218 2109 286 2146 raro
313 2091 342 2146 in
372 2090 538 2148 huiusmodi
569 2091 720 2148 notatione
744 2091 867 2148 subiecti
891 2092 977 2149 simul
1000 2093 1183 2168 significatur
1205 2112 1293 2152 causa

218 2175 327 2240 iudicii,
353 2175 431 2249 quod
455 2176 490 2231 de
513 2195 548 2233 eo
571 2176 631 2245 fiat,
654 2186 705 2232 aut
728 2177 847 2234 omnino
871 2177 933 2234 eius
956 2179 1092 2252 qualitas,
1117 2189 1145 2235 et
1168 2181 1205 2237 ob
1229 2199 1292 2237 eam

218 2279 279 2316 rem
302 2261 506 2318 coniunctivus
530 2261 649 2337 ponitur
668 2260 738 2338 [Gr.
753 2263 818 2319 Lat.
835 2267 849 2332 ξ
864 2264 934 2333 364,
958 2275 1018 2320 not.
1035 2262 1075 2340 1].
1099 2265 1178 2322 velut
1201 2264 1293 2344 [infre

222 2346 295 2402 102:
318 2348 399 2419 idque
416 2357 570 2403 testamento
586 2347 687 2403 cavebit
703 2351 735 2417 ia,
759 2355 808 2421 qui
829 2349 904 2405 uobis
925 2352 1008 2422 quasi
1027 2351 1164 2405 oraculum
1181 2352 1294 2408 ediderit

218 2440 283 2500 cet,
307 2439 336 2487 et
359 2432 473 2488 statim:
497 2434 573 2489 Haec
594 2451 645 2487 uou
668 2443 745 2488 eraut
765 2436 831 2504 eius,
854 2437 903 2507 qui
921 2465 956 2476 -
973 2437 1184 2509 peroptavisset,
1203 2436 1228 2504 I,
1244 2437 1293 2505 71,

218 2517 260 2587 ΙΙ,
284 2518 334 2585 27,
358 2517 413 2586 IV,
440 2520 488 2586 11,
511 2519 597 2575 Verr.
619 2517 678 2586 ΙΙΙ,
703 2518 779 2574 221τ
803 2519 938 2575 Absolvite
959 2538 1033 2587 eum,
1056 2522 1106 2594 qui
1125 2539 1154 2577 se
1168 2524 1294 2594 fateatur

218 2612 283 2670 cet,
308 2602 384 2658 Phil.
408 2603 449 2671 ΙΙ,
474 2603 529 2659 39:
558 2603 600 2658 Et
621 2608 677 2659 eius
699 2606 751 2658 oui
771 2607 873 2660 nomine
895 2623 935 2660 rue
956 2607 1083 2663 insectari
1102 2607 1195 2662 audes.
1218 2609 1294 2664 cuius

217 2707 259 2743 use
279 2691 403 2758 nucleum,
427 2699 451 2744 te
472 2699 597 2745 sectorem
620 2708 676 2744 esee
691 2687 836 2765 fatearet]
859 2689 875 2746 Ι
898 2690 936 2746 N.
951 2689 987 2745 Ι),
1002 2691 1056 2747 55:
1083 2689 1186 2758 Quanti
1206 2702 1293 2748 autem
1367 2707 1370 2713 ·

218 2773 284 2829 baec
301 2774 474 2848 philosophia
495 2775 667 2830 aestimanda
689 2784 736 2840 est,
760 2777 811 2844 oui,
836 2786 972 2848 turaquam
994 2777 1108 2832 aniculis
1130 2786 1155 2832 et
1177 2779 1210 2833 iis
1232 2782 1293 2850 qui·

218 2860 278 2914 dem
300 2860 422 2927 indoctis,
438 2862 503 2932 sato
518 2861 584 2931 fieri
603 2860 746 2915 videantur
762 2863 869 2915 omnia?
890 2855 978 2931 (Dav.
996 2861 1121 2917 videatur
1138 2861 1295 2932 malebat3)

218 2943 279 3000 ibd.
307 2944 381 3000 116:
409 2944 454 2998 Aa
476 2946 625 3018 quidquam
648 2947 771 3000 eximium
790 2955 879 3019 potest
901 2964 957 3002 asse
979 2949 1006 3002 iu
1029 2965 1061 3002 ea
1083 2956 1196 3015 natura,
1226 2966 1296 3020 quiue

218 3029 286 3085 iiiiii
307 3047 352 3085 uec
375 3038 470 3084 acturo
493 3033 528 3084 sit
550 3048 677 3102 urii-quum
699 3049 784 3103 sieque
805 3041 870 3103 aqut
892 3049 975 3104 ueque
992 3034 1091 3103 equit?
1129 3031 1295 3088 Insolenter

219 3113 324 3172 Cicero
352 3132 416 3169 eam
446 3114 688 3190 significationem
718 3115 816 3170 omisit
845 3116 933 3189 paulo
957 3124 1023 3190 post
1050 3117 1123 3172 117:
1156 3115 1231 3184 Quid
1257 3127 1296 3173 est

219 3209 316 3264 autent,
340 3200 415 3273 quod
435 3201 499 3255 deos
521 3219 673 3256 aestuamur
691 3210 805 3274 propter
821 3202 1023 3256 admirationem
1046 3206 1102 3257 eires
1125 3211 1245 3262 rictrude,
1269 3205 1294 3258 iu

219 3303 274 3359 qua
297 3287 429 3357 epi-epium
453 3286 518 3341 iu'lil
540 3287 679 3341 vellemus?
721 3285 922 3360 Expectabam
946 3287 1092 3342 videamus.

304 3372 330 3424 si
350 3370 410 3444 out)
434 3368 572 3427 Offensus
590 3380 634 3426 est
646 3370 817 3439 Lambinus,
841 3370 1082 3446 diligentissimus
1099 3371 1242 3428 orationis
1259 3371 1295 3427 ad

220 3454 350 3529 regulam
380 3455 559 3530 compositae
588 3463 724 3525 exactor,
754 3456 831 3528 quod
860 3474 918 3512 non
947 3474 985 3512 ex
1013 3455 1114 3512 eodem
1143 3464 1169 3513 sl
1195 3466 1295 3531 aptum

220 3541 355 3612 sequitur
376 3550 438 3609 aaut,
469 3542 520 3596 scd
543 3551 590 3596 aut
612 3560 685 3608 cum3
720 3559 789 3616 ergo
817 3541 1011 3615 transposuit,
1041 3551 1073 3597 ut
1096 3552 1172 3598 esset
1195 3552 1243 3598 out
1265 3545 1295 3598 si.

220 3624 325 3682 Cicero
347 3625 493 3681 interdum
518 3626 547 3681 in
571 3626 643 3682 talia
665 3625 782 3694 incidit,
806 3626 863 3682 vid.
887 3626 923 3682 ad
947 3627 977 3694 Ι,
1002 3626 1051 3682 33.
1096 3625 1173 3703 [cfr.
1197 3647 1229 3683 ue
1250 3637 1298 3682 aaut

224 3741 260 3751 -
290 3720 338 3766 out
365 3729 409 3778 ue,
440 3729 493 3784 pro
516 3711 603 3767 Rosa.
626 3713 695 3767 Am.
719 3711 774 3780 823
807 3729 867 3767 curn
895 3721 919 3767 et
942 3744 982 3754 -
1005 3721 1030 3767 et
1056 3730 1129 3780 curri,
1161 3712 1196 3768 de
1227 3712 1296 3786 imp.

206 3787 325 3870 Pomp.
351 3795 405 3864 493
429 3795 494 3851 Liv.
517 3796 629 3864 XLIV,
656 3797 705 3864 22,
731 3797 763 3851 2:
786 3815 845 3852 cum
867 3807 914 3852 out
939 3828 975 3837 -
1000 3806 1048 3851 aut
1070 3815 1123 3870 quo
1145 3794 1215 3872 die]

306 3891 472 3953 coquomeuto
506 3880 566 3953 qui)
596 3881 695 3937 Verba
729 3899 792 3937 esse
823 3881 930 3937 veteris
964 3889 1069 3956 poetae
1097 3881 1232 3953 (Lucilii,
1266 3890 1298 3937 ut

220 3965 366 4038 videtur).
395 3965 604 4021 intellexerunt
634 3967 767 4022 Muretus
795 3967 832 4022 ad
856 3966 982 4023 Aristot.
1006 3966 1073 4022 Eth.
1097 3966 1144 4036 Il,
1170 3967 1187 4022 3
1210 3975 1240 4022 et
1263 3967 1296 4024 F.

221 4051 259 4107 V.
283 4050 412 4108 Reizins.
459 4052 594 4125 Apparet
622 4052 664 4107 ita
693 4069 771 4120 esse,
801 4060 1006 4125 praeterquam
1036 4052 1113 4124 quod
1141 4051 1171 4107 in
1201 4051 1299 4108 verbis

221 4138 286 4209 quia
316 4168 355 4177 -
387 4140 541 4191 uiuuoruoit
570 4154 673 4192 versus
707 4136 878 4192 hexameter
910 4136 974 4211 ipse
1008 4135 1128 4192 auribus
1162 4136 1297 4198 occurrit,

221 4223 286 4294 quia
314 4220 344 4276 in
373 4238 460 4276 unam
491 4221 633 4295 syllabam
658 4230 824 4290 contracto,
854 4239 890 4276 ex
919 4239 991 4277 voce
1021 4225 1194 4295 coquomenti,
1223 4239 1298 4295 quae

221 4306 399 4362 comicorum
424 4316 470 4361 est
492 4316 520 4362 et
543 4325 642 4362 eornm
667 4306 857 4381 scriptorum,
888 4306 939 4380 qui
967 4306 1089 4380 antiqua
1111 4316 1161 4362 aut
1184 4307 1299 4364 obsole-

221 4392 334 4447 scentia
362 4391 544 4448 retinuerunt
574 4401 625 4447 atu
653 4391 786 4448 obsoleta
814 4401 1006 4459 revocarunt,
1041 4391 1190 4462 Sallustii,
1221 4392 1299 4449 Mes·
