3030 5086
256 455 319 520 632
650 472 693 517 nn
716 471 848 519 amanus
871 471 944 518 nou.

256 639 316 719 alii,
335 659 415 720 quae
432 640 532 720 prima
549 640 718 704 secundum
737 648 881 703 naturam
900 639 1067 717 nominant,
1084 637 1336 719 proficiscuntur,

256 740 287 805 in
316 740 429 821 quibus
458 749 622 804 numerant
650 740 892 805 incolumitatem
915 739 1244 821 conservationemque
1265 758 1333 804 om·

257 842 341 906 nium
363 841 508 921 partium,
531 841 755 920 valetudinem,
778 859 889 906 sensus
911 842 1065 921 integros,
1088 841 1205 906 doloris
1227 841 1335 906 vacui·

257 951 361 1021 tatem,
376 943 468 1020 mres,
488 943 759 1023 pulchritudinem,
776 950 881 1008 cetera
896 943 1019 1025 generis
1036 943 1182 1020 eiusdem,
1199 961 1335 1023 quorum

327 1118 348 1163 2.
368 1120 474 1161 nutrierat
495 1112 515 1159 F.
552 1120 574 1162 t.
594 1120 717 1177 ceteraque
736 1112 803 1163 LCR

257 1266 404 1344 scripsit];
435 1268 558 1323 alterum
587 1278 637 1324 aut
661 1286 729 1324 casn
754 1278 782 1326 et
805 1269 892 1325 unius
913 1268 1030 1325 litterae
1053 1268 1214 1325 mutatione
1236 1276 1335 1325 ortum

257 1363 311 1421 est,
334 1364 385 1409 atrt
408 1353 444 1409 ad
464 1355 581 1427 primurn
604 1357 750 1428 appetitrnn
772 1353 1010 1410 accommodatus
1032 1362 1093 1414 est.
1117 1353 1241 1410 conficto
1264 1353 1335 1410 sub·

257 1438 395 1506 stantivo,
415 1441 521 1513 pritanis
543 1441 653 1507 ascitus,
677 1438 732 1495 etsi
755 1448 815 1494 tum
835 1439 990 1515 genetivus
1007 1437 1221 1512 requirebatur.
1255 1438 1335 1495 Nam

258 1523 439 1599 voluptatem
470 1523 562 1598 ipsam
592 1523 735 1598 appellari
758 1523 881 1579 ascitum
906 1523 967 1580 sire
990 1523 1153 1598 appetitum
1178 1533 1229 1587 aut
1251 1523 1336 1580 dolo·

257 1627 318 1665 renr
350 1608 525 1664 declinatum
561 1608 623 1663 sire
657 1608 897 1673 declinationem,
933 1627 1051 1684 prorsus
1085 1607 1248 1665 inauditum
1279 1619 1336 1665 est.

259 1693 304 1750 Ne
327 1695 487 1750 declinatum
510 1693 626 1766 quidem
651 1693 754 1751 Cicero
778 1712 830 1768 pro
854 1693 1063 1761 declinatione,
1092 1712 1150 1768 qua
1173 1710 1245 1750 voce
1268 1712 1337 1769 per·

258 1796 346 1853 saepe
369 1778 476 1843 utitur,
505 1778 595 1835 semel
624 1778 754 1835 dixisset.
805 1779 949 1835 Neutrum
977 1796 1069 1853 genno
1099 1777 1245 1853 participii
1273 1798 1337 1836 ser·

259 1863 321 1919 rari
351 1864 379 1919 ia
405 1866 458 1920 hac
480 1861 589 1920 forma:
618 1866 739 1939 uoluptas
767 1873 806 1920 est
829 1867 947 1939 priniana
974 1867 1102 1929 ascitum,
1132 1864 1186 1920 hoe
1214 1873 1273 1932 est,
1305 1863 1336 1920 id

259 1947 337 2022 quod
361 1949 486 2023 primurn
509 1949 676 2018 asciscitur,
707 1949 829 2005 Latinus
852 1967 947 2005 sermo
971 1967 1027 2005 non
1051 1949 1171 2024 patitur.
1216 1947 1337 2017 Cetera,

259 2044 290 2089 ut
314 2032 390 2098 dixi,
419 2033 461 2090 sic
489 2052 553 2090 ease
577 2034 605 2089 in
629 2034 713 2090 bonis
736 2034 900 2093 codicibus.
928 2033 1013 2090 fidem
1037 2034 1106 2091 iacit
1132 2034 1192 2090 Eri.
1216 2032 1258 2111 [et
1284 2031 1336 2110 B],

259 2118 288 2175 in
314 2119 429 2175 mediis.
454 2119 479 2174 P
502 2129 530 2174 et
554 2119 617 2175 Pal.
642 2122 675 2187 4;
704 2119 781 2192 qnod
810 2131 908 2175 tamen
932 2117 1025 2177 Gaius
1053 2119 1081 2174 in
1109 2119 1246 2176 omnibus
1273 2120 1337 2175 suis

260 2203 410 2261 codicibus
439 2205 539 2259 doloris
567 2211 724 2261 cucrn'totern
758 2206 807 2260 otti
833 2214 888 2260 cet.
917 2203 974 2280 legi
1004 2211 1116 2272 narrat,
1151 2203 1254 2259 saltem
1283 2203 1337 2259 iilo

260 2289 363 2346 ordine
392 2288 490 2345 nullus
518 2289 611 2346 codex
635 2290 724 2345 rerba
748 2289 863 2351 habuit,
894 2307 946 2345 nec
970 2299 1053 2362 puto,
1083 2289 1111 2344 in
1141 2287 1278 2345 omnibus
1301 2306 1338 2344 ea

260 2373 359 2430 fuisse.
406 2373 481 2429 Nam
506 2373 533 2430 in
559 2374 707 2430 codicibus
731 2374 926 2431 deterioribus
949 2373 1037 2446 (l’all.
1063 2374 1090 2440 2,
1111 2375 1138 2431 3.
1160 2375 1187 2441 5.
1202 2375 1229 2431 6.
1253 2371 1334 2432 Oxx.

260 2459 409 2525 omnibus;
434 2459 508 2515 Dar.
534 2462 622 2531 tacet)
645 2460 818 2515 exciderunt
841 2460 897 2516 dno
920 2459 1024 2525 rerba,
1049 2457 1204 2515 uranifesta
1227 2459 1337 2516 erroris

261 2561 350 2599 cansa
373 2545 531 2613 (doloris,
561 2549 717 2600 arrcnr'totenr
746 2546 896 2616 doloris).
943 2545 1047 2618 Itaque
1070 2545 1099 2600 in
1122 2544 1251 2619 antiquis
1275 2543 1339 2600 edi·

261 2628 390 2686 tionibus
414 2629 513 2700 (etiam
538 2628 627 2692 Crat..
653 2629 848 2706 Victllocus
872 2647 991 2686 mancus
1014 2638 1086 2688 erat.
1124 2629 1202 2687 Hinc
1224 2629 1253 2685 in
1279 2629 1338 2688 Ur·

261 2713 377 2771 siniano
400 2713 451 2771 illo
474 2713 573 2770 codice
597 2727 624 2771 et
649 2715 692 2770 ed.
706 2714 798 2771 Marsi
823 2726 921 2770 natum
945 2723 1003 2770 est:
1025 2717 1075 2770 alii
1094 2725 1200 2772 censeat
1217 2717 1339 2790 pmmrrnr

262 2802 375 2855 crecitrnn
409 2819 460 2855 non
492 2801 593 2865 dolere,
628 2799 706 2873 quod
735 2800 821 2873 qrrale
850 2800 902 2865 sit,
936 2810 1069 2874 apparet.
1120 2799 1154 2857 Id
1185 2799 1339 2857 revocavit

262 2882 363 2943 Gaius.
414 2883 491 2941 Nam
526 2884 593 2941 inde
628 2885 665 2942 ab
694 2885 773 2941 Aldo
802 2885 936 2941 Manutio
964 2885 1119 2941 edebatur:
1152 2887 1202 2942 olii
1230 2895 1340 2943 censent

257 2973 374 3044 prunum
408 2973 520 3026 ascitum
553 2971 652 3026 doloris
682 2973 851 3026 noceritatenr.
882 2970 1017 3038 vocibus,
1051 2988 1126 3044 quae
1154 2970 1339 3039 exciderant,

261 3055 361 3111 nescio
385 3056 474 3119 unde,
503 3056 553 3111 sed
582 3074 638 3112 non
669 3066 748 3113 recto
771 3055 836 3112 loco
865 3065 893 3110 et
916 3055 1017 3112 ordine
1040 3055 1198 3122 restitutis,
1227 3073 1338 3130 easque

263 3139 373 3197 Paulus
397 3141 548 3197 Manutius
571 3141 599 3196 in
622 3141 752 3214 antiquis
775 3139 886 3205 llaffei,
910 3140 1039 3215 Sigonii,
1063 3141 1157 3197 Tertii
1179 3140 1263 3198 libris
1286 3141 1339 3197 de·

261 3225 384 3282 siderari
409 3237 509 3301 negat,
541 3226 577 3281 ad
606 3226 736 3282 ordinent
766 3245 823 3282 non
847 3226 1010 3282 attendens.
1056 3226 1146 3295 (Hinc
1168 3224 1276 3294 GziuS,
1305 3237 1342 3284 nt
1434 3242 1437 3247 ’

262 3310 351 3379 solet,
388 3310 435 3377 „in
466 3309 598 3385 pluribus
627 3311 752 3368 Manutii
781 3311 960 3368 ‹lesiderari“
993 3330 1027 3368 sa
1055 3312 1145 3368 verba
1175 3311 1340 3383 mentitur.)

264 3394 360 3452 Velim
384 3395 512 3463 attendi,
536 3414 614 3452 nunc
636 3397 665 3453 in
689 3398 824 3453 omnibus
848 3397 985 3453 membris
1008 3397 1131 3454 eundem
1155 3397 1266 3454 servari
1290 3415 1341 3454 or·

262 3480 376 3537 dinem:
424 3482 572 3555 l‘blrrptcctis
604 3484 653 3538 alti
684 3515 724 3526 —
760 3487 916 3540 auctritotenr
950 3484 1050 3540 doloris
1082 3485 1130 3538 ulii
1164 3514 1200 3525 -
1236 3483 1270 3538 ab
1304 3486 1341 3539 ris

261 3567 310 3623 alti
331 3576 386 3623 cet.

347 3653 381 3707 oh
408 3655 441 3709 iis
468 3655 529 3720 olii,
559 3654 641 3726 qrrne)
665 3654 730 3710 Hoc
753 3663 811 3710 est:
840 3653 901 3710 Alii
926 3653 1051 3726 deniqne
1074 3653 1152 3726 (naar
1182 3662 1241 3710 tres
1269 3664 1341 3709 sunt

261 3736 436 3809 sententiae)
464 3736 501 3792 ab
529 3737 565 3793 iis
593 3739 816 3812 proficiscuntur
849 3739 878 3795 in
913 3739 969 3794 fine
1003 3738 1206 3795 constituendo
1240 3747 1268 3794 et
1303 3756 1340 3794 ea

262 3821 387 3897 primunr
412 3821 510 3897 appeti
535 3832 652 3896 putant.
682 3842 756 3896 qnae
780 3834 834 3879 cet.
880 3825 926 3895 (ln
951 3824 1005 3880 hac
1028 3824 1145 3898 generis
1167 3824 1341 3880 definitione

262 3907 428 3964 necessario
452 3911 493 3973 iis,
517 3927 586 3982 perae
609 3927 662 3982 pro
685 3908 742 3965 ln's.
766 3929 836 3983 qrrae
857 3909 970 3983 scripsi,
995 3919 1025 3964 ut
1049 3910 1163 3966 eratin
1188 3929 1243 3986 mg.
1267 3909 1340 3966 edit.

263 3992 474 4049 Lanrbinianae
492 3994 652 4061 secundae3
672 3992 712 4071 [B
729 3993 820 4071 lnjr].)
855 3995 995 4063 Haecine,
1015 3995 1093 4051 dicct
1112 3994 1228 4070 aliquis,
1252 3993 1341 4052 nobis

262 4077 402 4147 enarrari,
425 4097 500 4152 quae
523 4079 620 4152 quiris
644 4099 716 4154 pner
738 4078 908 4156 intellegat?
944 4080 1124 4138 Dornritarit
1140 4090 1236 4137 tamen
1250 4079 1340 4137 Lana·

264 4162 364 4233 binus,
394 4182 512 4237 prorsus
541 4175 638 4222 autem
663 4165 875 4222 incredibiliter
897 4167 1005 4222 ornarit
1030 4165 1138 4232 Gaius,
1169 4184 1222 4222 nec
1245 4165 1341 4223 multo

263 4248 358 4305 rninus
381 4248 511 4306 Orellius
534 4260 561 4305 et
585 4250 671 4317 Otto,
703 4252 789 4307 ctiam
819 4264 885 4326 post
910 4252 1006 4308 Beieri
1035 4251 1263 4308 admonitionem
1289 4250 1340 4325 (ad

262 4332 323 4391 Cic.
348 4332 405 4392 Off.
428 4336 485 4403 ΙΙΙ,
514 4337 570 4392 119
595 4337 710 4409 pato)

347 4422 446 4477 doloris
475 4422 644 4495 oacrritatern)
669 4423 759 4480 Recte
788 4435 940 4479 senscrunt
970 4422 1026 4480 Th.
1051 4420 1203 4479 Bentleius
1231 4430 1261 4478 et
1285 4420 1342 4478 Er·
