3030 5086
430 497 473 543 nu
496 497 576 543 mar..
599 498 662 543 um.
686 499 706 543 r
729 498 801 544 cnr.
826 500 1095 561 15-1s.(m-4⁴.,·
1227 482 1290 548 dds

219 668 384 748 uariisque
407 666 499 731 rebus
517 665 649 745 alienae,
671 686 733 732 non
756 667 823 731 sine
845 686 940 732 causa
962 688 1031 747 ens,
1053 687 1132 750 quas
1154 669 1233 746 dixi,
1255 669 1286 732 in

218 770 324 850 pueris
346 769 494 832 virtutum
516 770 607 848 quasi
629 769 778 834 scintillas
801 770 954 849 videmus
984 789 1001 834 e
1028 771 1140 852 quibus
1161 771 1289 836 accendi

218 870 396 952 philosophi
417 871 497 934 ratio
520 871 624 949 debet,
647 879 682 935 ut
703 890 788 949 earn,
812 873 901 952 quasi
924 873 1025 946 deum.
1047 874 1156 937 ducem
1179 874 1287 938 subse-

218 992 316 1054 quens
338 974 379 1036 ad
402 981 532 1037 naturae
553 973 714 1053 perveniat
731 979 909 1038 extremum.
942 975 1031 1054 Nam,
1053 981 1089 1038 ut
1109 993 1205 1056 saepe
1225 975 1287 1039 iam

218 1075 295 1152 dixi,
334 1075 364 1139 in
403 1073 526 1138 infirma
558 1083 661 1139 aetate
698 1075 909 1156 imbecillaque
942 1084 1044 1141 mente
1076 1076 1123 1140 vis
1156 1085 1288 1141 naturae
1306 1082 1327 1144 ε’)

216 1177 306 1257 quasi
328 1196 385 1258 per
407 1176 566 1257 caliginem
588 1177 737 1256 cernitur3
767 1196 836 1241 curn
863 1188 965 1242 autem
987 1178 1191 1260 progrediens
1214 1197 1287 1243 con·

217 1279 361 1343 firmatur
393 1278 528 1357 animus,
561 1281 700 1359 agnoscit
733 1279 783 1344 ille
811 1279 936 1360 quidem
963 1287 1095 1346 naturae
1122 1280 1198 1357 vim,
1231 1280 1288 1345 sed

217 1381 270 1459 ita,
292 1387 327 1444 ut
348 1380 495 1461 progredi
515 1380 615 1462 possit
636 1381 771 1463 longius.
793 1401 851 1464 per
872 1401 906 1447 sc
928 1383 969 1447 sit
990 1390 1110 1447 tanturn
1133 1381 1285 1446 inchoata.

217 1482 301 1546 XVI.
328 1482 379 1545 44.
407 1482 589 1547 Intrandum
617 1483 712 1564 Igitur
738 1493 786 1548 est
813 1485 844 1548 In
872 1503 976 1547 rerum
1004 1492 1146 1549 naturam
1174 1494 1206 1549 et
1231 1504 1287 1565 pe-

217 1584 314 1664 nitus,
343 1584 417 1664 quid
444 1603 480 1648 ee
502 1585 652 1665 postulet,
680 1586 919 1665 pervidendum;
946 1586 1036 1651 aliter
1063 1586 1144 1651 enim
1166 1592 1288 1652 nosmet
1308 1594 1349 1656 10

287 1742 308 1787 l.
327 1736 467 1786 scintillulas
478 1738 609 1787 urcem.
637 1737 757 1787 auendiu
794 1744 815 1788 II.
835 1739 858 1786 rin
876 1740 958 1789 omll
992 1740 1073 1802 infimo
1091 1748 1169 1788 aetate
1182 1740 1202 1787 r:
1219 1740 1287 1803 irfir·

218 1805 337 1855 rm'tateC
390 1810 412 1856 6.
432 1806 504 1868 quari
526 1821 575 1856 om.
594 1806 683 1857 utcu
726 1807 817 1856 andans
840 1810 992 1871 corfirmetur
1015 1809 1035 1856 1.
1089 1813 1108 1856 7.
1129 1806 1288 1872 copnorcitR

218 1873 310 1937 quidem
324 1872 439 1922 ilteLPtt
473 1874 531 1936 quid
547 1874 617 1923 itteF.
653 1880 675 1925 8.
695 1885 771 1925 tamen
785 1892 879 1925 omues.
899 1877 941 1927 Or.
979 1882 1001 1926 9.
1021 1885 1055 1926 aa
1072 1876 1285 1941 ptnrtPcROr.

221 1947 257 1992 10.
274 1941 442 2006 providendum
462 1944 483 1990 E
520 1945 577 1994 odd.
597 1945 672 1993 eetR

303 2077 331 2121 ut
352 2085 409 2121 earn
435 2097 469 2106 -
490 2067 583 2122 ducem
605 2068 780 2141 crebrequene)
804 2068 890 2124 Ratio
913 2068 989 2123 enim
1008 2086 1045 2124 ex
1063 2068 1122 2126 illis
1140 2070 1286 2127 scintillis.

218 2168 292 2224 quae
315 2160 436 2206 naturae
459 2149 603 2207 elementa
625 2161 706 2219 sunt,
730 2169 853 2209 accensa
876 2152 1082 2227 philosophum
1105 2156 1141 2212 ad
1165 2168 1287 2212 naturae

218 2246 379 2292 extremum
403 2235 536 2292 deducet.
581 2236 675 2293 Paulo
697 2247 764 2311 post
793 2241 874 2310 quusi
898 2257 947 2311 per
974 2241 1110 2311 cnlr'pr'ncm
1133 2239 1226 2298 Gaius
1249 2260 1287 2296 ex

219 2320 288 2382 nrt..
306 2321 384 2394 Spir.
398 2318 463 2397 [B].
482 2319 559 2378 Gud.
576 2324 601 2388 1,
614 2322 658 2377 ed.
672 2321 766 2391 Crat.;
783 2326 968 2395 anteaquam
983 2325 1180 2382 omittebatur.
1210 2327 1286 2382 Tum

216 2408 260 2462 dle
286 2408 393 2479 quidem
420 2406 517 2462 editur
543 2425 580 2462 ex
603 2405 627 2464 C
655 2406 722 2463 inde
750 2408 938 2477 allanuti03
972 2407 1066 2467 Crat..
1092 2412 1186 2473 vict..
1210 2412 1286 2467 Dar.

217 2493 323 2565 quidem
345 2493 402 2560 ille3
426 2489 465 2570 [B
488 2499 520 2547 ut
542 2488 623 2570 ΕΓΒ]
646 2493 704 2548 vid.
727 2493 764 2549 ad
786 2493 841 2560 lv,
860 2493 909 2549 43.
956 2491 1004 2570 [In
1027 2496 1117 2568 intima
1139 2497 1226 2553 etiam
1251 2497 1285 2552 B.

218 2576 276 2635 Sed
299 2576 426 2633 infimam
450 2584 575 2633 aetatem
598 2577 634 2633 de
657 2578 752 2653 prima
774 2597 859 2634 nemo
882 2576 981 2655 dixit]

302 2664 350 2719 sed
370 2666 421 2718 ita.
446 2693 485 2704 -
509 2672 594 2718 tannen
616 2664 753 2738 inchoata.)
776 2662 843 2741 [Sic
865 2662 1031 2741 edebatur]
1060 2666 1092 2725 Si
1116 2666 1187 2722 haec
1210 2678 1288 2721 recte

216 2747 326 2822 scripta
338 2757 414 2807 sunt.
427 2748 463 2813 ei,
479 2747 556 2820 quod
569 2749 665 2823 ipsum
677 2750 719 2805 rei
731 2749 902 2825 diligentius
914 2750 1059 2807 finiendae
1071 2769 1159 2807 causa
1171 2750 1289 2825 ponitur

217 2834 278 2904 (sed
287 2836 325 2889 ito
337 2843 432 2891 tannen.
445 2843 473 2888 ut
485 2832 615 2906 perfecta
627 2852 662 2890 ea
673 2836 717 2890 rie
731 2854 788 2891 non
801 2835 848 2901 sit,
866 2836 915 2891 sed
924 2840 1011 2909 poenit
1022 2840 1100 2909 cot),
1118 2836 1288 2910 superaddi·

218 2928 266 2975 tur
277 2936 353 2974 nova
365 2917 471 2979 cautio.
489 2936 525 2973 ne
543 2917 595 2974 illa
611 2919 708 2994 priore
724 2921 789 2995 ipse
805 2939 852 2977 res
866 2920 982 2976 sublata
993 2921 1128 2978 videatur
1144 2924 1183 2993 (et
1202 2932 1288 2978 tonuere

218 3022 319 3060 rursus
331 3006 365 3059 eit
371 3023 424 3077 per
435 3022 463 3059 oe
473 3005 618 3078 inchoato).
643 3004 701 3063 Sed
713 3016 743 3061 et
754 3023 972 3080 supervacanea
984 3006 1055 3062 haec
1067 3007 1164 3063 cautio
1173 3007 1290 3063 videtur

219 3098 248 3144 et
265 3089 446 3145 incommode
459 3089 605 3157 adiuncta,
624 3101 655 3146 ut
673 3091 768 3147 oratio
785 3091 910 3147 obscura
926 3101 954 3147 et
972 3091 1122 3165 implicata
1139 3090 1186 3153 sit.
1206 3092 1288 3165 quusi

220 3174 291 3230 haec
309 3175 346 3231 eit
364 3174 523 3230 sententia:
545 3177 595 3231 ced
610 3178 657 3239 ita,
675 3186 705 3241 ut
719 3177 849 3250 propredr'
863 3178 996 3249 quidem
1009 3179 1096 3250 poscit
1113 3180 1224 3249 loupiac,
1242 3179 1291 3233 aed

220 3270 306 3316 tomen
324 3270 388 3323 cet..
412 3259 489 3332 quod
512 3258 582 3316 ferri
606 3261 716 3333 nequit,
740 3261 877 3334 quoniam
901 3261 970 3317 hoc:
990 3280 1041 3336 per
1062 3282 1089 3318 se
1111 3265 1145 3319 cit
1167 3263 1290 3318 r'uclrorrto

221 3363 278 3400 non
301 3352 345 3400 est
367 3346 544 3401 contrarium
562 3345 621 3402 illi:
643 3351 762 3418 oprrooeit
779 3349 830 3402 vim
847 3357 970 3402 craturae.
1004 3347 1092 3416 (Nam
1111 3348 1234 3403 inchoato
1252 3358 1291 3403 est

220 3430 250 3484 in
272 3428 327 3484 hac
350 3429 553 3486 coniunctione
581 3432 745 3488 necessario
772 3431 888 3488 initium
911 3431 1019 3488 factum
1044 3433 1203 3508 significat.
1232 3451 1289 3489 non

222 3513 428 3588 perlectionem
452 3515 574 3589 deesse.)
618 3516 722 3590 Itaque
744 3515 869 3574 fortasse
892 3517 1077 3574 scribendum
1100 3527 1158 3575 est:
1185 3538 1237 3594 per
1264 3538 1292 3574 re

221 3602 255 3655 cit
283 3610 409 3654 tanturn
438 3601 576 3661 inchoato.
607 3613 640 3658 ut
666 3602 852 3660 continuetur
880 3603 981 3660 eadem
1010 3604 1164 3660 sententie.
1209 3604 1289 3661 Idem

222 3685 432 3759 Wesenbergio
460 3685 489 3740 in
518 3696 642 3743 mentem
665 3697 795 3744 venerat.
839 3684 888 3766 [Id
916 3707 992 3744 nunc
1020 3706 1084 3745 cum
1115 3689 1233 3746 Baitero
1262 3690 1291 3745 iu

222 3769 352 3826 ordinem
371 3771 478 3844 recepi.
512 3772 613 3827 Verba
634 3775 683 3828 sert
698 3776 744 3835 ito.
767 3783 796 3829 ut
808 3775 939 3848 propredi
951 3777 1038 3848 posent
1055 3776 1157 3847 lonpr'rre
1174 3775 1211 3831 ad
1229 3775 1292 3830 ani·

223 3873 298 3910 mum
322 3854 425 3911 referri
449 3855 555 3911 debere
578 3876 630 3931 per
652 3877 683 3914 se
706 3858 783 3914 ultra
806 3859 849 3923 id,
873 3859 950 3932 quod
973 3868 1078 3915 natura
1100 3860 1291 3917 inchoaverit.

222 3941 361 3996 nitentem
386 3940 515 4014 disputet
537 3942 572 3999 Ο.
596 3943 721 4000 Heinius
743 3946 835 4015 (Anu.
852 3944 930 4002 Phil.
949 3944 1055 4002 XCIII
1068 3964 1096 4019 p.
1109 3945 1170 4001 247
1184 3946 1240 4018 sq.)
1264 3956 1291 4000 et

222 4027 259 4081 ob
282 4045 345 4081 eaor
368 4043 485 4082 causam
510 4027 671 4084 tollendum
694 4038 786 4084 totum
811 4030 865 4085 lroc
888 4039 970 4104 putat
989 4050 1042 4104 per
1063 4049 1142 4086 re-
1161 4032 1292 4087 inchoato.

223 4110 281 4169 Sed
309 4129 373 4166 cum
403 4110 518 4167 animus
546 4113 746 4188 progreditur,
777 4115 841 4188 ipsa
864 4115 909 4170 vis
931 4125 1054 4171 naturae
1076 4115 1242 4189 explicatur
1264 4125 1292 4170 et

224 4196 399 4263 absolvitrrr3
423 4197 521 4270 itaque
544 4197 616 4254 haec
633 4198 737 4257 Cicero
760 4218 817 4256 non
841 4199 984 4257 distinxit.
1010 4200 1104 4257 minus
1120 4219 1191 4257 sane
1208 4217 1293 4256 acco·

226 4291 297 4339 rote.
345 4282 401 4338 Sed
424 4283 448 4338 si
471 4303 489 4338 a
511 4282 653 4341 Cicerone
676 4285 786 4359 scripta
808 4286 879 4341 haec
901 4304 958 4342 non
982 4296 1094 4356 essent,
1123 4286 1189 4359 quis
1211 4285 1293 4341 addi·

225 4366 313 4423 disset
340 4386 435 4440 qrrnvc
469 4368 505 4424 de
538 4386 627 4426 causa
654 4380 683 4426 et
711 4370 754 4426 sic
781 4370 886 4428 ceteris
913 4371 1102 4446 grammatice
1129 4388 1293 4429 accommo-

223 4450 339 4510 dasset?
383 4453 481 4511 Nimis
502 4454 649 4513 incuriose
671 4456 744 4512 haec
765 4455 801 4512 de
824 4456 952 4513 librariis
974 4452 1149 4536 tinguntur]
