3030 5086
287 399 350 464 106
679 390 735 456 bn
758 413 888 462 sturnus
910 415 983 462 nou.

291 591 358 648 tum
380 601 451 648 esse
472 601 490 648 e
511 588 644 663 corpure
667 581 701 643 et
722 583 764 646 ad
785 600 899 663 eorpus
921 581 1042 662 referri,
1064 602 1121 649 nee
1142 585 1182 650 ob
1204 604 1274 651 eam
1297 603 1378 651 eau-

294 704 362 751 sam
400 704 462 749 non
499 685 596 749 multo
634 683 770 749 maiores
803 703 873 750 esse
905 696 937 750 et
970 685 1146 766 voluptates
1179 697 1211 753 et
1242 687 1377 752 dolores

295 787 390 852 animi
428 806 522 868 quam
560 785 709 867 corporis.
775 786 856 850 Nam
894 805 1026 868 corpore
1064 787 1141 852 nihil
1179 789 1239 854 nisi
1276 807 1376 871 prae·

295 907 382 967 sens,
416 898 447 952 ct
474 889 559 970 quod
586 890 690 968 adest,
724 888 840 953 sentire
866 907 1047 969 possumus²
1081 889 1183 955 animo
1210 899 1378 956 autemut

256 988 466 1071 inpraeterita
499 998 530 1055 et
562 989 675 1055 futura.
726 990 768 1054 Ut
795 990 876 1054 enirn
909 1009 1008 1083 aeque
1037 991 1198 1058 doleamus
1226 991 1376 1076 [anime],

365 1217 388 1259 4,
407 1212 473 1260 abest
493 1211 513 1259 1.
550 1216 573 1260 5.
591 1210 670 1260 arnono
688 1212 742 1261 sine
760 1211 832 1260 uncis
850 1214 892 1260 (ln.

380 1421 426 1457 nec
453 1401 484 1456 ob
512 1421 568 1457 curn
596 1422 707 1457 ceresam
735 1421 785 1456 non
807 1404 876 1473 cet)
907 1401 993 1474 Diog
1023 1403 1068 1463 X
1104 1403 1175 1458 137.
1201 1389 1266 1456 Em
1294 1392 1373 1495 πρὸς

293 1477 364 1551 τοὺς
396 1476 606 1580 Κυρηναὲκούς
639 1475 878 1579 (διὰφερεταιὸ
911 1476 1116 1560 Ἐπίκουρος)·
1158 1477 1186 1542 οἱ
1225 1473 1278 1575 μὲν
1313 1476 1372 1561 γὰρ

293 1564 409 1646 χείρους
441 1559 496 1634 τὰς
525 1559 695 1641 σωματικὰς
729 1554 893 1644 ἀλγηδόνας
921 1565 979 1625 τῶν
1008 1566 1148 1644 ψυχικῶν·
1182 1555 1372 1636 κολάζεσθαι

294 1652 363 1748 γοῦν
385 1645 455 1717 τοὺς
478 1643 708 1748 ἁμαρτάιοντας
730 1645 854 1746 σώματι·
884 1647 900 1709 ὁ
927 1642 1035 1718 δὲτὰς
1058 1639 1195 1749 ψυχικάς·
1224 1643 1277 1726 τὴν
1299 1648 1373 1729 γοῦν

295 1729 416 1834 σάρκα
414 1727 449 1793 τὸ
458 1728 567 1832 παρὸν
589 1727 681 1831 μόνον
687 1723 863 1832 χειμαζειν,
877 1730 937 1832 τὴν
961 1728 991 1794 δὲ
992 1727 1112 1834 ψυχὴν
1134 1728 1183 1794 καὶ
1205 1727 1241 1794 τὸ
1263 1733 1371 1832 παρελ-

295 1814 352 1879 θὸν
368 1811 417 1877 aci
433 1812 467 1876 τὸ
485 1811 580 1896 παρὸν
597 1810 645 1876 καὶ
662 1840 697 1877 το
687 1812 829 1894 μέλλον
854 1811 948 1887 οὕτως
970 1807 1022 1877 οὖν
1039 1810 1087 1876 καὶ
1104 1817 1244 1895 μείζυνας
1262 1809 1373 1897 ἡδονὰς

294 1900 368 1964 εἶναι
390 1903 442 1980 τῆς
464 1903 569 1980 ψυχῆς
604 1905 715 1963 Eadem
739 1917 846 1964 tractat
863 1907 998 1966 Cicero
990 1926 1019 1962 1n
1038 1908 1126 1965 Tusc.
1152 1908 1188 1965 V.
1214 1907 1252 1963 95
1272 1918 1301 1964 et
1322 1906 1371 1961 96.

294 1992 340 2048 De
363 2009 417 2047 usu
440 1990 651 2065 particularum
675 2011 720 2049 nec
744 2026 783 2034 -
806 2013 856 2048 riou
880 1992 957 2067 apud
980 1991 1153 2050 Ciceronem
1177 1968 1207 2048 et·
1229 2011 1295 2062 eos,
1319 1988 1371 2064 qui

294 2076 415 2133 eandem
439 2077 679 2134 consvetudinem
703 2088 879 2151 sequuntur,
908 2078 937 2134 in
967 2077 1096 2134 tollenda
1125 2077 1281 2153 negatione
1304 2088 1372 2152 post

294 2161 486 2220 Thomasium
520 2162 569 2234 (ad
597 2163 698 2235 Ture.)
732 2162 868 2237 exposuit
897 2163 1094 2220 Buttmannus
1127 2162 1164 2218 ad
1193 2161 1369 2236 Quintilian.

294 2247 367 2311 xll.
394 2247 441 2315 10,
465 2247 521 2315 46;
544 2248 595 2305 sed
618 2267 665 2304 res
690 2259 848 2323 pervagata
871 2259 923 2305 est.
969 2246 1043 2320 (cfr.
1068 2249 1122 2315 lv,
1150 2247 1211 2321 13.)

376 2351 520 2405 praesens,
549 2342 574 2387 et
595 2335 669 2406 qnod
689 2335 780 2406 adest)
803 2335 907 2389 Adesse
928 2333 966 2390 ad
988 2332 1084 2390 locum
1108 2332 1256 2407 pertinere
1278 2350 1371 2388 enno·

295 2425 358 2474 tent
381 2416 428 2472 hic
451 2417 539 2473 etad
562 2418 576 2473 1
600 2417 636 2474 de
659 2416 717 2475 Off.
745 2423 777 2474 ll
805 2420 854 2487 (od
876 2420 905 2475 id
927 2421 1026 2481 solam.
1050 2419 1125 2492 quod
1145 2419 1223 2474 adest
1244 2418 1373 2492 quodque

290 2522 422 2578 praesens
443 2512 495 2565 est.
529 2521 557 2559 sc
583 2506 778 2567 accommodat.
808 2506 923 2578 paulum
950 2504 1094 2560 (ulrnodum
1122 2506 1236 2559 sentiens
1265 2522 1371 2578 proe-

295 2590 431 2644 teritum
459 2597 517 2643 aut
537 2589 723 2662 saturam),
757 2599 986 2663 comparentque
1015 2589 1103 2644 Tusc.
1125 2588 1186 2656 lv,
1213 2590 1260 2644 14.
1311 2585 1372 2646 Sed

289 2691 421 2748 praesens
444 2690 501 2727 non
520 2672 614 2729 minus
637 2693 653 2728 u
677 2674 741 2729 loco
765 2672 941 2730 transfertur
962 2674 1000 2730 ad
1023 2685 1147 2746 tempus,
1171 2672 1249 2746 quod
1272 2671 1373 2729 omnia

294 2757 438 2814 vocabula
455 2757 537 2813 illinc
556 2768 719 2827 mutuatum
743 2776 796 2814 nec
817 2779 910 2815 ossum
933 2760 1028 2815 minus
1047 2759 1152 2815 dicitur
1169 2758 1205 2814 de
1222 2766 1371 2832 tempore;

294 2853 323 2899 et
345 2853 482 2917 apparet,
512 2862 631 2917 prorsus
653 2843 721 2900 hinc
743 2844 869 2900 alienam
894 2862 958 2900 esse
980 2844 1037 2902 loci
1061 2844 1219 2901 notionem.
1266 2844 1372 2917 ltaque

294 2928 416 2984 vocibus
439 2927 602 2985 coniunctis
625 2939 737 2985 tantum
761 2929 880 3004 gravius
898 2929 940 2985 rei
959 2941 1090 3004 tempore
1107 2928 1271 3003 praesentis
1288 2927 1371 2984 notio

294 3013 428 3088 signatur
449 3014 513 3084 (dos
536 3014 704 3070 urrrm'ttelbor
723 3017 945 3087 qeqenwrtrtiye),
973 3027 1006 3070 ut
1034 3019 1137 3070 'contre
1164 3013 1200 3070 de
1223 3013 1289 3070 loco
1312 3013 1372 3070 Te·

294 3098 405 3154 rentius
428 3098 517 3154 dixit:
540 3100 606 3155 ades
623 3119 755 3174 praesens
778 3096 822 3176 [et
845 3100 908 3174 ipse
931 3098 1036 3157 Cicero
1059 3098 1094 3155 de
1117 3097 1193 3155 dom.
1219 3095 1283 3175 39].

384 3183 420 3239 Ut
442 3186 509 3239 errem
531 3203 615 3257 eeqrce
637 3185 774 3241 doleamus
796 3181 926 3263 [animo])
950 3184 1060 3241 Notavi
1084 3201 1185 3240 rocem
1209 3182 1372 3258 suppositi·

294 3269 384 3338 ciam,
413 3287 488 3341 qnae
511 3268 535 3325 si
559 3268 716 3327 retinetur.
745 3270 892 3326 sententia
914 3269 986 3326 haee
1009 3269 1096 3326 debet
1119 3287 1197 3325 esse:
1228 3269 1269 3328 Ut
1292 3269 1370 3326 enim

293 3353 461 3422 concedam,
479 3361 552 3422 turn,
570 3372 634 3410 cum
648 3373 771 3429 corpore
783 3354 944 3423 doleamus,
963 3373 1020 3411 non
1041 3354 1178 3410 maiorem
1197 3372 1260 3411 esse
1279 3353 1370 3410 animi

293 3438 439 3507 dolorem,
470 3448 565 3512 potest
593 3449 690 3496 tamen
718 3440 781 3497 fieri
811 3440 904 3496 maior
926 3450 980 3496 cet.
1026 3439 1085 3499 Sed
1113 3439 1185 3495 haee
1208 3439 1313 3495 verbe:
1343 3450 1372 3496 ut

292 3543 376 3598 oeque
394 3524 531 3580 doleamus
553 3524 582 3580 in
606 3525 792 3582 concedendo
817 3544 874 3582 non
898 3526 972 3581 hanc
996 3524 1145 3581 minuendi
1168 3524 1228 3580 vim
1250 3524 1371 3593 habent,

292 3609 344 3666 sed
367 3608 556 3666 contrariam:
581 3619 609 3666 ut
626 3630 676 3667 uon
694 3613 790 3680 initias,
814 3630 873 3685 quo
896 3610 1038 3667 evertitur
1060 3619 1122 3667 tota
1145 3608 1304 3678 sententiam
1328 3609 1371 3666 sic

293 3694 371 3750 enim
393 3694 538 3768 loquitur,
568 3694 617 3768 qui
647 3696 709 3771 ipse
738 3696 828 3753 animi
857 3696 988 3753 dolorem
1017 3714 1109 3769 aeque
1139 3713 1276 3770 magnum
1305 3712 1370 3751 esse

293 3797 351 3835 non
375 3780 522 3849 iudicans,
552 3780 607 3837 hoc
630 3791 727 3837 tamen
751 3781 899 3847 coneedit,
928 3781 978 3838 sed
1002 3781 1057 3850 ita,
1082 3792 1114 3836 ut
1136 3791 1233 3836 tamen
1257 3779 1370 3852 aliquid

293 3865 323 3921 in
346 3883 468 3940 corpore
491 3866 630 3922 accedere
653 3867 755 3941 possit.
801 3866 929 3925 Deinde.
958 3867 1012 3922 etsi
1042 3865 1136 3922 oritur
1159 3865 1280 3940 Epicuri
1303 3883 1369 3921 sen·

293 3951 385 4006 tentia
407 3950 497 4006 enimi
521 3950 643 4008 dolore
666 3970 804 4026 corpore,
835 3962 933 4008 tamen
956 3952 1111 4026 perinepta
1134 3962 1179 4007 est
1200 3951 1274 4007 haee
1297 3961 1370 4006 tem·

294 4036 374 4110 poris
390 4035 581 4111 significatio:
610 4037 645 4093 Ut
661 4057 745 4110 esque
762 4039 899 4094 dolaenus
915 4040 1011 4097 animo.
1031 4056 1090 4093 cam
1107 4055 1218 4111 corpore
1236 4037 1369 4103 dolentum

293 4139 361 4176 nam
378 4120 420 4177 sie
437 4121 617 4178 contrarium
640 4121 721 4178 aliud
739 4132 855 4196 tempus
873 4122 1033 4197 cogitatur:
1056 4142 1088 4178 oc
1106 4142 1165 4178 curn
1183 4141 1233 4177 aon
1250 4122 1369 4178 dolorosas
1422 4126 1424 4130 ‘

292 4225 409 4280 corpore.
433 4205 511 4279 quod
535 4225 653 4262 sensum
677 4208 851 4264 nonhabet.
887 4207 1077 4281 Comparatio
1100 4207 1172 4263 hoec
1195 4224 1259 4263 esse
1282 4206 1369 4263 debe·

293 4290 356 4347 bat:
379 4302 460 4365 etqraee
482 4310 592 4365 corpore
614 4293 732 4348 dolernus
756 4294 833 4365 (eum
856 4301 981 4365 utroque
1004 4292 1158 4365 dolemus).
1194 4291 1302 4349 Deleta
1318 4292 1369 4349 illa

293 4394 373 4446 voce,
397 4376 496 4433 omnia
517 4387 599 4433 recta
621 4388 721 4434 erunt:
745 4378 785 4436 Ut
809 4379 885 4434 enim
909 4387 980 4445 tum,
1004 4395 1069 4433 cum
1088 4395 1209 4452 corpore
1227 4377 1369 4445 dolemus,
