3030 5086
448 498 491 543 nr
513 498 593 544 man.
615 497 678 543 nm.
700 496 736 542 111
759 495 831 543 car.
854 498 891 547 rr.
907 497 1043 561 (aa-aa.)
1217 478 1279 543 441

218 665 365 732 hocloco
392 666 547 747 appellare
574 684 666 748 quam
693 664 852 747 gloriam),
880 665 1077 749 Chrysippus
1104 667 1228 748 quidem
1251 676 1283 732 et

220 768 383 850 Diogenesr,
405 769 545 833 detracta
565 768 712 848 utilitate,
735 787 774 833 ne
797 767 928 850 digitum
950 769 1075 850 quidem
1098 770 1164 835 eius
1187 787 1282 835 causa

219 870 432 951 porrigendum
448 889 517 936 asae
534 871 685 948 dicebant,
702 871 814 952 quibus
831 889 888 950 ogo
902 870 1102 936 vehementer
1117 873 1281 937 assentior.

221 971 276 1051 Qui
297 979 398 1036 autem
420 979 493 1053 post
513 990 567 1036 eos
588 970 722 1051 luerunt,
744 990 813 1037 cum
831 971 1025 1037 Carneadem
1048 973 1202 1038 sustinere
1220 991 1281 1037 non

218 1082 355 1154 possent,
377 1072 463 1152 hanc,
484 1092 577 1155 quam
601 1073 678 1153 dixi,
701 1074 813 1139 bonam
837 1073 950 1138 lamam
973 1076 1075 1156 ipsam
1096 1083 1227 1156 propter
1248 1071 1321 1141 seb

218 1174 424 1255 praepositam
450 1183 481 1241 et
508 1176 689 1240 sumendam
717 1195 788 1243 esse
810 1177 968 1256 dixerunt,
996 1196 1128 1259 esseque
1149 1177 1284 1243 hominis

218 1274 338 1356 ingenui
359 1284 391 1341 et
411 1276 580 1342 liberaliter
596 1279 719 1343 educati
736 1278 814 1343 velle
831 1278 911 1344 bene
927 1280 1038 1344 audire
1055 1298 1075 1343 a
1093 1278 1283 1359 parentibus,

217 1393 237 1440 a
256 1378 446 1458 propinquis,
468 1379 594 1444 abonis
611 1381 704 1445 etiam
721 1380 808 1458 viria,
829 1380 923 1461 idque
940 1388 1073 1462 propter
1089 1399 1153 1444 rem
1172 1381 1283 1460 ipsam,

218 1494 276 1540 non
298 1487 426 1560 propter
447 1500 551 1560 usum3
574 1482 751 1563 dicuntque,
773 1491 809 1546 ut
830 1482 935 1547 liberis
954 1483 1129 1547 consultum
1145 1481 1284 1560 velimus,

218 1579 334 1644 etiamsi
355 1582 490 1662 postumi
511 1582 606 1647 futuri
630 1584 699 1661 sint,
721 1592 853 1665 propter
874 1584 977 1664 ipsoS,
1000 1585 1045 1648 sic
1066 1582 1190 1649 futurae
1212 1591 1286 1664 post
1304 1579 1346 1644 10

217 1690 343 1746 mortem
366 1680 467 1748 lamae
489 1690 592 1749 tamen
614 1705 685 1750 esse
703 1696 833 1767 propter
851 1705 926 1763 rem,
949 1686 1043 1750 etiam
1060 1687 1200 1750 detracto
1217 1703 1285 1764 usu,

217 1784 443 1849 consulendum.
486 1786 537 1851 58.
560 1788 620 1851 Sed
644 1805 727 1865 cum,
754 1788 838 1867 quod
859 1787 1026 1852 honestum
1048 1788 1103 1865 sit,
1130 1788 1163 1852 id
1185 1786 1285 1851 solum

217 1883 328 1949 bouum
350 1905 420 1951 esse
441 1887 588 1965 dicamus,
611 1894 854 1953 consentaneum
877 1895 979 1953 tamen
1003 1897 1052 1952 est
1073 1887 1159 1969 fungi
1176 1886 1286 1965 officio,

145 2040 148 2047 ,
218 2001 284 2050 cum
301 1987 332 2051 id
350 1986 483 2052 officium
500 1989 598 2053 necin
607 1989 699 2054 vbonis
711 2007 863 2070 ponamus
880 2008 937 2054 nec
955 1989 986 2053 in
999 1989 1097 2053 malis.
1129 1989 1189 2054 Est
1204 1989 1285 2053 enim

284 2195 306 2237 2.
325 2189 456 2240 &boante
474 2191 566 2255 quidem
584 2192 676 2242 ΜΕ
712 2192 736 2240 in
754 2209 830 2242 cauea
849 2192 870 2241 Ρ
892 2192 916 2239 r'n
935 2191 984 2239 eiua
1003 2191 1118 2240 coueaL
1154 2189 1287 2239 ineamC

217 2272 264 2306 cm.
282 2258 335 2306 MR
379 2265 400 2307 5.
416 2275 534 2324 propere
552 2261 573 2308 E
593 2261 668 2324 ipsam
684 2268 782 2324 propter
799 2260 874 2325 ipsam
890 2267 987 2324 propter
1003 2276 1029 2308 aa
1046 2260 1074 2308 M
1124 2263 1146 2308 s.
1168 2256 1229 2324 [aare
1246 2257 1286 2305 loo-

216 2325 291 2380 m'm'e,
310 2342 350 2375 om
377 2343 428 2390 que,
448 2327 481 2394 Α]
525 2334 546 2378 9.
566 2346 612 2377 oon
630 2328 754 2392 dicuntque
769 2338 868 2394 propter
883 2344 995 2391 usumque
1014 2327 1035 2374 E
1074 2331 1111 2376 ll.
1131 2342 1178 2375 rem
1197 2340 1245 2375 om.
1265 2325 1287 2373 Ε

222 2399 256 2445 la.
275 2394 320 2443 aed
335 2395 400 2459 quod
416 2413 466 2445 mem
485 2396 559 2446 PMR
575 2397 620 2446 aed
637 2397 732 2461 quando
750 2397 815 2461 quod
832 2396 853 2448 C

215 2566 245 2623 in
268 2567 459 2642 significanda
482 2590 523 2639 re,
547 2571 583 2626 de
605 2589 664 2644 qua
686 2577 803 2644 agetur,
827 2579 859 2625 ut
881 2567 971 2624 semel
994 2576 1024 2622 et
1045 2566 1150 2621 iterum
1174 2563 1202 2619 iu
1226 2563 1288 2638 epi·

216 2651 301 2709 atulis
323 2652 367 2724 (II
389 2653 425 2709 ad
449 2655 531 2711 Fam.
561 2657 607 2724 17,
632 2660 649 2711 ‘2
674 2664 703 2709 at
725 2654 787 2716 ΙΙΙ,
816 2655 867 2720 12,
893 2654 926 2718 2,
950 2652 980 2707 X
1009 2650 1045 2705 ad
1074 2651 1138 2706 Att.
1164 2651 1216 2714 ll,
1241 2650 1287 2718 ³);

216 2735 269 2792 cfr.
294 2738 391 2795 Hand.
415 2740 447 2795 II
470 2758 498 2814 p.
518 2741 588 2796 212.
635 2740 679 2795 De
707 2738 772 2811 ipsa
801 2735 1002 2792 controversia
1030 2732 1103 2788 nihil
1131 2732 1200 2788 alibi
1229 2731 1287 2805 legi

216 2829 296 2897 puto.
341 2822 486 2881 Carneadi
509 2824 631 2881 cessisse
654 2821 814 2893 Antipater
836 2819 952 2874 videtur
973 2827 1025 2872 aut
1048 2815 1216 2871 Panaetius.

302 2909 358 2963 eiua
380 2927 464 2964 carrea
482 2905 687 2982 pompandam)
711 2904 760 2958 Sic
779 2900 848 2978 [A.]
867 2920 922 2975 mg.
935 2899 1027 2973 Crat,
1049 2898 1113 2954 cod.
1126 2899 1210 2964 Mor,
1233 2913 1287 2952 nac

216 2989 296 3047 aliud
330 2992 476 3066 significat
506 2993 545 3056 B,
575 2993 603 3046 in
632 3007 690 3061 quo
719 3005 756 3042 ex
784 2988 816 3042 cii
843 2984 952 3039 facturn
982 2990 1027 3037 est
1055 2991 1108 3036 tam
1136 2978 1201 3052 (cfr.
1226 2980 1286 3050 66).

216 3074 323 3131 Editur
334 3077 376 3132 sic
388 3077 456 3132 inde
468 3095 485 3132 a
498 3075 631 3132 Manutio
644 3075 814 3146 (praeeunte
827 3069 884 3124 iam
897 3067 998 3136 Aldu),
1012 3063 1141 3121 Grutero
1154 3071 1184 3118 ct
1195 3062 1286 3118 Davi·

217 3159 261 3217 aio
280 3161 453 3216 tacentibus.
493 3159 664 3216 Deteriorcs
681 3155 767 3210 etiam
787 3153 910 3207 aliorum
929 3148 1011 3204 codd.
1030 3148 1182 3214 aberrant;
1206 3145 1285 3203 Oxx.

216 3243 288 3320 Εχψ
310 3255 349 3311 et,
372 3246 396 3302 ai
410 3245 486 3302 Gzic
510 3243 619 3305 credas,
643 3255 743 3295 omnes
760 3237 823 3292 eius
839 3238 865 3289 in
882 3251 966 3288 carcaa
983 3231 1045 3302 (sed
1064 3248 1101 3284 ex
1119 3230 1179 3285 Erl.
1197 3247 1287 3303 appa·

157 3380 160 3386 ,
217 3337 272 3398 ret,
296 3330 366 3402 quid
390 3329 516 3402 deSpir.
541 3337 570 3382 et
591 3320 806 3380 fortasseGud.
821 3320 838 3373 2
856 3314 1041 3372 iudicandum
1065 3314 1126 3385 ait).
1161 3313 1287 3380 Marsua,

218 3421 253 3470 ut
269 3414 337 3479 MR,
361 3415 414 3469 has
433 3430 520 3469 voces
536 3409 658 3474 omittit3
681 3413 794 3461 veteres
812 3401 875 3456 edd.
893 3398 1024 3469 reliquae
1041 3397 1149 3452 habent
1170 3401 1198 3452 in
1220 3415 1287 3464 com,

218 3498 297 3571 quod
321 3497 494 3571 corrigendo
517 3505 615 3549 natum
640 3499 693 3545 est.
736 3486 867 3559 Digitum
891 3481 1040 3555 porrigere
1064 3480 1099 3536 de
1122 3481 1237 3536 actione
1259 3489 1289 3535 et

217 3601 310 3658 opera
333 3583 453 3638 minima
476 3581 513 3635 ab
536 3577 606 3650 ipsis
625 3571 731 3630 Stoicis
754 3569 809 3623 dici
833 3566 960 3624 solebat:
985 3564 1043 3620 vid.
1057 3565 1136 3620 Plut.
1150 3562 1288 3622 deStoic.

218 3667 354 3741 Repugn.
382 3668 420 3722 26
446 3685 472 3737 p.
500 3663 577 3716 1046
602 3657 639 3720 C,
668 3655 734 3710 adv.
765 3651 853 3707 Stoic.
877 3649 896 3703 8
924 3667 951 3721 p.
979 3648 1056 3702 1061
1082 3648 1115 3703 F.
1165 3646 1289 3721 Aliquot

219 3751 355 3808 versibus
379 3758 446 3824 post
468 3748 496 3802 in
520 3741 618 3797 verbis
633 3741 747 3810 suturae
764 3742 828 3807 post
849 3741 957 3787 mortem
972 3734 1068 3802 sumne
1090 3741 1176 3786 tamen
1198 3732 1289 3805 parti·

220 3835 288 3892 cula
305 3846 391 3891 tamen
404 3831 502 3903 (video
519 3825 594 3881 cuim
614 3820 717 3889 errari)
733 3817 769 3872 ad
790 3816 818 3870 id
837 3815 931 3888 ipsum
948 3815 1084 3883 refertur,
1108 3816 1185 3888 quod
1202 3815 1289 3873 huius

218 3919 317 3978 lamae
340 3917 438 3973 nullus
461 3913 497 3967 ad
520 3926 572 3963 nos
594 3905 706 3961 fructus
730 3897 889 3972 perveniat.
933 3897 1023 3955 Recte
1047 3898 1192 3958 Bremiua.

309 4004 358 4059 58.
381 4000 464 4072 scapi
484 3995 587 4066 osfim'o,
609 4005 668 4042 com
690 3986 720 4040 id
740 3984 856 4055 officium
878 3999 925 4037 aec
946 3984 973 4036 in
996 3982 1069 4037 donia
1087 4001 1222 4056 ponamua
1243 4002 1289 4041 aec

220 4093 249 4145 in
265 4088 360 4157 malis)
371 4081 415 4161 [id
432 4088 484 4143 est,
504 4087 728 4147 quamquam-
744 4060 903 4141 ponimus]
927 4063 1075 4134 Officium,
1093 4055 1128 4121 τὸ
1146 4064 1288 4141 καθῆκον,

221 4172 315 4231 Stoici
339 4170 381 4225 sic
404 4161 544 4219 definiunt
560 4164 590 4210 et
605 4149 781 4217 describunt,
805 4156 838 4203 ut
859 4147 985 4223 primum
1007 4149 1060 4220 rei,
1083 4168 1169 4224 quam
1191 4151 1289 4210 facere

221 4258 390 4316 debeamus,
405 4258 441 4302 et
466 4242 550 4297 huius
567 4235 658 4309 ipsius
676 4232 832 4289 debitionis
849 4232 1008 4301 notionem,
1031 4253 1118 4308 quam
1135 4254 1188 4294 nos
1205 4255 1289 4312 prae.

222 4342 308 4416 cipue
332 4346 478 4391 tenemus.
506 4343 521 4368 a
552 4339 583 4360 ’Δ
610 4317 688 4372 facta
715 4333 771 4371 non
795 4315 950 4374 admodum
974 4319 1163 4396 distinguant.
1208 4322 1289 4380 Deli.

222 4426 310 4481 niunt
332 4418 459 4492 igituro
661 4383 820 4456 bisancos
843 4393 872 4456 ir
892 4399 929 4476 τῇ
952 4397 1025 4477 ζωῇ,
1047 4391 1064 4459 ὃ
1085 4395 1221 4481 πραχθὲν
1244 4395 1289 4464 ὥ.
