3030 5086
280 466 342 532 282
670 482 714 529 un
736 482 867 529 ruimus
889 482 961 528 aon.

280 663 375 716 rum‘·
413 651 496 717 Satis
518 659 567 716 est
589 650 643 715 tibi
666 651 696 715 in
719 657 758 728 te,
781 649 857 715 satis
880 649 1062 730 tolegium,
1085 649 1162 714 satis
1184 650 1215 714 in
1234 649 1355 714 medio·

280 753 382 817 eribus
404 753 546 818 amicitiis
569 752 732 833 praesidii,
754 751 816 815 iam
838 750 993 816 contemni
1014 769 1076 831 non
1093 751 1225 832 poteris3
1249 751 1356 816 odium

351 961 371 1006 1,
389 956 450 1023 autes
468 963 489 1005 et
507 955 531 1004 in
549 954 636 1021 lapibus
656 957 677 1004 R
711 956 772 1005 autea
790 965 811 1005 et
829 956 853 1004 in
870 954 930 1006 med.
952 955 1049 1004 PMctt
1084 959 1107 1004 2.
1126 953 1208 1010 arnict'e
1227 955 1248 1003 L
1280 971 1355 1019 prae·

278 1022 363 1073 eidiurn
383 1038 479 1083 omues,
499 1024 542 1073 Or.
578 1032 722 1074 contemnere
740 1023 860 1074 LPMOR

280 1194 387 1255 Gaium
411 1206 435 1253 et
457 1206 524 1270 post
546 1199 629 1266 sotis,
653 1197 732 1271 quod
755 1196 864 1254 omittit
886 1197 974 1253 etiarn
999 1196 1078 1271 Spir.
1103 1192 1156 1275 [B]
1180 1205 1208 1252 et
1232 1193 1289 1254 Ox.
1312 1206 1354 1266 ψ,

280 1277 323 1350 Εξ
345 1281 493 1337 habebant
515 1285 541 1338 r'n
564 1283 664 1355 lepidus
685 1292 711 1338 et
732 1285 758 1338 in
780 1282 965 1339 rnediocribus.

362 1365 508 1440 praecidit)
531 1365 623 1424 Codd.
647 1385 748 1424 omnes
770 1367 899 1423 omnium
922 1364 1036 1442 (Grut,
1059 1365 1148 1435 Dav,
1167 1362 1257 1434 Oxx,
1275 1362 1355 1434 Gaii,

280 1447 346 1531 [Bp
372 1453 556 1525 praesidium,
586 1451 643 1508 nisi
671 1451 749 1525 quod
773 1453 908 1526 praesidii
934 1451 963 1507 in
993 1469 1049 1526 mg.
1078 1448 1158 1508 Crat.
1185 1458 1354 1517 annotatur,

279 1555 354 1611 quae
383 1536 407 1592 si
436 1536 602 1593 emendatio
625 1546 670 1593 est
697 1537 759 1608 (eod
782 1536 934 1593 scribitur:
958 1537 1108 1611 praesidii:
1136 1537 1190 1592 iam
1217 1537 1355 1605 contemni,

279 1621 334 1678 hoc
358 1621 512 1696 posterius,
535 1640 589 1696 pro
611 1632 782 1689 contemnere,
806 1639 876 1678 sane
899 1640 915 1677 a
935 1620 1020 1693 cod),
1043 1638 1114 1676 vera
1136 1627 1181 1676 est
1202 1628 1232 1676 et
1254 1637 1356 1676 neces·

279 1706 372 1773 saria,
407 1724 494 1780 quam
522 1715 601 1764 recte
629 1708 666 1762 ab
694 1707 774 1764 Aldo
802 1706 838 1762 ad
869 1705 1037 1762 Ernestium
1066 1705 1199 1780 plerique
1227 1704 1355 1762 editores
1406 1768 1409 1773 4

279 1791 372 1849 secuti
395 1800 473 1849 sunt.
507 1790 583 1848 Nam
608 1791 662 1849 etsi
686 1800 752 1848 sunt
776 1790 889 1865 aliquot
906 1791 1080 1866 scriptorum
1096 1790 1267 1847 Latinorum
1286 1788 1354 1858 loci,

279 1877 309 1933 in
333 1876 447 1950 quibus,
471 1895 536 1933 oum
554 1886 653 1952 posset
670 1880 737 1933 eutis
754 1894 818 1932 cunr
837 1875 1022 1933 substantivo
1041 1873 1189 1952 coniungi,
1211 1873 1356 1931 retinetur

279 1960 478 2018 nominativus
505 1970 554 2017 aut
583 1961 767 2018 accusativus
790 1960 981 2031 substantivi,
1011 1969 1043 2016 ut
1071 1963 1138 2017 entia
1166 1958 1203 2016 ad
1232 1959 1355 2015 verbum

280 2064 345 2104 cum
369 2045 553 2103 substantivo
576 2046 762 2103 coniunctum
786 2045 962 2121 adiungatur
984 2046 1178 2122 (Verg.Aen.
1200 2044 1258 2114 XI,
1283 2043 1355 2113 366,

281 2130 369 2189 Ovid.
394 2131 513 2187 Metam.
536 2131 595 2200 III,
617 2132 685 2201 149,
709 2131 825 2188 Lucret.
849 2131 873 2199 I,
895 2132 966 2200 241,
989 2130 1040 2188 ubi
1062 2127 1355 2187 animadvertendum

280 2225 332 2284 est,
357 2234 414 2271 non
438 2215 495 2271 dici
518 2215 666 2272 absolute:
690 2225 777 2272 tortus
799 2219 867 2272 sctis
889 2226 956 2273 esset
977 2235 1070 2286 causa,
1094 2215 1160 2272 sed:
1184 2216 1356 2271 tentassetis

280 2311 347 2358 esset
369 2319 454 2357 efuueo
476 2302 533 2371 leti,
563 2301 591 2357 id
615 2311 674 2371 est,
703 2301 792 2357 letum
820 2301 892 2358 satis
920 2300 1065 2372 efficeret,
1093 2298 1155 2359 Cic.
1178 2299 1214 2356 de
1237 2299 1353 2357 lucent.

281 2387 327 2455 ll,
356 2386 428 2442 113:
457 2406 518 2441 rrum
541 2388 594 2442 iarn
616 2389 684 2443 entis
701 2406 755 2460 pro
777 2405 819 2452 co,
848 2387 922 2460 quod
936 2388 1048 2459 ‚fecerim
1078 2387 1159 2442 bonos
1182 2384 1289 2442 babitus
1311 2387 1364 2467 eit,⁸

279 2469 330 2527 ubi
355 2470 541 2526 manifestum
565 2480 618 2535 est,
639 2473 761 2527 torrorem
784 2471 881 2527 babere
903 2471 987 2544 quasi
1008 2490 1064 2547 pro
1087 2489 1145 2527 una
1167 2487 1240 2526 voce
1262 2469 1355 2544 poni),

279 2565 376 2612 tamen
401 2574 435 2611 ea
458 2555 533 2612 ratio
556 2556 593 2611 ad
616 2556 689 2613 alios
707 2555 787 2614 locos
805 2548 910 2631 prosae
927 2556 1070 2612 orationis
1088 2555 1263 2630 scriptorum
1283 2572 1355 2628 qua·

280 2649 365 2697 tenus
388 2639 547 2714 pertineat,
578 2660 645 2697 mox
669 2641 847 2708 videbirnus;
875 2641 912 2697 ad
935 2641 1013 2697 hunc
1035 2651 1113 2697 carte
1136 2658 1193 2697 non
1217 2639 1355 2714 pertinet.

221 2767 223 2771 -
279 2724 309 2782 iu
333 2744 391 2799 quo
414 2725 579 2782 necessario
601 2729 669 2783 entia
690 2743 755 2782 cunr
775 2744 846 2782 voce
864 2728 1000 2801 praesidii
1020 2726 1162 2783 conflatur
1183 2733 1211 2781 et
1234 2733 1356 2799 propter

279 2810 453 2867 seutentiam
471 2810 636 2884 (quaeritur
657 2810 743 2880 enim,
767 2811 876 2867 satisne
900 2830 1036 2887 magnum
1060 2810 1237 2885 praesidium
1258 2808 1308 2882 sit)
1325 2818 1355 2866 et

279 2905 401 2970 propter
428 2896 584 2952 verborum
618 2896 749 2952 ordinem
783 2895 936 2971 ipsamque
969 2896 1149 2971 anaphoram
1178 2903 1207 2951 et
1235 2902 1357 2970 propter

282 2980 361 3036 verbi
390 2978 520 3036 adiuncti
542 2999 649 3056 genns;
679 2999 745 3036 num
774 2980 810 3036 ad
839 2980 949 3037 nudum
978 2982 1098 3038 uerbum
1128 2979 1356 3050 substantivum,

279 3065 378 3122 addito
401 3065 489 3121 etiam
513 3065 612 3122 dativo
635 3066 695 3136 tibi,
724 3065 892 3130 adiunctum
915 3069 983 3123 satis
1005 3064 1170 3123 necessario
1194 3065 1269 3122 hanc
1291 3061 1355 3121 effi·

279 3149 337 3206 ciat
359 3150 533 3206 sententiam
557 3150 671 3208 abhoc
694 3151 760 3207 loco
782 3150 1006 3207 alienissimam:
1031 3153 1200 3226 praesidinm
1228 3150 1276 3206 riti
1296 3150 1356 3223 sus·

272 3236 346 3309 ficit,
375 3235 442 3290 rn'lril
463 3245 575 3310 praeter
599 3236 767 3310 praesidium
790 3239 920 3310 requirit,
949 3255 1007 3293 non
1030 3236 1119 3294 hanc:
1149 3236 1251 3292 nullum
1278 3234 1357 3292 abad

273 3322 452 3395 praesidinm.
484 3320 589 3393 Itaque
613 3340 647 3376 eo
671 3320 767 3378 minus
789 3320 922 3378 dubitari
938 3323 1073 3397 praesidii
1086 3320 1252 3390 restituere,
1275 3318 1356 3393 quod

279 3405 366 3462 etiarn
390 3404 418 3460 in
443 3404 582 3479 perbonis
598 3405 757 3476 codicibus,
781 3423 846 3462 cunt
864 3406 983 3463 brevior
998 3405 1127 3482 genetivi
1144 3404 1240 3462 forma
1257 3407 1355 3479 (prue-

278 3491 343 3563 sr'd')
371 3489 557 3565 ignoraretur
585 3500 613 3546 et
642 3489 756 3566 syllaba
778 3491 843 3547 uoci
871 3491 972 3549 deesse
999 3499 1166 3566 putaretur,
1200 3509 1258 3547 non
1286 3507 1355 3547 raro

277 3575 409 3632 additum
438 3584 483 3632 est
510 3596 569 3646 ern,
598 3585 628 3632 ut
658 3576 746 3650 paulo
769 3587 836 3633 ante
860 3580 874 3646 ξ
894 3578 932 3634 69
961 3578 1039 3633 aliud
1059 3580 1190 3650 rrepotiunr
1212 3576 1279 3632 nitit
1299 3592 1355 3651 pro

278 3663 365 3732 nepoti
391 3660 531 3735 scripturn
560 3671 623 3717 erat
651 3656 693 3740 [et
721 3661 800 3734 opud
827 3661 944 3718 Livium
972 3662 1083 3724 XXII,
1115 3664 1153 3718 14
1182 3669 1258 3718 extr.
1288 3659 1352 3716 cod.

278 3745 448 3802 l'uteaneus
465 3745 567 3802 habet:
587 3748 612 3802 ar'
626 3748 753 3803 militarie
768 3748 928 3820 srrffrnqiurn
944 3767 987 3804 res
1004 3742 1095 3825 esset}
1129 3745 1215 3819 Quod
1233 3745 1268 3802 de
1287 3744 1354 3801 aliis

277 3830 350 3887 locis
373 3830 545 3906 significavi,
568 3831 694 3905 primum
717 3831 957 3905 reprehendenda
979 3832 1236 3907 grammaticorum
1260 3830 1354 3903 (velut

278 3915 466 3973 Ramshornii
495 3923 522 3971 et
551 3916 661 3973 Klotzii
691 3917 728 3972 ad
758 3916 837 3973 Lael.
862 3919 915 3990 45)
943 3917 1049 3992 supina
1071 3915 1271 3993 neglegentia,
1302 3914 1353 3989 qui

278 4000 394 4058 Livium
419 4001 477 4070 Vl,
505 4001 558 4071 ts,
585 4002 637 4058 10:
666 4003 738 4058 vobis
760 4004 889 4058 urentium
912 4006 979 4059 sotis
1002 4013 1041 4060 est
1068 4022 1121 4077 pro
1143 4003 1241 4058 annin
1261 4000 1354 4075 scrip·

278 4086 350 4143 sisse
373 4095 508 4156 narrant,
538 4086 621 4160 quasi
650 4087 690 4143 ibi
714 4087 848 4144 tribunus
877 4097 1030 4162 queratur,
1060 4098 1118 4144 tam
1148 4085 1233 4161 parvi
1262 4085 1354 4142 animi

277 4189 341 4227 osse
364 4171 504 4246 plebeios,
528 4182 559 4227 ut
576 4171 648 4229 satis
665 4172 768 4229 auxilii
792 4173 920 4229 habeant
943 4173 1084 4230 adversus
1103 4171 1252 4247 patricios,
1276 4189 1354 4228 novo

277 4264 305 4311 et
329 4256 460 4312 inaudito
483 4257 566 4330 parri
590 4257 679 4314 animi
702 4255 817 4317 effectu.
864 4258 1039 4334 Indignatur
1062 4276 1126 4328 eos,
1155 4257 1179 4314 si
1209 4255 1352 4313 auxilium

277 4340 418 4409 habeant,
447 4352 600 4399 contentos
624 4361 701 4407 esse,
730 4353 878 4418 tamquam
901 4343 1056 4401 inferiores
1079 4352 1108 4400 et
1130 4343 1167 4399 ad
1190 4341 1352 4417 parendum

278 4435 371 4491 natos,
390 4425 461 4481 nibil
480 4437 632 4501 praeterea
649 4427 808 4501 requirere.
828 4429 993 4486 ·Monuerat
1010 4429 1068 4486 iam
1082 4425 1353 4486 Drakenborchius.
