3030 5086
349 501 392 547 nu
415 501 496 547 man.
519 501 581 547 rue.
606 503 627 549 v
649 503 722 549 cau.
744 505 852 551 ao-ar.
868 502 1000 564 (sa-ss.)
1149 483 1221 550 teo.

136 670 264 736 tatibus.
308 669 390 733 Nam
411 675 468 735 aut
489 667 635 748 privatim
656 668 774 750 aliquid
795 688 905 751 gerere
927 669 1047 735 malmrt
1067 675 1137 748 aut,
1160 669 1211 750 qui

135 771 249 838 altiore
270 770 375 838 animo
397 776 484 848 sunt,
507 776 678 851 capessunt·
696 787 763 836 rem
785 769 1133 851 publicamhononibus
1154 769 1211 835 im·

139 871 297 953 periisque
318 871 537 952 adipiscendis,
559 879 615 936 aut
631 878 714 937 totos
731 890 767 937 se
782 872 823 936 ad
840 872 945 939 studia
961 871 1211 938 doctrinaecon·

137 971 257 1051 ierunt.;
280 991 349 1054 qua.
364 973 395 1037 in
419 974 483 1039 vita
498 973 727 1045 tantumabest
741 979 781 1039 ut
792 973 969 1053 voluptates
985 979 1211 1052 consectentur,

137 1074 232 1140 etiam
244 1092 346 1154 curas,
364 1074 596 1154 sollicitudines,
612 1073 734 1156 vigilias
744 1072 915 1155 perierunt,
933 1074 1111 1156 optimaque
1121 1080 1213 1155 parte
1229 1076 1258 1141 b.

137 1174 281 1252 hominis,
304 1193 385 1255 quae
406 1175 438 1240 in
455 1176 545 1241 uobis
564 1176 666 1243 dimna
684 1176 827 1241 ducende
843 1180 900 1254 est,
923 1175 1037 1256 ingenii
1054 1182 1086 1241 et
1100 1175 1214 1241 mentis

137 1277 204 1341 acie
224 1273 380 1356 iniuntur,
408 1296 464 1342 nec
486 1278 676 1358 voluptatem
699 1276 893 1359 requirentes
916 1295 972 1341 nec
993 1275 1146 1357 fugientes
1167 1277 1212 1342 la·

138 1378 258 1456 borsm;
276 1396 332 1442 nec
344 1397 418 1442 vero
435 1378 643 1444 intermittunt
659 1383 715 1442 aut
730 1378 968 1444 admirationem
980 1396 1088 1444 earum
1099 1396 1212 1457 rerum,

136 1498 218 1561 quae
235 1486 308 1543 aunt
323 1479 364 1543 ab
376 1479 512 1560 antiquis
523 1487 676 1560 repertae,
692 1485 748 1543 aut
764 1479 1033 1560 investigationem
1046 1498 1212 1558 novmum3

136 1598 199 1662 quo
223 1580 326 1645 studio
347 1598 414 1644 cum
437 1581 547 1646 satiari
570 1600 632 1645 nou
654 1589 795 1661 possunt,
818 1581 955 1645 omnium
971 1587 1146 1646 ceterarum
1162 1599 1212 1646 re-
1233 1584 1274 1648 10

139 1700 208 1746 rum
225 1681 310 1746 obliti
328 1681 404 1745 nihil
420 1683 583 1760 abiectum,
601 1682 675 1746 nihil
693 1682 807 1747 humile
823 1683 976 1764 cogitam
998 1689 1150 1765 tantaque
1166 1690 1213 1748 est

138 1783 186 1848 vis
198 1782 312 1849 talibus
323 1783 355 1847 in
367 1783 490 1861 studiis,
506 1791 542 1847 ut
557 1801 612 1848 eos
629 1785 731 1864 etiam,
748 1784 801 1865 qui
818 1784 875 1849 sibi
892 1784 971 1849 ahos
983 1790 1214 1865 proposuerunt

136 1884 216 1951 fines
239 1885 399 1963 bonorum,
422 1903 501 1965 quos
524 1884 658 1949 utilitate
680 1893 734 1949 aut
751 1886 913 1966 voluptate
935 1885 1087 1967 dirigunt,
1110 1892 1213 1950 tamen

138 1987 169 2052 in
192 1986 286 2052 rebus
304 1987 492 2066 quaerendis
510 1985 761 2067 explicandisque
777 1986 899 2049 naturis
916 1992 1036 2052 aetates
1053 1994 1214 2052 conterere

139 2088 308 2152 videamus.
1231 2092 1271 2156 15

224 2188 308 2253 XXI.
330 2189 381 2253 58.
410 2188 493 2269 Ergo
517 2188 575 2254 hoc
596 2188 721 2269 quidem
743 2195 891 2268 apparet,
920 2206 976 2253 nos
997 2189 1037 2253 ad
1059 2188 1213 2268 agendum

137 2308 209 2355 esse
231 2297 330 2354 natos
355 2289 518 2354 Actionum
546 2296 650 2354 autem
677 2307 793 2369 genera
821 2289 926 2369 plura,
953 2295 989 2353 ut
1010 2288 1214 2354 obscurentur

213 2482 231 2527 1.
251 2474 388 2538 diiquodE
441 2482 463 2526 4.
483 2475 539 2538 queis
558 2476 620 2523 irrP
674 2481 697 2525 b.
715 2485 741 2525 at
758 2476 827 2525 etiam
847 2475 892 2524 Lu
925 2473 1103 2524 solitudinesE
1136 2480 1214 2540 perse·

139 2543 236 2592 santii
290 2547 311 2594 7.
331 2560 372 2593 uec
440 2543 583 2606 requirentes
602 2545 692 2592 omli
732 2543 862 2609 voluptates
882 2570 919 2589 -·
932 2542 1065 2593 iaboresC
1118 2549 1141 2595 8.
1160 2560 1214 2593 uero

141 2612 217 2660 nostri
232 2611 361 2660 ordinat?
404 2627 479 2659 renem
499 2626 539 2659 om
567 2611 587 2659 P
640 2617 663 2660 9.
682 2620 736 2659 suut
752 2613 796 2660 aab
813 2611 918 2675 anitiquis
936 2613 959 2660 E
1003 2609 1213 2678 iuvestiqotiouilt]

138 2685 182 2797 olto.
199 2679 277 2796 stussm
295 2679 468 2729 comecias-ib
503 2679 580 2728 studio
598 2688 675 2728 tameo
692 2679 819 2729 samri?
863 2685 899 2728 11.
920 2680 1072 2730 οὸιίοωηιΕ
1120 2685 1156 2730 1¹2.
1175 2695 1215 2728 eos

180 2765 220 2811 qm
257 2777 264 2796 s

225 2922 284 2960 cam
311 2905 410 2959 satiari
435 2921 486 2958 uon
512 2902 638 2976 possunt)
666 2903 732 2960 Hoc
759 2903 782 2960 si
812 2913 890 2959 recta
918 2903 1059 2979 scriptum
1088 2913 1144 2963 ast.
1173 2902 1215 2959 ita

139 2989 296 3045 coniuncta
319 2997 364 3043 est
386 2988 526 3062 temporis
550 2996 579 3043 et
602 3005 706 3043 causae
729 2988 919 3063 significatio,
949 2997 981 3044 ut
1009 2988 1062 3045 illa
1088 2987 1214 3044 emineat

140 3075 261 3146 (indens),
285 3073 320 3129 de
343 3090 400 3145 quo
424 3091 531 3146 genere
554 3072 614 3128 dixi
638 3071 674 3127 ad
693 3072 718 3137 I,
736 3073 782 3130 10.
817 3074 927 3130 Varum
946 3073 988 3130 sic
1011 3072 1125 3133 dicitur,
1149 3090 1214 3129 cum

140 3157 211 3232 quid
241 3176 276 3213 ex
308 3156 487 3230 annulique
510 3158 624 3214 actione
646 3156 711 3231 ipso
734 3157 858 3214 actionis
881 3166 1013 3232 tempore
1036 3156 1216 3232 intellegitur

139 3245 211 3318 (cum
234 3243 282 3298 hoc
304 3244 381 3310 dicis,
404 3244 540 3315 ripoificas
562 3243 644 3314 cet),
673 3242 751 3315 quod
774 3242 804 3298 in
828 3242 903 3299 hunc
926 3243 1022 3299 locum
1047 3260 1103 3298 non
1126 3242 1213 3300 cedit.

140 3328 244 3402 Itaque
267 3327 354 3384 credo
377 3327 545 3384 Ernestium
569 3338 647 3383 recte
670 3327 822 3402 scripsisse
841 3331 961 3402 possirrt3
991 3345 1057 3382 nam
1081 3330 1214 3401 quaritur.

140 3413 219 3487 quod
242 3412 313 3470 Otto
337 3413 449 3486 posuit,
478 3412 525 3468 hic
548 3412 644 3469 minus
665 3422 766 3486 aptum
790 3422 849 3481 est;
878 3430 972 3485 noque
1000 3411 1077 3467 enim
1100 3412 1216 3468 occasio

140 3497 295 3555 iudicatur.
340 3497 435 3553 Paulo
458 3507 525 3572 post
549 3496 688 3554 Davisius
710 3496 799 3554 scribi
825 3496 952 3554 malebat
973 3500 1000 3553 iu
1023 3516 1111 3553 rerum
1133 3517 1215 3571 quoe·

140 3584 232 3640 randis
259 3584 479 3657 explicandisque
501 3586 621 3652 nataris,
650 3581 757 3639 vitioso
781 3582 936 3638 verborum
966 3582 1068 3638 ordine
1096 3591 1126 3638 et
1152 3582 1216 3638 sine

140 3667 202 3725 ulle
224 3685 327 3736 causa;
358 3686 425 3724 nam
449 3676 481 3722 ut
503 3671 614 3740 aequitio
635 3686 724 3724 rerum
747 3666 918 3742 saepissime
942 3667 1077 3722 universe
1100 3666 1215 3733 dicitur,

141 3753 184 3810 sic
206 3752 294 3810 etiam
318 3755 345 3808 io
367 3754 446 3809 rebus
468 3754 630 3826 qtcoereudis
652 3763 755 3826 tempus
776 3762 916 3813 conterere,
943 3770 996 3807 nec
1019 3751 1114 3808 minus
1137 3760 1216 3808 recte
1268 3763 1271 3770 '

140 3847 255 3894 naturae
277 3837 411 3894 absolute
435 3837 470 3893 de
493 3837 672 3913 singularum
696 3856 793 3893 rerum
818 3836 1055 3911 proprietatibus.

227 3921 299 3997 Cep.
312 3922 401 3992 XXI,
415 3923 464 3979 58.
488 3923 627 3978 Actionem
644 3932 732 3978 autem
746 3941 845 3995 periero
857 3922 955 3996 plima)
971 3921 1069 3977 Verba
1081 3920 1217 3995 proxima

141 4007 294 4082 superiore
322 4009 396 4081 (erqo
423 4009 471 4064 hoc
498 4009 606 4081 quidem
633 4017 748 4081 apparet
775 4011 845 4078 cet.)
867 4005 1083 4063 conclusionem
1107 4005 1216 4062 hebent

141 4092 206 4149 eins
222 4092 439 4166 disputationis,
457 4109 543 4163 quam
557 4091 654 4161 Piso§
669 4092 708 4148 55
726 4091 907 4158 institueram
925 4090 955 4146 in
974 4089 1215 4165 partienlsoutem

141 4176 283 4234 transitur
316 4176 352 4233 ad
383 4195 489 4233 novam
517 4176 760 4250 disputationem,
794 4193 870 4250 quae
903 4175 983 4232 illam
1017 4175 1213 4248 consequitur.

141 4262 246 4336 ltaque
265 4272 397 4336 apparet,
421 4261 529 4318 assumi
547 4270 618 4329 sunt,
642 4279 709 4323 non,
734 4269 766 4317 ut
784 4259 877 4318 Gzius
896 4260 1027 4336 putabat,
1051 4260 1216 4336 esuperio-

140 4346 222 4403 ribus
239 4365 310 4415 esse;
334 4365 387 4402 nec
410 4364 446 4402 ex
469 4365 525 4402 esse
542 4355 619 4402 octos
636 4346 673 4402 ad
688 4364 787 4419 panaro
806 4347 890 4420 phua
906 4344 1002 4402 audiri
1020 4354 1135 4420 poterut
1151 4365 1216 4403 esse.
1248 4420 1252 4426 Ι

140 4430 220 4490 Illud
243 4432 364 4489 verbum
382 4433 468 4506 (aunt)
490 4430 520 4487 in
543 4430 710 4488 huiusmodi
733 4429 880 4487 sententia
895 4428 981 4488 initio
1004 4430 1100 4506 posite
1121 4429 1218 4488 duris·

979 4547 1012 4594 ts
