3030 5086
283 479 346 544 302
674 497 719 541 ns
741 495 873 543 ursinus
896 497 969 541 sou.

326 663 361 726 Ε
380 665 558 744 viperino
581 682 708 727 morsu
731 682 849 728 venae
872 663 1063 727 viscerum

327 766 482 829 Veneno
505 765 673 828 imbutae
696 770 845 829 taetros
868 765 1066 828 cruciatus
1089 765 1205 829 cientl

283 868 333 933 Sic
344 867 513 947 Epicurus:
533 865 723 937 „Philocteta
740 867 782 930 stl
804 865 916 930 Brevis
927 867 1044 930 dolor.“
1070 869 1110 930 ht
1127 867 1189 930 iam
1207 866 1359 931 decimum

356 1062 375 1105 1.
394 1054 419 1102 Ε
436 1067 592 1109 omomnee,
610 1053 653 1102 Or.
690 1057 711 1100 8.
732 1052 771 1103 Sit
794 1052 972 1120 Apamam.
1009 1050 1144 1102 Philocteta
1158 1053 1182 1103 ei
1198 1052 1274 1103 breuis
1291 1053 1360 1103 dolor

282 1122 341 1172 tene
362 1121 427 1189 [affl
464 1120 611 1170 Philocteta:
630 1119 662 1172 si
676 1120 759 1186 provr'a
776 1053 851 1181 dolor,
871 1121 946 1170 meets
965 1120 1126 1172 LPMCltOr.

282 1295 361 1371 apud
385 1294 518 1352 Solinum
542 1303 572 1350 et
594 1294 751 1369 Vegetium
783 1302 812 1350 et
834 1294 909 1351 alios
932 1305 961 1351 et
983 1296 1071 1369 lapilli
1089 1298 1260 1369 praecantari
1280 1295 1359 1370 apud

282 1381 465 1437 Petronium.
500 1379 625 1434 Easdem
638 1377 820 1437 Graecorum
840 1397 904 1436 esse
927 1368 1044 1449 ἐπῳδάς
1066 1380 1157 1436 verbo
1179 1380 1358 1455 significasse

282 1466 355 1521 satis
378 1474 430 1521 est.
475 1466 655 1521 Praeceneare
671 1483 708 1519 ex
728 1467 908 1538 praecinendo
931 1464 972 1532 fit,
995 1473 1028 1518 ut
1050 1476 1185 1521 acceptare
1202 1468 1358 1537 (accentus),

283 1550 338 1607 etsi
355 1549 412 1606 luit
423 1549 510 1605 etiam
524 1568 662 1624 praecone
673 1549 764 1623 (quod
776 1549 908 1606 Lucilius
919 1548 997 1623 apud
1010 1549 1139 1606 Nonium
1158 1569 1185 1625 p.
1202 1550 1260 1606 102
1273 1550 1359 1606 aliter

282 1635 402 1710 posuit),
426 1643 458 1690 ut
480 1645 524 1691 est
546 1653 651 1702 occano,
675 1644 705 1690 et
722 1645 879 1708 praecauto,
902 1644 935 1690 ut
953 1633 1065 1691 Statius
1082 1635 1157 1691 dixit
1174 1645 1292 1691 nocareto.
1327 1635 1361 1691 Si
1439 1698 1440 1701 Ἴ

278 1731 367 1796 potest
389 1721 426 1776 ad
449 1720 544 1793 ipsum
568 1718 702 1776 effectum
729 1720 861 1775 medendi
883 1719 1019 1775 refertur.
1056 1719 1188 1777 Verbum
1211 1738 1310 1776 rarum
1330 1730 1360 1776 et

282 1806 438 1863 obscurum
456 1805 594 1860 librarius
607 1804 670 1861 cod.
686 1804 750 1860 Pal.
768 1807 781 1860 1
802 1805 900 1861 omisit
912 1812 1036 1873 retenta,
1055 1823 1130 1878 quae
1142 1813 1278 1880 separata
1296 1815 1359 1860 erat

282 1893 328 1962 (ut
349 1891 378 1946 in
402 1890 466 1946 cod.
490 1889 596 1962 vict),
625 1889 799 1964 syllahaet;
828 1889 857 1944 in
886 1889 986 1945 codice
1015 1888 1193 1946 deteriorum
1215 1889 1357 1965 principe,

282 1975 404 2032 retentis
427 1975 533 2031 litteris
551 1974 664 2048 aliquot
682 1976 810 2048 (petente)
828 1972 932 2031 effecta
952 1983 996 2030 est
1015 1992 1073 2030 vox
1088 1975 1194 2031 Latina
1210 1974 1358 2031 inferioris

282 2061 403 2128 aetatis;
426 2078 491 2115 nam
511 2071 542 2115 ut
560 2060 662 2126 nostri,
682 2078 738 2133 mg.
751 2058 842 2128 Crat,
865 2060 941 2116 Pell.
954 2059 1054 2129 ceteri,
1080 2058 1176 2128 „lere“
1192 2059 1358 2129 Davisiani‚

282 2144 360 2204 Oxx.
374 2147 583 2219 (competentur'p
597 2143 675 2202 Gud.
688 2154 820 2218 uterque,
834 2145 912 2212 Bas,
925 2145 991 2203 edd.
1005 2152 1076 2201 vett.
1088 2145 1359 2220 plures‚.postrema

281 2230 465 2288 Victoriana.
501 2231 547 2285 Ex
570 2228 747 2304 interpolato
771 2229 822 2285 illo
844 2239 1018 2304 cmopetenter
1040 2239 1064 2285 et
1086 2230 1185 2286 nescio
1208 2229 1275 2304 quis
1296 2230 1358 2286 edi·

282 2324 328 2372 tor
357 2315 467 2372 fecerat
495 2324 630 2389 oocuparet
657 2333 685 2370 se
712 2323 750 2378 et,
779 2314 857 2389 quod
886 2314 1016 2373 Orellius
1043 2314 1073 2371 in
1102 2315 1147 2370 ed.
1175 2316 1251 2371 Ven.
1277 2316 1357 2370 1480

279 2401 420 2475 repperit.
464 2400 580 2456 Deinde
608 2418 673 2455 cum
702 2397 772 2455 ferri
807 2418 864 2456 non
893 2409 992 2474 posset
1019 2410 1057 2469 et,
1091 2400 1143 2456 alii
1171 2399 1358 2456 scribendum

281 2485 483 2542 coniecerunt:
518 2489 568 2542 etsi
599 2487 659 2558 qui
685 2492 793 2558 potest?
825 2503 900 2558 quae
930 2485 1100 2542 coniectura
1132 2485 1162 2541 in
1191 2504 1247 2560 mg.
1276 2484 1357 2542 Crat.

281 2578 422 2626 annotata
444 2580 488 2626 est
516 2570 576 2644 (qai
597 2570 673 2626 Dav.
697 2569 787 2626 tradit
813 2571 842 2626 in
867 2569 912 2626 El.
937 2572 954 2626 2
978 2568 1083 2638 luisse,
1112 2568 1238 2626 fortasse
1262 2588 1315 2644 pro
1342 2573 1353 2626 l

282 2655 456 2730 appellans),
469 2656 520 2711 alii
533 2664 557 2712 et
568 2655 712 2722 delerant,
730 2673 822 2728 eaque
835 2655 981 2730 scriptura
993 2656 1140 2729 (comparet
1156 2674 1192 2721 se,
1211 2657 1236 2711 si
1247 2657 1357 2729 potest),

282 2758 357 2814 quae
380 2749 425 2796 est
447 2739 525 2814 apud
548 2739 679 2796 Marsum
703 2747 732 2795 et
755 2738 850 2810 Crat,
874 2740 941 2796 inde
965 2759 982 2796 a
1006 2740 1139 2796 Manutio
1161 2740 1199 2796 ab
1222 2739 1358 2796 omnibus

281 2832 349 2880 ante
378 2823 486 2882 Gaium
516 2832 633 2881 servata
661 2833 715 2882 est.
766 2825 894 2882 Enarrat
922 2825 1066 2884 Orellius:
1096 2825 1144 2893 „in
1173 2825 1357 2881 Philoctetae

280 2910 376 2967 locum
400 2928 431 2966 se
454 2909 605 2984 paulisper
627 2910 805 2985 cogitatione
828 2910 1016 2980 transferam
1040 2929 1097 2967 non
1121 2911 1272 2980 aberrans,
1295 2911 1357 2986 opi·

281 3013 344 3064 nor,
368 2995 405 3050 ab
428 2995 649 3070 interpolatoris
673 2996 834 3065 sententia3
857 2996 962 3052 Latine
985 2996 1103 3070 quidem
1126 2995 1155 3052 id
1173 2995 1215 3052 sic
1233 2994 1291 3051 dici
1308 3014 1357 3051 ne·

281 3080 354 3154 quit,
380 3098 433 3135 nec
455 3078 560 3138 Cicero
580 3079 740 3154 Epicurum
764 3080 859 3155 ipsum
883 3081 1034 3138 doloribus
1057 3098 1228 3155 oppressum
1247 3080 1358 3136 inducit

281 3176 310 3220 et
333 3165 375 3221 sic
398 3165 632 3239 experimentum
661 3183 731 3222 suae
760 3166 922 3239 sapientiae
946 3167 1124 3242 capientem,
1155 3165 1206 3222 sed
1228 3165 1359 3240 postulat

281 3251 318 3305 ah
342 3268 390 3314 eo,
415 3259 447 3305 ut
470 3249 536 3305 aliis
560 3250 727 3307 dolentibus
749 3250 905 3308 subveniat
928 3253 954 3321 (5
975 3253 1024 3319 93,
1050 3252 1098 3318 95,
1122 3251 1211 3308 Tuae.
1235 3251 1293 3319 111,
1317 3251 1356 3305 44

281 3334 430 3391 simillimo
459 3335 544 3407 loco).
589 3334 676 3407 Quod
699 3334 806 3406 Gaius,
835 3337 943 3394 Rathio
972 3337 1128 3406 evadente,
1158 3335 1292 3409 proxime
1320 3335 1357 3391 ad

279 3420 345 3476 Pal.
372 3423 385 3475 1
411 3419 516 3475 edidit:
545 3421 618 3476 Huic
640 3422 793 3495 Epicurus,
822 3424 847 3477 si
863 3432 964 3495 potest,
989 3432 1061 3491 cet,
1092 3431 1194 3489 tenue,
1226 3419 1303 3493 quod
1327 3421 1355 3475 in

280 3504 331 3561 illo
361 3505 425 3579 ipso
453 3506 552 3562 codice
581 3515 745 3581 supererat,
776 3506 931 3582 vestigium
956 3507 1017 3562 veri
1042 3506 1175 3574 sustulit;
1203 3524 1257 3561 nec
1285 3507 1357 3562 dccet

280 3590 480 3663 (coniunctivo
504 3590 601 3663 modo)
630 3591 726 3648 omitti
755 3600 885 3666 poterat,
914 3601 944 3649 et
970 3592 1102 3667 ineptum
1131 3601 1190 3647 ests
1218 3593 1305 3656 dicat,
1334 3594 1359 3645 si
1435 3603 1439 3609 ’

277 3685 371 3749 potest.
417 3674 476 3733 Sed
498 3675 571 3731 nihil
595 3695 668 3750 opus
691 3676 764 3732 haec
786 3674 892 3733 refelli.

366 3761 396 3815 E
416 3761 547 3834 viperino)
565 3759 834 3838 [Praepositionem
850 3761 986 3818 Baiterus
1004 3761 1116 3817 addidit
1133 3761 1248 3817 eTusc.
1262 3758 1303 3830 ΙΙ,
1319 3760 1355 3815 19

280 3856 309 3901 et
339 3844 416 3900 Non.
446 3865 472 3919 p.
492 3847 568 3914 324;
604 3864 656 3901 nec
685 3854 762 3915 crat,
796 3864 848 3902 cur
881 3865 945 3902 eam
974 3846 1078 3904 Cicero
1106 3846 1153 3902 hic
1181 3846 1356 3901 detraheret.

280 3930 339 3986 Sed
362 3931 439 4003 quod
463 3949 516 4003 pro
538 3935 583 3987 cni
603 3931 721 4005 scripsit
743 3950 812 4002 crem,
835 3940 951 4006 poterat
969 3930 1073 3989 Cicero
1096 3931 1144 3987 hic
1166 3931 1253 3987 aliter
1269 3938 1356 4003 atquc

279 4015 308 4070 in
333 4015 509 4071 Tusculanis
532 4034 635 4072 versus
658 4016 785 4073 orationi
808 4015 989 4094 annectere]

366 4100 412 4156 Sic
425 4102 574 4174 Epicur-as:
586 4102 735 4157 Philocteta
747 4104 811 4169 cet.)
822 4103 1000 4158 Vocativum
1014 4119 1077 4158 esse
1090 4101 1238 4157 Philocteta
1250 4109 1355 4155 etcum

279 4184 415 4241 irrisione
433 4185 531 4243 induci
545 4186 704 4260 Epicurum
718 4187 901 4243 Philoctetae
918 4198 1076 4261 praecepta
1093 4205 1146 4243 sua
1165 4186 1356 4260 ingerentem,

279 4270 344 4343 ipsa
362 4270 498 4326 vocabuli
518 4270 614 4327 forma
630 4271 788 4327 admonere
806 4272 934 4328 editores
952 4272 1066 4339 debuitc
1090 4290 1156 4326 nam
1175 4268 1358 4325 nominativo

279 4371 349 4410 casu
369 4355 473 4412 Cicero
496 4374 553 4412 non
579 4356 671 4430 magis
684 4358 834 4413 Philocteta
855 4357 932 4413 dixit
954 4376 1040 4430 quam
1063 4357 1158 4414 Oresta
1181 4364 1232 4421 aut
1255 4354 1357 4428 Scytha

279 4440 404 4513 (Scythes
427 4441 516 4499 Tusc.
543 4443 579 4510 V,
605 4442 657 4513 90)
679 4452 730 4498 aut
753 4443 885 4498 Abderita
908 4443 1062 4511 (Abderites
1084 4442 1168 4498 Brut.
1193 4441 1241 4506 30,
1266 4439 1304 4495 N.
1318 4439 1355 4495 l).
