3030 5086
470 486 514 533 ar
537 486 617 533 man.
640 486 704 533 um.
725 486 771 534 nn
794 486 867 535 cnr.
886 489 910 534 s.
926 484 1061 551 (as-an.)
1242 469 1308 536 391

224 653 293 720 inre
314 653 424 735 possit,
446 653 528 719 idem
551 654 592 719 de
613 653 679 718 vita
700 653 773 719 talis
795 653 856 719 viri
877 654 1050 720 rectissime
1072 653 1211 720 dicetur.
1256 655 1315 732 Ita,

142 798 154 815 ,
223 755 252 820 si
272 755 365 821 beata
388 756 453 820 vita
474 756 640 821 honestate
661 755 809 834 cernitur,
830 757 915 837 quod
932 753 1097 821 honestum
1114 762 1174 837 est,
1198 755 1232 822 id
1254 755 1312 822 bo-

225 875 300 921 nnm
328 855 428 922 solum
456 857 633 922 habendum
661 864 718 922 est
768 858 818 922 29.
843 857 925 938 Quid
947 858 1047 923 vero?
1076 857 1226 940 negarine
1248 856 1311 922 ullo

148 941 159 955 ’
222 959 317 1024 modo
338 958 448 1040 possit,
470 977 642 1039 aanrquam
659 976 847 1040 quemquam
865 958 969 1024 stabili
986 970 1018 1024 et
1034 957 1125 1024 firmo
1144 965 1177 1025 et
1195 975 1310 1041 magno

296 1167 316 1210 1.
335 1159 421 1211 duitor
439 1161 559 1212 LPMCR
599 1167 621 1210 2.
642 1161 746 1228 [lenuis
762 1163 867 1212 martur·
883 1160 919 1229 Δ]
957 1161 1034 1211 selum
1052 1161 1175 1212 huual:
1211 1167 1235 1210 8.
1260 1159 1312 1220 Qui

223 1245 281 1278 uero
290 1228 356 1280 EOr.
394 1229 459 1293 quod
471 1247 527 1279 uero
545 1231 619 1280 ceteri
656 1230 741 1294 asperi
755 1228 819 1280 nullo
837 1245 931 1290 omues,
950 1229 1036 1295 negari
1050 1228 1099 1279 ullo
1115 1229 1158 1279 Or.
1196 1236 1220 1279 4.
1241 1247 1308 1279 nura·

224 1312 370 1415 efficta,
390 1312 489 1357 omues,
508 1297 551 1347 Or.
605 1298 762 1362 quequursid
785 1315 852 1362 quem
874 1298 970 1362 mquam
989 1297 1040 1349 Μο
1064 1315 1131 1362 qm
1154 1314 1266 1362 mquam
1286 1299 1309 1348 R

228 1382 241 1414 s
303 1382 323 1414 a
357 1396 365 1414 ,

224 1535 309 1595 codd.
334 1537 495 1594 deteriores
517 1539 669 1612 (quattuor
692 1538 778 1607 Part,
803 1538 880 1598 Dav.
904 1548 974 1608 tres,
998 1536 1078 1598 Oxx.
1103 1538 1169 1614 Uip,
1192 1539 1309 1615 aliquot

223 1621 306 1695 Gzii)
335 1631 364 1678 et
392 1623 457 1679 edd.
480 1622 542 1679 fere
571 1631 686 1680 veteres
708 1623 808 1697 (etiam
832 1622 925 1696 Vict.)
953 1625 1120 1697 inhonestum
1151 1625 1306 1682 emendate

227 1707 364 1775 Manutii,
389 1708 560 1765 Lambinus.

307 1795 452 1850 rectissime
474 1792 590 1867 dr'cetur)
614 1793 758 1849 Futurum
782 1792 850 1867 (hoo
879 1793 1063 1868 significatu:
1094 1793 1150 1850 dici
1180 1793 1304 1868 poteritz
1342 1824 1345 1829 ·

222 1877 247 1934 si
270 1876 380 1933 dictum
404 1877 469 1946 erit,
492 1887 571 1935 recte
595 1877 704 1934 dictum
727 1877 797 1952 erit)
821 1877 909 1935 etiam
933 1878 1042 1954 eSpir.
1061 1872 1302 1959 atqueEHAB]

222 1970 251 2018 et
274 1962 320 2020 ed.
334 1961 415 2020 Crat.
429 1962 522 2021 Gaius
538 1962 676 2026 restituit,
700 1973 737 2023 et.
761 1981 798 2019 ne
815 1982 878 2020 rem
897 1963 1113 2039 apertissimam
1131 1962 1303 2040 intellegere

222 2046 381 2120 aliquando
399 2047 558 2114 videretnr,
582 2048 704 2117 addidit,
728 2048 806 2105 huuc
824 2066 888 2105 esse
906 2066 1038 2106 sensnm:
1064 2048 1227 2118 „eiusmodi
1246 2049 1303 2107 viri

221 2131 284 2188 vita
311 2131 374 2188 iure
404 2134 567 2206 meritoque
595 2134 704 2190 honesto
727 2133 877 2202 dicetnr“;
905 2133 996 2190 immo
1024 2134 1111 2192 beuta.
1158 2130 1234 2215 [cfr.
1266 2133 1302 2191 de

220 2214 312 2273 futuri
342 2235 396 2273 usu
420 2219 475 2274 75:
509 2221 606 2274 rectius
633 2219 815 2293 appellabitur
842 2237 905 2285 rer,
940 2217 976 2275 de
1006 2218 1076 2294 imp.
1103 2219 1207 2293 Pomp.
1237 2213 1300 2298 17.]

221 2301 317 2359 Panlo
339 2313 408 2358 ante
431 2321 541 2370 omnes,
564 2303 679 2377 opinor,
703 2302 786 2361 codd.
812 2298 891 2382 ([B,]
914 2302 994 2361 Oxx.
1017 2297 1114 2378 Εξχψ,
1137 2303 1204 2363 edd.
1217 2303 1299 2362 Crat.

221 2395 250 2443 et
274 2387 364 2462 Vict.)
387 2397 416 2444 ut
436 2389 481 2445 od
502 2407 542 2446 so.
591 2388 680 2445 Recte
704 2388 865 2457 Manutius,
889 2388 1060 2457 Lambinus,
1084 2387 1182 2444 ceteri.

308 2472 357 2528 29.
390 2471 465 2541 Quid
490 2480 571 2530 cero?
598 2476 723 2546 reperiar
747 2505 784 2515 -
809 2493 955 2547 numquam
977 2491 1140 2547 quenquam
1162 2470 1235 2550 cet.)
1259 2473 1301 2532 Ut

220 2564 265 2614 est
287 2556 315 2613 in
342 2558 380 2624 R,
403 2558 537 2632 plerique
559 2567 628 2615 ante
652 2558 801 2615 Bromium
825 2557 993 2615 ediderunt:
1021 2557 1102 2627 Quod
1123 2577 1185 2615 uero
1206 2562 1302 2632 negari

220 2643 292 2698 rrtrllo
314 2644 391 2699 modo
409 2647 505 2717 possit,
528 2662 606 2718 quem
628 2663 755 2717 arnqaam
777 2643 870 2700 stabili
889 2654 915 2700 ct
929 2644 1012 2717 finno
1034 2652 1059 2700 et
1080 2661 1177 2716 magno
1199 2646 1297 2714 urimo,

219 2745 297 2801 quern
312 2730 414 2800 sortem
435 2732 522 2784 uirum
544 2729 658 2785 dicimus
679 2730 751 2802 effici
767 2747 849 2803 posse
870 2735 948 2785 cett
976 2727 1032 2784 nisi
1055 2726 1134 2801 qnod
1156 2728 1236 2785 vict.
1259 2746 1298 2786 ex

219 2810 401 2870 Cretinuit:
429 2832 521 2888 quem,
550 2817 660 2888 inquom
683 2815 727 2883 (ut
749 2812 826 2872 CCC
854 2813 932 2887 apud
956 2812 1033 2872 Dav.
1062 2822 1093 2869 et
1119 2812 1183 2870 sino
1206 2813 1296 2872 dnbio

218 2896 291 2969 alii),
315 2898 392 2956 Dav.
410 2908 508 2955 antem
533 2908 562 2955 et
585 2898 654 2959 Ero.
677 2898 720 2955 sic
742 2898 1003 2972 interpunxernnt:
1025 2917 1103 2972 quem
1118 2900 1296 2966 -dicimus,

218 2983 290 3055 effici
309 2994 377 3053 cet,
401 2994 479 3039 recte
501 3002 605 3058 reapse
628 2982 805 3053 (ostenditur
827 2982 915 3051 enirn,
938 3001 996 3057 quo
1014 3001 1072 3039 nno
1090 2981 1209 3040 nomine
1229 3002 1296 3058 pro·

216 3067 281 3142 prie
303 3068 478 3142 appelletur,
502 3069 552 3142 qui
572 3068 706 3143 pluribus
719 3068 817 3125 verbis
840 3067 1021 3141 significatus
1044 3069 1128 3141 erat),
1151 3067 1201 3124 sed
1225 3067 1294 3126 sub·

203 3151 278 3215 ,lata
300 3153 388 3210 etiam
412 3154 510 3228 speeie
533 3154 710 3227 sententiae;
733 3153 815 3209 deest
834 3152 911 3208 enim
928 3152 1154 3228 interrogationi
1173 3152 1294 3211 verbnm
1336 3192 1342 3202 -

217 3237 340 3294 linitum.
386 3239 561 3313 Superiores
583 3239 626 3295 sio
648 3238 740 3295 verba
762 3238 1021 3296 continuaverant:
1045 3257 1124 3313 quem
1145 3240 1238 3295 stabili
1256 3270 1292 3281 -

216 3326 312 3390 caina
330 3343 408 3397 quern
418 3327 520 3398 J'ortem
537 3326 623 3380 uirum
640 3325 754 3380 dicimus
770 3324 842 3396 effici
853 3342 935 3398 posse
946 3331 1021 3380 cett
1039 3341 1148 3396 eosque
1161 3323 1295 3399 sequitur

217 3407 413 3478 Matthiaens,
437 3411 554 3466 dicemus
577 3409 718 3465 scribens.
762 3408 874 3465 Debuit
897 3408 966 3482 poni
989 3426 1047 3466 non
1070 3410 1199 3475 dicimus,
1228 3407 1294 3466 sed:

215 3511 294 3567 quem
311 3504 442 3568 putamus
459 3502 560 3569 posset
581 3494 640 3565 (De
663 3493 812 3569 praesenti
835 3504 968 3568 tempore
990 3493 1050 3553 vid.
1075 3492 1185 3568 Opuso.
1198 3493 1292 3551 Acad.

217 3578 247 3634 ΙΙ
271 3598 298 3654 p.
315 3580 379 3651 40.)
414 3581 524 3636 Verum
549 3598 644 3649 nomo,
668 3577 803 3652 quemvis
825 3579 925 3635 omnia
943 3578 1125 3636 Matthiaens
1144 3579 1291 3647 moliatur,

215 3662 382 3721 hninsmodi
410 3664 634 3739 interrogationi
662 3663 782 3738 neganti
805 3664 977 3739 praeposuit
998 3663 1152 3721 relativam
1175 3674 1292 3720 senten·

214 3748 285 3806 tiam
309 3758 480 3825 negantem,
508 3749 563 3805 hac
585 3748 696 3806 forma:
729 3747 809 3817 Quod
835 3753 929 3822 negari
954 3769 1005 3806 aon
1029 3758 1134 3824 potest,
1162 3748 1293 3822 quomodo

215 3834 264 3890 lroc
278 3836 345 3905 fleri
361 3838 477 3909 poterit!
500 3835 601 3890 nteit:
624 3833 726 3909 negari
743 3853 802 3890 non
820 3842 925 3908 potest,
950 3837 1004 3890 lroo
1026 3833 1090 3890 fleri
1113 3850 1171 3888 non
1194 3851 1290 3908 possa.

215 3917 274 3978 Sed
297 3919 380 3976 codd.
405 3919 474 3987 ura,
498 3920 576 3994 Spir.
599 3914 653 3999 [13]
675 3922 724 3993 qui
744 3938 806 3975 vcro
827 3918 908 3990 (Bas.
927 3937 994 3992 quo,
1018 3918 1063 3975 ed.
1086 3917 1179 3975 Marsi
1201 3919 1290 3991 quid),

214 4003 319 4061 deinde
343 4000 438 4085 [Aa]
462 4004 549 4080 Spir.,
573 4024 631 4080 mg.
650 4004 740 4072 Crat,
764 4004 851 4067 Mor..
875 4002 954 4061 Gud.
973 4004 1002 4074 2,
1025 4003 1070 4060 El.
1088 4001 1156 4075 l(?),
1180 4002 1289 4072 Mosa,

214 4083 258 4158 Εξ
268 4090 330 4161 (hio
345 4101 449 4147 contra
462 4090 537 4146 Dav.
554 4089 782 4158 testimoninm:
800 4107 961 4163 quemquem
972 4090 1038 4163 (pro
1050 4106 1128 4163 quem
1141 4091 1290 4163 umquem),

214 4175 361 4249 aquibus
383 4194 487 4250 reapse
510 4193 567 4232 non
591 4174 713 4231 discedit
732 4173 793 4231 Erl.
840 4174 918 4230 Hinc
936 4171 1040 4244 Gzins,
1063 4173 1156 4231 ascito
1179 4192 1195 4230 e
1218 4174 1290 4232 duo·

213 4259 268 4318 bus
290 4260 399 4318 infimis
421 4260 518 4329 codd,
544 4261 610 4316 Bas.
633 4269 664 4316 et
685 4258 764 4318 Gud.
788 4260 814 4328 1,
837 4260 891 4314 ullo
912 4260 998 4322 modo.
1020 4259 1077 4316 hoc
1098 4256 1209 4316 offecit:
1236 4256 1290 4327 Qus

213 4365 275 4404 vcro
301 4350 395 4419 rseporr'
421 4347 474 4402 ullo
501 4347 579 4402 modo
601 4348 703 4420 possit,
730 4362 893 4419 quenquam
918 4344 1010 4400 stabili
1039 4374 1074 4387 -
1104 4343 1177 4416 effici
1198 4361 1288 4418 possa,

212 4433 266 4488 uisi
285 4440 346 4489 -t
368 4449 491 4505 eamque
513 4430 689 4506 scripturam
706 4428 844 4504 probavit
861 4426 1027 4498 Schuetnio,
1039 4426 1163 4498 Orellio,
1175 4425 1289 4498 Ottoni,
