3030 5086
271 448 334 512 F[38
378 430 380 435 ἲ
664 467 708 511 nn
731 466 862 512 siamus
885 467 956 512 aon.

270 632 322 701 'lin
343 652 428 713 vero,
450 634 590 714 inquam,
613 633 702 711 Piso,
725 640 760 698 ut
781 651 877 714 saepe
899 634 985 712 alias,
1009 634 1058 699 sic·
1075 633 1168 700 hodie
1189 635 1234 700 ita
1256 651 1361 699 nosse

270 738 332 803 ista
353 738 440 801 visus
462 754 511 814 es,
539 742 592 813 ut,
616 735 645 798 si
665 735 710 799 tei
733 734 823 801 nobis
844 740 984 816 potestas
1007 736 1138 817 mepirrs
1156 735 1258 815 tieret,
1286 753 1360 800 non

271 839 401 903 multum
425 837 555 902 Graecis
583 837 822 918 supplicandmn
850 844 1003 919 putarem.
1049 839 1142 917 Quod
1162 839 1290 920 quidem
1311 854 1360 902 eo

270 941 401 1021 probari
424 939 533 1018 magis,
556 940 630 1019 quia
652 938 784 1018 memini,
807 937 949 1005 Staseam
967 938 1219 1020 Neapolitanum
1239 940 1356 1004 docto-

231 1044 337 1110 5rem
359 1042 445 1105 illum
468 1047 564 1120 tuum,
589 1040 721 1105 nobilem
745 1059 822 1105 sane
837 1040 1087 1120 Peripateticum,
1109 1041 1269 1123 eliquanto
1288 1040 1359 1107 iste

270 1163 361 1217 secus
384 1143 487 1208 dicere
509 1142 648 1220 solitum,
676 1143 896 1208 assentientem
920 1142 971 1221 iis,
1000 1147 1053 1223 qui
1076 1143 1205 1207 multum
1228 1142 1260 1207 in
1283 1141 1356 1207 for-

270 1252 347 1310 tuna
370 1245 505 1309 secunda
529 1252 583 1308 aut
605 1245 749 1324 adversa,
773 1244 901 1308 multum
923 1244 955 1308 in
979 1245 1068 1309 bonis
1090 1253 1146 1310 aut
1167 1243 1256 1309 mabs
1279 1262 1356 1309 cor·

268 1347 356 1429 poris
378 1353 539 1426 ponerent.
574 1346 638 1425 Est
660 1352 696 1410 ut
715 1345 801 1422 dicis,
824 1345 938 1426 inquit3
962 1347 1017 1411 sed
1035 1346 1112 1411 haec
1127 1346 1169 1410 ab
1185 1345 1358 1423 Antiocho,

268 1447 413 1512 familiari
437 1457 558 1525 nostro,
586 1450 732 1512 dicuntur
760 1447 856 1511 inulto
884 1447 994 1511 melius
1021 1455 1052 1512 et
1080 1447 1191 1512 fortius
1213 1467 1309 1531 quarn
1334 1465 1358 1511 a

211 1557 253 1622 10
271 1549 382 1617 Stasea
404 1549 594 1613 dicebantur.
640 1551 836 1629 Quemquam
865 1568 1004 1630 egenen
1029 1569 1160 1631 quaero,
1191 1550 1265 1633 quid
1294 1548 1356 1613 tibi

270 1671 290 1716 a
311 1671 361 1718 me
382 1652 550 1733 probatum
568 1651 617 1730 sit,
640 1651 697 1716 sed
713 1649 785 1714 huic
802 1650 942 1715 Ciceroni
962 1660 1079 1732 nostro,
1102 1670 1193 1734 quem
1210 1651 1357 1732 discipu-

269 1753 333 1818 lum
356 1753 446 1834 cupio
469 1772 489 1817 a
511 1761 542 1818 te
564 1752 728 1817 abducere.

216 2032 223 2039 ,
342 1979 363 2022 l.
382 1972 435 2022 alcia
453 1972 543 2022 ELPC
579 1972 626 2021 eta
645 1973 679 2021 rin
697 1989 766 2022 nosse
786 1974 808 2022 R
825 1972 872 2021 aaa
890 1989 958 2020 noane
977 1974 1035 2039 (om.
1056 1973 1101 2036 aia)
1120 1974 1142 2024 O
1185 1979 1207 2024 2.
1226 1974 1263 2023 tui
1279 1972 1357 2037 copia

269 2041 336 2091 nobie
353 2042 588 2105 seraperLPCROr.
626 2046 649 2092 3.
668 2041 777 2092 11er
813 2047 836 2089 4.
855 2042 964 2104 qaamP
999 2041 1120 2090 acmim'h'.
1155 2041 1214 2090 estas
1232 2059 1285 2091 eam
1305 2042 1356 2090 ΕΡ

270 2115 293 2158 t.
312 2109 444 2173 aliquando
462 2109 573 2160 secer.
620 2115 642 2161 6,
661 2110 697 2157 his
716 2110 783 2160 ΕΜ)
829 2115 851 2160 e.
871 2108 1092 2172 nmtrosnmilicri
1107 2109 1239 2160 urceos.
1277 2126 1357 2173 qaam

269 2178 329 2226 istas
347 2179 417 2227 ech]
458 2183 493 2228 tr.
514 2179 545 2227 ab
563 2187 585 2228 ts
603 2178 624 2225 E
643 2195 660 2226 a
678 2177 768 2228 om.C

268 2368 426 2425 haeserant
455 2386 550 2442 neque
585 2379 652 2443 post
680 2367 749 2426 Gaii
777 2367 965 2424 incredibiles
995 2385 1121 2436 errores,
1156 2366 1285 2425 maxime
1321 2367 1356 2424 in

269 2454 439 2524 Addendis,
467 2454 518 2509 ubi
547 2472 577 2509 se
607 2453 728 2528 corrigit
750 2452 877 2521 scilieet,
908 2465 937 2508 et
959 2451 1108 2511 Schuetzii
1136 2452 1358 2511 hariolatienes

268 2538 341 2596 satis
363 2539 414 2594 alii
437 2557 499 2594 rein
522 2538 744 2613 expediverant.

354 2627 392 2679 ita
420 2643 497 2679 nosse
523 2623 589 2695 ista)
613 2623 661 2678 lta
682 2621 776 2680 Gaius
804 2640 841 2678 ex
870 2621 931 2678 Erl.
959 2630 989 2677 et
1012 2621 1090 2697 Spir.
1115 2617 1185 2701 [ss],
1208 2620 1289 2680 Gud.
1317 2622 1355 2678 2:

269 2727 306 2763 ex
320 2706 370 2777 Εξ,
395 2709 475 2765 Μοη.
494 2708 644 2764 exciderat
666 2711 704 2764 im
721 2726 806 2763 nosse.
841 2706 1033 2781 Escriptura
1056 2706 1102 2763 ed.
1125 2707 1236 2782 primae
1261 2704 1357 2763 effec-

268 2802 331 2849 tum
354 2803 420 2849 erat
440 2793 544 2866 (Cret,
567 2793 661 2860 Vict,
684 2795 780 2865 cett.):
802 2795 840 2848 ita
862 2795 915 2848 iata
937 2810 1020 2848 nossa.
1066 2792 1142 2848 Tum
1165 2795 1191 2848 ei
1211 2795 1252 2848 tui
1273 2792 1356 2849 nobie

266 2888 388 2959 potestas
410 2882 519 2953 saepiae
540 2880 613 2945 fieret
635 2877 740 2952 scripsi
763 2896 801 2935 ex
824 2877 884 2933 Erl.
909 2887 939 2932 et
955 2876 1034 2951 Spir.
1048 2874 1118 2953 [B];
1141 2877 1170 2932 in
1197 2895 1252 2952 mg.
1265 2875 1356 2935 Orat.

269 2970 381 3020 tantum
402 2973 523 3038 potestas
545 2971 713 3028 annotatur,
737 2981 753 3018 e
776 2962 839 3018 cod.
863 2962 938 3019 Mor.
961 2966 1001 3018 toi
1016 2972 1148 3036 potestas,
1171 2979 1229 3018 non
1252 2961 1355 3023 auim-

267 3048 392 3105 adverse
420 3048 649 3123 transpositione
677 3049 764 3119 (nodia
787 3050 866 3121 pot).
912 3048 946 3103 In
974 3046 1159 3104 substantivo
1186 3046 1355 3104 auctorita·

268 3143 326 3189 tem
350 3144 468 3189 secutus
490 3152 569 3199 sum3
594 3142 749 3205 utrumqne
773 3131 850 3189 enim
873 3141 952 3188 recte
975 3131 1097 3201 dicitur,
1121 3131 1176 3188 etsi
1198 3135 1277 3206 copia
1300 3132 1355 3188 ko·

267 3221 345 3274 ruinis
373 3217 409 3273 de
437 3227 583 3292 potestate
605 3217 791 3291 colloquendi
814 3216 892 3291 apud
915 3216 1087 3274 Ciceronem
1116 3216 1187 3273 alibi
1210 3234 1270 3273 non
1294 3234 1353 3291 po·

267 3303 361 3371 nitur,
391 3303 514 3358 alterum
545 3302 678 3377 pluribus
706 3302 793 3370 locie3
822 3302 851 3358 in
879 3305 987 3376 saepiae
1014 3320 1049 3358 ea
1078 3301 1235 3358 accedebat
1257 3301 1353 3370 ratio,

267 3388 345 3460 qnod
364 3387 446 3443 idad
463 3390 542 3459 fieret
559 3387 658 3462 aptius
675 3386 840 3456 videbatur,
863 3405 966 3461 seraper
984 3398 1082 3443 autem
1102 3387 1251 3461 requirere
1268 3396 1352 3444 esset.

351 3474 490 3545 aliquando
517 3476 569 3528 ista
597 3469 687 3549 secas)
719 3471 838 3530 Staseas
866 3471 956 3546 igitur
978 3471 1214 3547 Theophrastum
1238 3490 1350 3546 seque·

266 3558 353 3612 batur
364 3558 392 3627 (ξ
409 3557 467 3628 12),
489 3558 534 3613 vel
552 3557 650 3632 potius
668 3567 731 3612 erat
748 3575 785 3613 ex
797 3557 941 3613 communi
955 3557 1218 3632 Peripateticorum
1231 3556 1352 3628 schola,

265 3642 523 3698 non'Antiochius.
566 3643 624 3698 Pro
647 3645 786 3715 aliquanto
808 3641 895 3698 etiam
920 3639 959 3721 [B
982 3638 1025 3720 et]
1048 3637 1064 3711 ξ
1085 3644 1241 3716 aliquando,
1265 3642 1351 3716 quod

265 3745 364 3782 errore
387 3728 505 3800 irrepsit
528 3727 558 3782 in
582 3727 646 3783 edd.
668 3726 735 3784 Gzii
759 3737 788 3782 et
811 3724 862 3784 Or.
907 3728 982 3783 Tum
1006 3729 1144 3800 fastidiam
1164 3737 1255 3784 nostro
1276 3730 1350 3802 (pro

265 3821 355 3867 norbo
375 3816 461 3884 sizna.)
490 3812 555 3868 dedi
586 3831 621 3867 cx
653 3813 711 3869 Eri.
741 3822 770 3867 et
798 3810 875 3886 Spir.
901 3807 954 3890 [B]
977 3812 1142 3884 (vindob).
1188 3812 1350 3869 Postremo

264 3896 352 3951 etiam
377 3897 454 3971 spir.
478 3893 532 3976 [B]
554 3899 588 3953 ab
612 3908 636 3954 te
657 3899 805 3963 adciscere,
836 3896 865 3952 in
890 3915 947 3970 quo
977 3896 1103 3954 fortasse
1132 3897 1205 3953 latet
1230 3897 1280 3954 obs
1311 3907 1348 3964 tc,

264 3982 342 4055 quod
367 4001 584 4056 nonnumquam
613 4001 631 4038 a
654 3982 782 4038 librariis
805 3982 1004 4038 oblitteratum
1033 3992 1078 4038 est
1100 3982 1148 4054 (de
1172 3983 1258 4041 Verr.
1282 3982 1347 4039 vid.

265 4067 420 4141 Zumptins
443 4067 471 4122 in
496 4068 555 4124 ind.
581 4087 608 4124 r.
633 4069 710 4139 ohe);
742 4068 794 4123 sed
817 4086 875 4123 uno
898 4068 963 4124 loco
985 4067 1155 4124 coniectura
1176 4067 1348 4137 restituere,

264 4152 341 4225 quod
366 4171 510 4225 nusquam
539 4152 610 4208 alibi
639 4151 755 4208 codices
783 4152 886 4207 horum
916 4151 1057 4208 librorum
1081 4152 1237 4215 haberent,
1265 4152 1349 4213 ratio

265 4236 346 4291 nulla
369 4246 440 4294 erat.
487 4238 587 4310 Ipsum
611 4238 646 4292 nb
668 4248 692 4293 tc
711 4237 847 4293 Handins
859 4237 957 4307 (Ture.
970 4237 985 4294 Ι
998 4257 1025 4312 p.
1042 4238 1072 4310 6)
1092 4237 1180 4294 certis
1197 4238 1349 4314 exemplis

264 4319 467 4377 Ciceronianis
490 4321 606 4378 defendi
632 4334 729 4397 putat3
753 4323 804 4379 sed
827 4323 883 4379 hoo
905 4341 994 4380 unum
1019 4323 1111 4398 ponit.
