3030 5086
215 490 279 556 ete
630 507 804 556 excuneus
827 507 873 559 ιιι.

215 678 366 739 Ciceronis
389 679 609 737 enarratoribus
630 697 706 737 unus
723 679 846 737 Beierus
867 679 904 735 ad
922 677 981 737 Off·
993 679 1049 737 111.
1066 680 1104 736 13
1121 680 1219 735 varias
1235 698 1290 755 ap-

216 765 405 841 pellationes,
433 765 540 840 quihus
562 765 667 823 Cicero
689 764 795 832 utitur,
823 763 908 838 quasi
931 783 984 840 per
1006 776 1134 821 saturam
1157 764 1289 841 collegit,

216 850 297 908 nulla
318 850 451 907 adhibita
473 850 676 907 distinetione.
699 849 759 907 alia
779 861 875 907 eutem
899 850 929 906 in
952 868 1077 907 excursu
1101 851 1227 925 septimo
1249 851 1289 907 ad

215 935 321 993 librum
344 936 471 1011 primum
493 934 529 991 de
552 933 611 993 Off.
633 935 676 991 ita
696 934 848 993 tractarit.
877 945 909 991 nt
937 952 973 991 ne
1001 935 1041 992 ibi
1069 935 1186 1010 quidem
1210 935 1288 994 diffi-

216 1020 370 1088 cultatem,
398 1020 526 1094 quaein
549 1020 608 1077 illis
631 1020 715 1077 libris
736 1038 794 1076 nou
818 1019 879 1077 iere
900 1031 1038 1095 apparet.
1061 1021 1234 1096 attingeret,
1258 1021 1289 1078 in

216 1105 389 1180 quibusdam
420 1105 456 1162 de
479 1116 611 1163 veterum
639 1104 879 1181 philosophorum
903 1104 1054 1162 doctrinae
1075 1104 1170 1163 forma
1192 1107 1290 1163 minus

216 1201 295 1248 reete
323 1190 501 1267 disputaret,
535 1191 705 1250 Ciceronem
735 1187 906 1265 sequena')
954 1189 1058 1249 Oritur
1085 1202 1182 1248 antem
1211 1190 1289 1248 diffl-

216 1275 309 1333 cultas
333 1276 457 1351 primum
476 1295 512 1333 ex
530 1295 576 1345 eo,
598 1276 677 1351 quod
695 1275 842 1333 notionem
861 1275 1009 1342 alitoicis,
1032 1275 1110 1352 apud
1128 1294 1201 1351 quos
1218 1286 1289 1334 nata

217 1372 270 1431 est,
294 1379 396 1436 parum
419 1360 568 1419 delinitam
591 1361 716 1437 primum
740 1360 908 1421 Carneades
931 1379 1024 1438 paene
1046 1360 1151 1418 ludens
1173 1372 1289 1437 pertur-

217 1446 308 1512 bavit,
331 1446 435 1504 deinde
459 1447 633 1513 Antiochus,
656 1465 674 1503 a
696 1464 754 1521 quo
776 1445 881 1505 Cicero
904 1447 1020 1521 pendet,
1043 1447 1156 1503 utalia
1178 1446 1289 1517 Stoica,

216 1531 254 1589 ad
276 1531 484 1590 Academicum
508 1543 537 1589 et
558 1532 786 1608 Peripateticum
815 1530 998 1606 disciplinam
1023 1550 1041 1588 a
1062 1550 1094 1588 se
1116 1543 1288 1590 renovatam

217 1617 376 1687 transtulit,
400 1627 591 1695 augeturque,
614 1617 692 1692 quod
711 1616 824 1684 Cicero,
848 1616 877 1673 in
901 1635 960 1673 une
981 1636 1013 1674 re
1036 1636 1094 1674 uno
1116 1629 1146 1674 ιι
1169 1618 1290 1693 proprio

217 1703 334 1759 nomine
357 1721 414 1759 non
437 1714 601 1771 contentus,
624 1721 718 1779 paene
740 1702 806 1777 plus
829 1720 915 1777 quarn
939 1703 1068 1759 oratoria
1087 1703 1173 1778 copia
1191 1713 1220 1760 et
1238 1721 1289 1760 ra·

217 1787 322 1845 rietate
334 1806 404 1846 usus
415 1798 469 1858 est,
487 1806 587 1845 rursus
604 1802 700 1845 autem
713 1807 757 1847 ιι
775 1806 851 1861 quae
864 1787 909 1843 vel
921 1788 1086 1845 Antiochus
1103 1788 1290 1850 distinxerat.

217 1882 248 1929 et
270 1873 389 1931 notione
411 1883 440 1931 et
463 1875 612 1970 nominum
633 1873 774 1967 ambigua
797 1873 1005 1930 communitate
1028 1872 1168 1930 confudit

305 1949 353 2015 Tri
375 1955 478 2033 riquira
500 1949 577 2014 aurei
600 1945 688 2030 priore
711 1957 888 2016 Aristoteles
906 1977 1048 2032 nusquam
1072 1958 1204 2015 nominat
1225 1977 1290 2017 nee.

217 2043 267 2118 qui
292 2043 470 2101 Academiae
493 2044 601 2101 veteris
623 2043 793 2101 doctoribus
820 2043 896 2100 hanc
917 2043 1144 2119 appellationem
1169 2043 1290 2107 tribuat,

218 2139 260 2184 est
286 2140 401 2204 praeter
418 2128 599 2198 Ciceronem,
623 2128 672 2203 qui
691 2129 869 2186 Antiochum
893 2147 1017 2202 sequens
1035 2147 1092 2185 non
1112 2129 1207 2185 minus
1220 2129 1291 2186 Ari·

218 2213 315 2270 stoteli
340 2232 426 2289 quam
446 2213 598 2271 Polemoni
618 2213 760 2271 eiusmodi
784 2213 968 2270 definitiones
990 2215 1094 2270 summi
1118 2214 1186 2271 boni
1210 2215 1291 2272 subi·
1359 2231 1367 2243 ‘

218 2297 272 2368 eit,
303 2310 336 2355 ut
362 2298 398 2356 iis
426 2298 505 2355 dicat
527 2300 612 2356 linem
636 2299 730 2356 visum
754 2317 818 2356 esne
841 2300 946 2356 honeste
967 2302 1067 2368 uivere,
1091 2302 1229 2374 furentem
1257 2304 1291 2357 iis

218 2383 312 2452 rebus,
340 2403 410 2459 quus
434 2387 540 2459 primus
563 2385 661 2442 borbini
681 2393 780 2441 reaturo
802 2386 919 2441 conciliet
941 2384 1047 2456 (Acad.
1070 2384 1116 2445 ΙΙ.
1143 2385 1216 2458 181)
1238 2395 1291 2442 aut

218 2471 313 2526 uirtute
328 2469 460 2535 adhibito,
477 2470 542 2543 frui
560 2473 657 2545 primis
679 2489 697 2526 o
720 2480 821 2527 notura
844 2471 918 2526 datis
940 2469 1016 2540 (Pin.
1040 2470 1081 2538 ll,
1096 2470 1152 2534 34:
1175 2469 1289 2528 cfr.1V.

223 2554 270 2622 th,
293 2554 341 2610 ubi
362 2557 511 2629 primorum
536 2573 642 2611 nomen
667 2573 725 2611 nun
749 2554 878 2628 additur)
901 2564 952 2611 aut
974 2556 1100 2629 adipisci,
1124 2574 1194 2628 quoe
1216 2566 1290 2612 caeni

213 2642 304 2715 primo
322 2649 420 2695 noturo
438 2659 559 2714 quosque
575 2643 635 2715 ipso
649 2659 700 2715 per
716 2661 744 2697 se
760 2641 917 2715 eupetemio,
937 2650 984 2695 ortt
1000 2642 1087 2696 omnia
1106 2651 1153 2696 out
1170 2644 1290 2696 maximo

217 2725 323 2797 (Acad,
348 2725 372 2781 1.
392 2726 453 2798 22),
477 2737 504 2781 et
528 2724 556 2780 in
581 2725 666 2782 huius
689 2725 786 2800 operis
809 2725 885 2781 libro
908 2737 1012 2799 quarto
1035 2735 1064 2781 et
1087 2725 1190 2799 quinto
1214 2744 1289 2783 sem·

217 2828 269 2885 per
291 2821 320 2866 et
343 2809 429 2867 huius
450 2810 492 2866 rei
516 2810 664 2867 notionem
694 2820 722 2866 et
745 2810 870 2867 nominis
896 2829 979 2866 usum
1003 2810 1039 2866 ad
1064 2811 1130 2866 illos
1153 2821 1289 2867 auctores

216 2893 316 2953 refert.
367 2894 444 2960 Nee,
473 2895 607 2970 quamvis
635 2894 739 2953 Cicero
763 2896 799 2963 V,
824 2896 862 2951 55
893 2895 1030 2952 Pisonem
1058 2897 1178 2953 inducat
1207 2895 1287 2952 afdr-

218 2990 353 3045 mantem,
377 2998 477 3037 omnes
501 2992 615 3037 veteres
635 2980 833 3056 philosophos.
859 2980 985 3036 maxime
1005 2981 1227 3056 Peripateticos.
1250 2981 1288 3038 ad

216 3064 394 3122 incunabula
422 3065 574 3133 accedere,
609 3066 768 3141 quidquam
799 3065 965 3122 huiusmodi
993 3066 1023 3122 in
1051 3067 1087 3123 iis
1117 3066 1289 3124 Aristotelis

216 3149 354 3208 librorum
379 3149 538 3208 ethicorum
563 3150 636 3209 locis
658 3169 723 3208 esse
747 3150 874 3218 memini,
898 3151 947 3207 uhi
966 3150 1034 3207 boni
1052 3150 1199 3207 notionem
1219 3169 1288 3209 con·

216 3234 325 3304 stituit;
355 3254 420 3292 nam
447 3237 544 3312 Magn
570 3237 674 3295 Moral.
699 3236 745 3306 11,
770 3237 787 3293 7
817 3236 852 3293 de
876 3236 984 3293 virtute
1006 3235 1159 3331 disputans
1182 3255 1288 3332 puero·

216 3338 280 3377 rum
304 3330 333 3377 et
356 3320 513 3378 bestiarum
532 3322 779 3418 comparationem
803 3320 933 3379 adhibet.
968 3321 1014 3378 Ne
1030 3318 1089 3377 reia
1106 3312 1182 3377 aurci
1200 3310 1289 3393 priore

216 3405 333 3481 quidem
356 3417 407 3463 nist
428 3403 486 3462 reis
507 3397 590 3505 nopai
613 3391 701 3481 priore
718 3406 916 3483 appellatione
933 3415 962 3462 et
979 3405 1166 3463 distinctione
1184 3406 1285 3471 utitur,

215 3490 265 3548 nbi
288 3491 324 3547 de
347 3509 442 3547 rerum
465 3492 597 3567 appetitu
622 3502 651 3549 et
673 3490 743 3569 luga
766 3491 889 3567 quaerit
900 3492 930 3563 ²)
976 3491 1067 3550 Stoici
1091 3510 1156 3548 eum
1180 3490 1286 3566 egendi

245 3765 264 3821 Ι)
284 3761 436 3811 Goerenslus
454 3760 479 3809 in
499 3760 604 3826 praeiet.
624 3776 646 3824 p.
664 3760 727 3809 Vlll
746 3762 869 3824 queritur,
889 3762 920 3810 ob
940 3761 1030 3810 molem
1050 3760 1105 3808 libri
1127 3759 1287 3820 „rescinden-

284 3833 343 3880 (ιιια
366 3831 412 3879 sibl
433 3828 509 3879 inisse
527 3839 646 3894 quattuor
664 3843 792 3886 excursus,
810 3832 900 3895 quihus
919 3839 943 3877 et
961 3830 1013 3877 alia
1031 3830 1063 3877 ad
1083 3844 1121 3878 res
1140 3827 1288 3878 aCicerone

283 3901 411 3963 expositus
429 3899 579 3961 pertinentia
601 3909 625 3946 ιι
643 3899 709 3946 hune
728 3899 809 3962 ipsum
828 3899 912 3947 locum
931 3899 962 3946 de
980 3899 1066 3961 primis
1085 3905 1190 3946 naturas
1208 3912 1287 3960 expo·

283 3968 373 4017 suisset
420 3967 469 4016 llos
488 3981 608 4016 excursus
627 3966 765 4031 bibliopola
783 3966 809 4014 in
828 3976 888 4015 nota
902 3968 1014 4016 subiecta
1028 3967 1144 4032 promisit
1159 3981 1192 4025 se,
1211 3965 1288 4014 simul

283 4046 357 4099 atque
385 4051 398 4083 ιι
423 4034 562 4084 Goerenzio
585 4036 735 4099 accepisset,
763 4037 842 4098 gratis
866 4036 1020 4100 emptoribus
1045 4035 1101 4084 libri
1127 4034 1286 4084 traditurum.

284 4105 332 4151 Sed
352 4117 487 4168 numquam
507 4104 616 4168 accepit,
636 4104 703 4167 quod
723 4117 859 4167 numquam
878 4105 1014 4167 scripserat
1032 4103 1183 4152 vanissimus
1201 4101 1286 4156 homo,

282 4173 337 4237 qui,
361 4186 436 4236 quam
460 4174 492 4221 ad
511 4173 653 4221 huiusmodi
679 4187 716 4220 res
738 4175 894 4237 quaerendas
917 4173 1055 4236 imparatus
1078 4182 1153 4227 esset,
1180 4170 1287 4220 sortasse

283 4242 335 4289 irae
354 4242 438 4289 sensit

242 4308 265 4373 ¹)
284 4256 392 4358 ioannes
411 4319 492 4359 tamen
512 4312 574 4358 ‘itot
576 4324 672 4358 neentis
692 4310 743 4359 l'lcl
765 4309 786 4357 F
788 4308 821 4358 th
841 4324 879 4386 p
877 4310 950 4357 ibo
944 4323 969 4356 m
989 4308 1211 4371 Peripateticorum
1231 4322 1287 4356 sen·

283 4378 366 4427 tentiis
384 4378 449 4426 hanc
467 4379 548 4459 pqnit:
576 4376 629 4443 Τάς
650 4375 702 4459 yq'p
726 4375 855 4458 ιιράὲιις
861 4373 915 4429 αἰιό
933 4397 957 4428 ιι
982 4395 1027 4457 rpg
1051 4379 1100 4427 rsit
1122 4374 1185 4426 sarri
1206 4374 1288 4451 plion·

283 4441 393 4516 ἐκλογῆς
416 4449 457 4498 sul
479 4441 628 4516 ιιίιικλογῇς
649 4448 697 4497 reio
720 4418 793 4517 nupd
817 4443 898 4515 priore
915 4446 960 4512 su'g
978 4442 1073 4518 ἀρχάς
1091 4463 1170 4516 apsis·
1188 4441 1288 4518 όιιιιβέ·
