3030 5086
160 458 163 463 ·
220 443 264 506 VI
656 449 854 502 rrtann'nmo.

218 630 294 695 locis
322 627 429 693 addidi
458 637 489 691 et
516 625 649 704 correxi,
683 642 798 707 panca,
831 645 913 707 quae
941 644 997 690 nec
1025 624 1111 689 utilia
1139 644 1195 689 nec.
1222 644 1290 690 curn

219 737 330 803 ceteris
353 754 489 802 connexa
511 733 711 812 videbantur,
734 733 860 812 rescidi;
882 733 1004 798 correxi
1026 733 1056 796 in
1079 733 1127 810 iis,
1150 752 1229 814 qnae
1252 735 1291 797 de

219 843 353 926 antiquis
375 841 549 909 editoribus
571 861 639 907 cnm
662 840 886 922 superioribus,
911 848 976 905 tum
998 842 1156 918 Ascensiu
1182 842 1290 905 ,trano-

218 952 280 1031 tiis,
302 950 453 1017 Lambino
476 950 592 1015 tradita
614 957 712 1029 crant,
735 947 832 1014 mtrlta
855 948 955 1014 minus
979 958 1062 1013 recte
1081 949 1206 1029 scripta,
1230 969 1290 1012 non

217 1060 261 1124 ita
282 1077 384 1141 pauca
405 1058 497 1123 etiam
521 1059 561 1123 de
578 1058 634 1122 Th.
647 1057 796 1137 Bentleia
820 1056 961 1135 herisio,
983 1056 1137 1121 Ernestio.
1156 1057 1290 1128 Bremia,

217 1185 349 1249 quorum
372 1185 514 1231 erromm
536 1163 711 1229 emendatio
732 1164 832 1229 omnis
849 1163 980 1228 debetur
997 1168 1116 1229 (iscam
1134 1164 1290 1246 Siesbyeo‚

218 1275 272 1356 qui
299 1292 367 1337 cunr
395 1273 426 1337 in
456 1272 538 1337 omni
561 1272 621 1336 hac
642 1290 740 1352 opera
760 1271 958 1337 fidelissimus
979 1270 1054 1335 mihi
1077 1271 1202 1335 adiutor
1225 1272 1291 1347 fnit

218 1389 283 1446 tum
310 1380 392 1445 hanc
418 1389 539 1462 partem
568 1379 654 1445 solus
681 1379 841 1459 tractavit;
875 1389 1005 1459 eratque
1038 1378 1171 1444 fortasse
1199 1380 1291 1460 plura

217 1495 425 1568 correcturus,
448 1488 506 1552 nisi
525 1507 582 1569 ego
600 1487 805 1552 festinassem.
839 1490 926 1567 Quae
943 1488 984 1551 ad
1002 1488 1173 1552 sententias
1191 1488 1290 1553 Gree-

219 1614 324 1660 corum
358 1594 615 1678 philosophorum
645 1614 665 1658 a
693 1594 842 1660 Cicerone
871 1595 990 1676 positas
1018 1603 1073 1660 aut
1100 1596 1290 1675 significatas

218 1703 424 1769 declarandas
447 1703 531 1767 dicta
552 1709 655 1781 erent,
678 1720 778 1782 paene
800 1702 917 1767 intacta
941 1702 1061 1783 reliqni;
1091 1723 1161 1768 nam
1185 1703 1237 1768 ubi
1261 1705 1291 1767 in

218 1811 295 1892 ipsis
319 1810 413 1876 rebus
435 1810 511 1876 nihil
533 1810 603 1874 novi
626 1822 724 1889 esset,
754 1809 850 1874 libros
878 1811 1064 1874 recentiores
1092 1812 1132 1874 de
1154 1811 1291 1890 philoso-

218 1915 472 1999 phiee'historia
494 1918 525 1981 in
548 1917 660 1998 quibus
683 1919 790 1982 eadem
814 1918 1028 1996 traderentur,
1051 1918 1210 1999 appellare
1232 1939 1290 1999 pro

218 2025 265 2101 iis,
287 2044 367 2106 quos
389 2035 461 2090 ante
483 2024 723 2106 appellaveram
746 2025 1016 2107 operaepretium
1039 2045 1098 2089 nnn
1118 2027 1289 2090 videbatur.

218 2132 265 2196 Ex
286 2132 334 2203 iis,
357 2151 438 2213 qtrae
461 2133 501 2196 de
523 2150 666 2197 sermone
690 2132 804 2197 Latino
828 2133 982 2213 rebusque
1003 2134 1213 2215 granrmaticis
1235 2153 1290 2198 an·

219 2249 327 2304 notata
354 2249 457 2318 erant,
487 2258 582 2304 unum
609 2249 642 2304 et
668 2240 800 2305 alterum
829 2240 954 2319 sustuli,
984 2240 1066 2304 velut
1093 2242 1133 2305 ad
1162 2241 1216 2315 IV,
1240 2243 1290 2318 20,

218 2365 319 2429 pauca
341 2347 493 2425 contraxi,
521 2347 618 2411 multa
646 2348 749 2411 limavi
772 2347 962 2426 accuratius,
991 2349 1076 2428 qnod
1103 2348 1135 2412 in
1163 2347 1292 2429 quibus-

222 2455 293 2518 dam
327 2453 461 2519 feceram
494 2454 555 2518 iam
588 2454 679 2533 unni,
712 2455 845 2520 maxime
876 2455 907 2519 in
940 2456 1019 2519 artis
1045 2456 1180 2522 Latinae
1211 2456 1291 2520 libro

220 2560 345 2644 (tertiae
367 2561 536 2642 editionis),
559 2561 621 2627 alia
642 2561 828 2643 amplificavi
850 2563 1061 2643 exemplorum
1084 2564 1190 2643 copia,
1214 2583 1290 2644 quo·

220 2687 289 2733 rum
311 2669 460 2733 maiorem
481 2677 602 2750 partem
630 2669 758 2734 contulit
784 2670 979 2752 plurimaque
1008 2671 1115 2747 etium,
1143 2691 1222 2752 quiae
1250 2671 1291 2735 ad

220 2777 440 2841 correctionem
472 2776 554 2840 illam
582 2777 786 2857 pertinerent,
819 2778 983 2842 admonuit
1010 2779 1089 2843 idem
1118 2778 1291 2860 Sioslryens,

220 2883 473 2964 diligentissimus
496 2883 601 2948 talium
625 2883 817 2949 observator.
