3030 5086
207 475 270 541 708
598 493 642 539 ne
665 492 796 539 diuisus
819 491 889 537 sou.
975 553 977 557 7

206 660 433 740 contigerit,
462 670 503 724 ut
524 660 756 741 sapientiam
779 677 970 740 verasque
993 659 1199 740 opiniones
1225 677 1294 725 as·

207 762 315 845 sequi
338 761 480 843 possiti
526 764 645 841 Quare,
672 761 817 843 quoniam
845 762 885 825 do
912 761 1021 842 primis
1044 768 1176 829 natiuae
1199 779 1293 827 com·

205 864 306 928 modis
324 863 402 928 satis
419 863 534 928 dictum
551 869 607 942 est,
624 881 706 928 nunc
722 864 762 928 de
779 862 947 927 maioribus
963 863 1294 945 consequentibusque

187 966 376 1051 uideamus.
419 965 469 1029 59.
492 964 616 1029 Nature
637 964 731 1043 igitur
753 982 868 1044 corpus
886 964 1010 1045 quidem
1028 965 1162 1030 hominis
1184 965 1234 1030 sic
1257 973 1292 1031 et

167 1065 313 1147 bgenuit
334 1075 365 1131 et
388 1064 547 1145 formavit,
575 1072 610 1130 ut
637 1065 699 1129 alia
726 1065 758 1128 in
785 1065 886 1145 primo
914 1073 986 1131 ortu
1013 1064 1191 1148 perficeret,
1222 1066 1292 1131 elia

205 1167 425 1249 progrediente
447 1173 551 1233 aetate
568 1165 709 1247 fingeret,
732 1184 833 1247 neque
854 1186 931 1231 sane
948 1168 1078 1233 multum
1095 1167 1292 1233 adiumentis

205 1269 340 1335 externis
358 1278 388 1333 et
405 1268 587 1333 adventiciis
605 1276 758 1348 uteretur;
775 1267 911 1332 animuin
928 1276 1035 1334 autem
1048 1270 1175 1352 reliquis
1188 1270 1291 1335 rebus

205 1370 250 1434 ita
272 1369 415 1452 perfecit,
443 1378 479 1434 ut
500 1387 628 1450 corpus3
657 1369 800 1435 sensibus
823 1369 904 1433 eninr
927 1371 1051 1436 ornavit
1071 1373 1112 1436 ed
1135 1390 1186 1438 res
1209 1390 1290 1452 per-

206 1471 364 1552 cipiendas
397 1470 531 1550 idoneis,
551 1458 605 1535 ¹ut
642 1470 717 1534 nihil
754 1478 810 1534 aut
842 1489 904 1536 non
938 1471 1068 1537 multum
1099 1473 1290 1539 adiumento

148 1572 268 1639 10u110
291 1573 330 1636 ad
353 1591 442 1637 suurn
465 1570 731 1638 confirmationem
754 1572 921 1652 indigeres
944 1576 1028 1654 quod
1047 1582 1151 1640 autem
1173 1574 1205 1639 in
1227 1575 1290 1639 ho-

206 1675 287 1739 nrine
304 1674 607 1755 praestantissimum
624 1680 718 1754 atque
735 1674 885 1755 optinrurn
904 1685 961 1752 est,
983 1674 1014 1739 id
1031 1675 1179 1741 deseruit.
1215 1675 1291 1740 Etsi

199 1945 225 2007 fi
276 1882 304 2010 ἒ.)
317 1876 505 1927 incommodisb
557 1882 579 1926 5.
597 1885 622 1925 ut
640 1875 692 1926 alia
712 1904 740 1914 ·-
759 1876 861 1941 stuperet
880 1877 977 1927 Nonius
996 1893 1019 1942 p.
1035 1882 1084 1926 ³0⁸
1103 1878 1233 1942 (perficere
1253 1904 1289 1915 -

224 1962 293 2009 apere

292 2137 441 2209 deprimis
463 2145 576 2191 acturae
597 2134 755 2208 corriauodie)
779 2135 929 2200 Ernestio,
957 2135 1004 2191 cui
1027 2146 1194 2210 suspectum
1221 2146 1293 2193 erat

205 2222 356 2287 cautious,
381 2219 560 2277 Matthiaens
582 2220 720 2295 opposuit
743 2219 977 2288 11Aeed.138;
1001 2238 1055 2277 nec
1076 2221 1112 2277 de
1134 2220 1292 2297 scriptura

207 2305 267 2362 ulle
291 2315 387 2381 potest
409 2324 473 2362 esse
496 2304 651 2362 dubitatio.
686 2305 724 2361 Et
746 2315 843 2362 temen
862 2323 963 2379 paruus
981 2314 1060 2361 recte
1072 2304 1176 2364 Cicero
1194 2306 1288 2366 dixit.

207 2390 282 2448 Nam
312 2390 453 2465 primum,
488 2390 577 2446 illone
611 2408 718 2465 genere
748 2390 908 2466 primorum
938 2400 1060 2446 naturae
1088 2390 1209 2447 omnino
1239 2410 1289 2458 ee,

207 2494 281 2551 qnae
310 2475 364 2531 boc
392 2475 458 2532 loco
487 2485 663 2543 tractantur,
692 2475 839 2531 actionum
869 2485 898 2530 et
921 2474 1062 2531 virtutum
1090 2474 1175 2532 initia
1202 2486 1289 2533 recte

206 2560 500 2636 comprehendantur,
524 2579 581 2617 non
605 2560 668 2617 sine
690 2578 779 2617 cause
803 2559 954 2616 dubitetur
971 2558 1046 2631 (cfr,
1070 2578 1146 2633 quae
1164 2559 1229 2617 dixi
1246 2560 1290 2618 ad

206 2647 276 2717 §18
300 2645 379 2702 etin
405 2663 469 2704 exc.
494 2645 679 2717 au11,33);
703 2644 807 2701 deinde
830 2655 908 2700 certe
931 2644 1149 2702 commodorum
1174 2663 1288 2703 nomen

206 2750 263 2789 non
288 2731 410 2799 hebent,
433 2730 462 2786 id
486 2730 563 2786 enim
587 2729 715 2804 pertinet
736 2729 772 2785 ad
796 2748 840 2797 ea,
864 2747 939 2802 quae
961 2728 991 2785 in
1010 2747 1133 2805 corpore
1150 2738 1179 2787 et
1196 2740 1290 2788 extra

205 2816 234 2874 id
251 2816 329 2874 vitae
348 2827 455 2873 statum
474 2815 625 2881 adiuvant,
648 2832 782 2889 quaeque
800 2823 916 2888 praeter
932 2825 1030 2871 cetera
1047 2814 1143 2889 prima
1159 2826 1289 2873 naturae

206 2903 402 2978 appellantur,
426 2901 573 2969 valetudo,
598 2899 688 2956 vires.
712 2906 818 2958 cetera.
864 2899 898 2955 In
922 2900 1140 2957 commodorum
1163 2901 1289 2959 nornine

205 2989 341 3064 ponendo
364 2987 468 3046 Cicero
491 3006 523 3043 ee
546 2985 634 3042 etiarn
657 2985 712 3057 lV,
737 2984 775 3040 59
800 2984 974 3060 implicaret.

292 3074 340 3130 59.
364 3075 524 3129 adiumentis
546 3076 664 3128 cateruis
686 3081 710 3127 ct
731 3072 887 3128 adventiciis
910 3069 1041 3145 literatior)
1065 3069 1198 3129 Obscura
1222 3070 1288 3129 elo·

205 3160 315 3234 quitur,
333 3158 409 3234 quod
428 3158 501 3215 vult.
537 3158 604 3215 Hoc
621 3155 698 3214 enirn
716 3157 801 3213 dicit:
825 3165 855 3213 ut
875 3176 932 3214 non
952 3156 1074 3214 multum
1092 3155 1287 3231 relinqueret,

205 3244 283 3320 quod
307 3245 394 3301 horno
417 3244 480 3319 ipse
503 3262 557 3300 sua
580 3261 670 3319 opera
693 3254 722 3299 et
744 3253 806 3299 arte
824 3242 946 3299 adderet
962 3243 999 3298 ed
1015 3241 1055 3313 id,
1079 3241 1157 3316 quod
1175 3251 1287 3299 natura

206 3328 391 3403 perfecisset3
415 3329 494 3402 quod
516 3337 618 3386 contra
641 3337 686 3385 est
708 3328 738 3384 in
761 3329 869 3385 animo.

290 3416 329 3471 od
349 3433 427 3470 eriam
449 3412 685 3488 corfirmotioucm)
708 3414 745 3469 ed
768 3413 796 3469 id
820 3412 1049 3469 confirmandum
1078 3419 1108 3468 et
1128 3411 1287 3487 perficien-

205 3499 283 3563 dum,
307 3499 384 3572 quod
408 3498 450 3572 (in
473 3500 529 3556 hac
551 3510 649 3574 parto,
677 3516 753 3572 quae
777 3498 912 3555 sensibus
935 3496 1113 3567 continetur)
1135 3514 1154 3553 a
1175 3508 1287 3554 natura

205 3584 375 3659 accepisset.
410 3584 510 3641 Minus
528 3584 684 3660 diligenter
696 3582 800 3642 Cicero
823 3602 867 3645 ea,
890 3601 965 3656 quae
982 3580 1150 3657 parenthesi
1167 3581 1289 3639 inclusa

204 3668 313 3730 addidi,
337 3668 445 3736 oruisit,
464 3689 501 3725 ex
519 3688 576 3742 quo
594 3668 635 3737 fit,
654 3677 686 3724 ut
704 3668 770 3744 plus
788 3668 823 3723 de
840 3668 938 3723 anituo
957 3666 1014 3723 dici
1031 3665 1176 3735 videatur,
1193 3684 1287 3739 quem

205 3773 274 3811 vere
297 3752 354 3811 dici
378 3754 484 3829 possin
513 3772 579 3809 narn
603 3753 632 3810 in
656 3753 750 3810 altera
771 3763 854 3828 parte
877 3771 943 3808 eum
968 3751 1089 3808 multum
1112 3750 1288 3808 adiumento

205 3839 336 3914 indigere
359 3839 423 3914 ipse
446 3839 495 3896 ait.
541 3838 689 3911 (Bremius
711 3840 873 3912 iudipcreut,
899 3837 982 3893 cuius
1004 3836 1190 3893 coniecturae
1215 3854 1288 3893 cau·

206 3942 267 3980 sam
297 3943 332 3980 ne
361 3923 490 3983 Orellius
518 3923 635 3997 quidem
665 3922 830 3998 perspexit3
859 3922 910 3979 sed
938 3920 973 3978 de
1002 3920 1092 3978 anirui
1119 3919 1289 3997 indigentia

205 4009 440 4065 adinurentorurn
465 4018 525 4066 tote
549 4009 710 4084 disputatio
728 4010 796 4081 esti)
834 4008 1064 4080 Corpirruutionem
1076 4003 1132 4085 [sic
1146 4000 1184 4084 B]
1203 4015 1288 4063 recte

206 4093 335 4152 Orellius
358 4094 486 4151 restitnit
509 4113 546 4150 ex
568 4091 747 4151 editionibus
765 4103 832 4149 ente
847 4092 1027 4161 bisuntium
1050 4089 1152 4147 debuit
1173 4090 1290 4148 addere

205 4178 404 4236 testimoninm
429 4178 559 4235 codicum
584 4179 663 4236 Oxx.
680 4174 794 4249 Εὓξψς
817 4180 1058 4250 corp'orruotiouem,
1081 4174 1159 4248 quod
1181 4173 1214 4232 in
1238 4174 1289 4233 ed.

206 4282 233 4319 a.
251 4264 330 4320 1480
350 4282 414 4320 osse
432 4264 546 4331 dicitur,
570 4264 706 4337 quodque
730 4262 797 4319 inde
815 4262 978 4319 allanntio
996 4278 1097 4317 otrrues
1114 4270 1288 4323 tenuerant.

207 4348 235 4404 iu
256 4348 336 4405 nullo
355 4360 405 4405 erit
423 4348 607 4424 paucissimis
624 4347 774 4404 codicibus
792 4358 851 4414 est3
875 4347 997 4404 forrnarn
1018 4356 1122 4402 notura
1145 4344 1290 4415 dederat;

206 4434 373 4491 confirmari
397 4453 433 4490 ee
455 4444 557 4510 postea
581 4433 715 4492 debebat.
