3030 5086
289 450 353 515 496
677 469 722 514 nn
744 468 875 515 amians
899 468 969 515 aon.

290 647 322 701 et
354 635 563 716 intellegentia
592 635 742 716 oriretur,
775 636 897 716 inquo
925 637 1018 701 etiam
1051 637 1091 701 de
1117 638 1244 715 animis,
1276 636 1367 703 cuius

289 738 413 818 gatteria
435 747 547 814 esseut,
570 746 782 818 quaereretur,
804 738 888 801 Zeno
911 737 944 800 id
966 737 1044 802 dixit
1061 756 1132 804 esse
1147 740 1263 819 ignem3
1287 757 1366 803 uon·

291 839 376 904 nulla
392 840 504 903 deinde
516 839 615 916 aliter,
633 840 688 903 sed
706 858 743 903 ea
755 856 870 918 paucam
888 841 929 904 de
946 839 1195 905 maximaauteui
1208 859 1242 905 re
1254 840 1366 905 eodem

290 943 391 1019 modo,
414 942 520 1004 divina
537 950 641 1004 monte
663 948 757 1021 atque
778 947 891 1004 natura
907 941 1056 1005 mundum
1074 941 1253 1007 uuiversum
1270 949 1367 1023 atque

250 1046 272 1110 b
290 1044 357 1108 eius
377 1043 526 1107 maximas
544 1052 651 1122 partes
664 1043 889 1107 administrari.
935 1042 1099 1106 Materiam
1116 1061 1190 1107 vero
1213 1062 1316 1108 rerum
1334 1050 1367 1108 at

290 1146 411 1226 copiam
434 1146 517 1225 apud
540 1143 598 1208 hos
621 1144 738 1222 exilem,
761 1146 847 1225 apud
869 1144 938 1208 illos
955 1143 1144 1209 uberrimam
1163 1145 1363 1226 reperiemus.

292 1249 340 1311 13.
364 1250 465 1326 Quam
493 1247 590 1310 multa
617 1246 656 1310 ab
678 1246 716 1311 iis
739 1247 916 1328 conquisita
938 1254 969 1310 et
991 1245 1119 1311 collecta
1141 1253 1215 1311 suut
1236 1246 1277 1312 de
1298 1264 1365 1310 om·

291 1349 373 1411 uium
396 1347 598 1411 animantium
620 1366 748 1427 genere,
779 1356 863 1426 ortu,
886 1348 1047 1427 membris,
1070 1347 1238 1412 aetatibusl
1270 1365 1366 1429 quam

291 1448 387 1512 multa
414 1448 569 1513 derebus
591 1449 643 1527 iis,
671 1468 752 1531 quae
773 1449 943 1530 gignuntur
965 1469 983 1515 e
1005 1448 1104 1513 terrai
1133 1448 1365 1530 quammultae

359 1605 381 1652 2.
396 1601 541 1663 -queretarll
578 1608 600 1649 l.
620 1607 711 1650 rotrone
730 1608 786 1665 (pro
804 1601 920 1667 mentem
955 1610 977 1650 et
991 1600 1073 1651 sicali
1091 1609 1118 1650 ot
1135 1600 1220 1650 eiust
1257 1605 1279 1650 6.
1298 1599 1367 1665 spart

289 1669 438 1734 cecropiam
458 1670 547 1720 siclt
584 1673 604 1719 t.
623 1670 660 1719 iis
681 1668 864 1736 [alstt’corr.
899 1669 1048 1735 (compend.
1068 1669 1159 1732 ambig.
1178 1669 1244 1718 iuter
1260 1669 1325 1718 omar*
1340 1677 1365 1718 st

290 1738 389 1786 omnium
409 1737 438 1804 ti)
474 1743 497 1786 9.
516 1737 553 1786 lte
573 1738 615 1787 LO

289 1868 414 1933 utroque
437 1859 511 1927 loeo,
535 1868 566 1916 ut
583 1860 640 1929 hie,
663 1860 856 1929 convincitur,
880 1878 967 1933 quarn
985 1878 1023 1917 ex
1046 1878 1104 1917 nou
1127 1858 1258 1934 limpidis
1274 1858 1364 1916 fonti·

243 1963 246 1968 ’
290 1944 344 2000 bus
361 1945 557 2019 cognitionem
571 1945 775 2020 philosophiae
788 1945 980 2002 Aristoteliae
992 1944 1120 2003 duxerit.
1143 1945 1221 2002 Nam
1233 1944 1364 2001 animum

289 2048 327 2085 ex
351 2028 405 2085 hoc
427 2030 530 2104 quinto
553 2049 660 2104 genere
683 2031 823 2087 materiae
851 2042 881 2086 et
908 2030 1039 2103 eorporis
1066 2036 1164 2086 ortum
1187 2047 1267 2100 esse,
1295 2047 1363 2086 nus·

289 2132 376 2188 quarn
401 2115 578 2171 Aristoteles
601 2115 686 2186 dixit,
710 2115 760 2188 qui
784 2114 1007 2190 diligentissime
1030 2114 1159 2171 animum
1182 2132 1201 2170 s
1222 2131 1365 2190 corpores

289 2208 395 2255 natura
423 2200 561 2257 seiunxit.
608 2200 788 2268 Antiochus,
819 2209 851 2256 nt
879 2199 998 2274 opinor,
1026 2217 1092 2256 eum
1122 2198 1215 2258 Stoici
1244 2199 1362 2275 igneum

288 2284 418 2340 animum
441 2283 581 2354 facerent,
605 2285 796 2342 Aristotelem
820 2303 938 2358 quoque
960 2284 1078 2340 induxit
1100 2283 1229 2341 animum
1248 2303 1285 2341 ex
1303 2284 1363 2341 ele·

289 2380 388 2425 mento
404 2368 504 2443 aliquo
522 2369 694 2444 fingentem
718 2388 784 2425 nam
802 2369 881 2443 apud
898 2369 992 2444 ipsum
1011 2368 1182 2427 Ciceronem
1202 2368 1278 2427 hane
1293 2386 1363 2426 con·

289 2451 434 2510 fusionem
453 2463 550 2510 natam
569 2473 626 2511 non
640 2454 776 2523 arbitror,
794 2454 844 2528 qui
863 2454 1046 2511 haecomnia
1057 2455 1094 2511 ab
1112 2453 1179 2510 aliis
1195 2454 1362 2528 sumpserit.

289 2537 483 2595 Enarratores
506 2557 542 2594 ne
565 2540 594 2595 in
612 2540 846 2596 'l'usculanarum
870 2538 986 2613 quidem
1011 2539 1085 2608 loco,
1109 2538 1156 2595 cui
1178 2556 1280 2596 omnes
1303 2559 1364 2596 me·

288 2623 391 2679 chinas
413 2624 523 2680 frastra
545 2625 713 2692 admovent,
737 2634 769 2680 ut
791 2623 963 2682 aCicerone
986 2624 1102 2699 eulpam
1121 2642 1179 2681 non
1198 2633 1278 2681 recte
1294 2642 1363 2682 eon·

289 2708 366 2764 versi
391 2701 567 2782 ἐντελεχείας
589 2710 715 2767 nominis
738 2709 925 2776 arnoliantur,
950 2708 1074 2765 alterum
1098 2708 1176 2765 bunc
1197 2709 1363 2784 graviorem

289 2811 417 2848 errorem
441 2802 634 2862 annotarunt,
664 2794 712 2868 qni
741 2794 778 2849 ab
807 2794 874 2850 aliis
902 2803 969 2849 ante
993 2793 1107 2867 aliquot
1129 2794 1247 2850 saecula
1269 2793 1362 2850 eninr·

288 2877 431 2934 adversus
453 2887 506 2933 est.
540 2869 749 2952 (Ἐντελέχειαν
772 2888 870 2935 tamen
887 2896 951 2935 esse
968 2878 1100 2952 quintam
1118 2878 1198 2935 illam
1218 2889 1362 2948 naturam,

289 2981 325 3019 ne
348 2962 452 3021 Cicero
476 2963 592 3036 quidem
616 2962 706 3031 dixit,
736 2963 813 3036 qnod
836 2963 929 3021 Gaius
956 2973 986 3020 et
1008 2962 1080 3022 Otto
1108 2973 1136 3019 et
1159 2963 1210 3020 alii
1233 2973 1363 3034 narrant,
1418 3031 1422 3039 Ι
1493 2988 1501 3004 ·

288 3047 343 3104 etsi
366 3046 601 3103 coniunctionem
625 3047 752 3121 aliquam
777 3048 880 3104 harum
898 3048 1049 3105 notionum
1069 3047 1162 3122 tingit,
1184 3065 1260 3122 quae
1283 3048 1364 3105 nulla

288 3135 355 3206 est.)
399 3133 527 3189 Zenonis
556 3133 590 3187 de
619 3133 705 3208 ignea
727 3132 817 3189 animi
841 3142 999 3190 naturast
1021 3133 1097 3208 ignis
1120 3133 1197 3189 inter
1219 3132 1365 3191 elementa

289 3217 455 3292 principatu
479 3217 632 3273 notissima
655 3218 802 3274 sententia
823 3227 877 3275 est.

374 3305 522 3375 etcopiose
544 3303 621 3376 apud
642 3303 690 3358 lroe
712 3304 819 3376 em'lem)
843 3303 893 3362 Sic
915 3302 1012 3359 editur
1035 3302 1102 3358 inde
1125 3321 1143 3358 e
1166 3301 1310 3371 Mesatis,
1334 3310 1364 3359 et

288 3386 533 3443 confirmantErl.
554 3396 583 3443 et
600 3387 678 3460 Spin.
691 3385 756 3465 [B],
780 3388 809 3444 id
832 3396 886 3456 est,
910 3387 1013 3444 melior
1035 3385 1158 3444 familia.
1193 3387 1363 3446 Deteriores

287 3483 450 3528 ceterorum
479 3482 513 3528 ut
540 3472 633 3528 nostri
661 3482 690 3528 et
713 3480 827 3529 veteres
850 3472 1008 3529 editiones:
1036 3482 1060 3528 et
1087 3473 1164 3547 apud
1189 3491 1233 3529 eos
1259 3475 1363 3547 copiam

287 3558 352 3628 (sex
373 3556 498 3624 Davisii,
522 3556 601 3629 Εχψ,
625 3556 730 3630 reliqui
743 3557 873 3631 Gziani).
908 3557 955 3614 Ex
977 3556 1103 3614 leviculo
1121 3557 1226 3614 mendo
1243 3555 1363 3615 inutiles

287 3650 318 3698 et
344 3660 501 3716 perversae
525 3642 600 3698 Dav.
629 3651 657 3698 et
681 3641 748 3700 Gaii
777 3643 963 3700 coniecturae
994 3652 1080 3698 natae
1102 3649 1180 3700 sunt.
1226 3640 1318 3715 (Gud.
1344 3641 1361 3698 2

286 3736 412 3783 acturam
435 3746 495 3783 vero
517 3729 628 3800 rerum.)
662 3728 734 3784 Mox
751 3729 785 3783 ab
808 3730 841 3787 iis
863 3726 1029 3784 necessario
1051 3727 1157 3802 scripsi
1179 3729 1225 3798 (ut
1246 3735 1311 3783 arat
1332 3726 1363 3783 iu
1394 3739 1396 3747 ’

286 3812 331 3868 ed.
345 3813 392 3885 R).
417 3812 446 3868 id
469 3822 522 3880 est,
545 3812 582 3867 ab
606 3812 651 3883 iis,
675 3812 725 3886 qui
744 3813 877 3887 proxime
890 3816 975 3884 (voce
993 3813 1063 3886 illos)
1075 3812 1268 3869 demonstrati
1284 3820 1361 3869 sunt.

287 3897 363 3954 Nam
393 3897 439 3952 hic
467 3896 584 3970 quidem
612 3898 647 3953 ab
670 3898 712 3954 tie
734 3897 838 3954 referri
866 3917 924 3955 non
952 3907 1068 3972 poterat
1095 3896 1152 3953 nisi
1175 3897 1212 3954 ad
1235 3896 1362 3967 Stoicos,

286 3981 452 4055 dequibus
475 3981 605 4038 dixerat:
628 3984 705 4057 apud
727 3983 785 4041 los.

375 4066 422 4122 13.
446 4068 479 4122 de
501 4068 580 4123 rebus
602 4070 644 4138 iis,
667 4087 737 4141 qaae
756 4072 904 4141 qiqauatur
920 4086 933 4123 e
951 4053 1114 4142 terrolaapi
1134 4062 1243 4140 φυτῶν.
1278 4065 1364 4125 Solet

286 4148 390 4209 Cicero
409 4151 463 4207 hac
476 4150 734 4210 circumlocutione
747 4153 789 4209 uti
798 4154 849 4225 (V,
858 4152 907 4223 33,
921 4151 1014 4209 Acad.
1026 4153 1051 4223 I,
1065 4150 1266 4222 26,N.D.11,
1280 4151 1319 4209 29
1333 4160 1363 4210 et

287 4235 409 4305 sacar.
418 4237 480 4309 52),
493 4237 572 4309 quod
583 4256 671 4294 unum
685 4247 785 4313 aptum
799 4237 889 4295 totius
900 4236 1017 4313 generis
1029 4255 1135 4293 nornen
1148 4255 1205 4293 non
1218 4236 1361 4306 habebst;

286 4338 353 4376 nam
372 4321 471 4379 herbis
488 4340 546 4379 non
564 4323 851 4398 comprehenduntur
862 4324 992 4392 arbores,
1011 4322 1130 4398 plantae
1147 4322 1226 4396 apud
1239 4321 1361 4380 Latinos

285 4405 372 4463 aliter
388 4406 535 4467 dicuntur.
564 4409 611 4480 (In
629 4408 666 4465 iis
682 4408 764 4480 locis,
782 4409 812 4466 in
830 4399 936 4483 quibus
948 4407 1133 4465 Foreelliuus
1150 4416 1180 4464 et
1191 4406 1361 4467 Schellerus
