3030 5086
399 533 401 538 ,
493 498 537 544 er
560 497 641 545 usn.
664 497 727 543 mn.
749 497 786 543 111
808 495 882 544 car.
905 500 943 547 re.
962 497 1026 560 (er.)
1228 477 1293 545 ebt

219 666 334 732 rivere.
379 666 490 747 Itaque
516 684 537 730 a
559 665 713 746 sapientia
734 664 942 746 praecipitur,
969 682 1005 730 se
1025 664 1140 745 ipsam,
1169 665 1196 730 si
1218 681 1296 731 usus

219 768 275 846 sit,
305 768 430 849 sapiens
458 774 492 832 ut
519 767 683 847 relinquat.
728 766 938 845 Quamobrem
966 785 1035 832 eum
1063 765 1208 832 vitiomm
1235 766 1297 832 ista

219 868 267 935 vis
287 887 350 934 non
373 868 423 947 sit,
445 878 480 933 ut
502 886 628 933 causam
651 867 786 933 afferant
806 868 916 934 mortis
938 867 1149 946 voluntariae,
1171 866 1296 950 perspi·

219 982 311 1036 caum
334 976 396 1049 est,
419 970 513 1034 etiam
536 969 716 1048 stultorum,
739 970 791 1050 qui
813 969 906 1035 iidem
929 969 1033 1034 miseri
1055 970 1132 1049 sint,
1160 967 1296 1037 officium

293 1214 313 1256 1.
333 1207 409 1272 speum
427 1207 478 1257 autb
494 1206 567 1256 sr'tE
591 1206 667 1271 ipsum
685 1207 710 1256 si
725 1206 819 1256 ιἰιιιινίι
837 1205 911 1258 PMO
934 1207 1011 1271 ι’ριαηι
1028 1207 1053 1257 er'
1069 1206 1192 1258 auraria
1218 1207 1295 1273 ἰμαπι

220 1275 365 1396 πῗοὲ.
386 1282 414 1396 (³)
433 1275 555 1326 cusumc
589 1283 612 1326 4,
635 1273 705 1343 [idam
722 1274 757 1341 Δ]
777 1274 870 1339 quidun
885 1275 942 1341 (pro
960 1276 1003 1339 qui
1018 1275 1139 1338 iidemtll
1172 1277 1220 1327 aiat
1237 1284 1298 1343 post

219 1568 334 1609 summa
362 1561 392 1608 et
420 1568 486 1607 curn
515 1558 621 1606 natura
646 1549 854 1608 convenientia
880 1558 1016 1625 ponatur.
1061 1550 1178 1608 Deinde
1200 1551 1296 1609 oratio

219 1654 357 1713 perverse
385 1633 581 1712 progreditur.
627 1635 758 1692 Primum
787 1634 864 1691 enim
893 1644 1058 1711 opportune
1087 1634 1161 1693 mori
1188 1634 1297 1692 dicitur

220 1739 284 1778 esse
307 1732 428 1777 naturae
452 1720 661 1777 convenienter
683 1719 799 1788 vivere3
822 1719 928 1778 deinde
946 1720 1002 1776 boc
1018 1719 1061 1777 ite
1077 1737 1152 1791 essa,
1175 1720 1295 1778 demon·

203 1814 329 1863 stratur
351 1825 388 1862 ex
411 1824 461 1873 eo,
490 1805 568 1880 quod
591 1804 822 1880 opportunitatis
849 1805 887 1862 sit
914 1805 1000 1862 beate
1023 1803 1123 1862 vivere
1146 1804 1206 1879 (Sic
1228 1809 1297 1863 enim

218 1900 323 1948 censeat
350 1892 431 1964 cet),
466 1890 550 1963 quasi
580 1890 617 1946 ab
646 1890 866 1964 opportunitate
894 1890 1022 1966 primum
1055 1890 1092 1947 ad
1125 1889 1294 1948 universam

219 1975 322 2032 beatae
350 1976 428 2031 vitae
462 1975 611 2032 notionem
646 1985 675 2031 et
702 1974 807 2031 deinde
840 1976 877 2032 ed
907 1984 1030 2031 naturae
1058 1974 1295 2033 convenientiam

219 2060 371 2137 veniatur,
400 2077 435 2116 ac
458 2078 515 2116 non
538 2069 650 2116 contra.
694 2059 831 2116 Tolletnr
853 2061 924 2117 baec
947 2059 1128 2128 absurditas,
1152 2059 1182 2118 in
1197 2078 1293 2134 ¹quam

219 2144 338 2214 Cicero,
362 2154 545 2220 repugnante
568 2155 687 2215 natura,
717 2145 845 2202 incidere
868 2144 998 2220 potuisse
1026 2163 1085 2202 non
1109 2146 1240 2216 videtur,
1269 2145 1294 2203 si

218 2230 407 2288 statuerimus
442 2230 517 2285 idem
552 2229 600 2285 bic
632 2230 663 2285 in
697 2229 798 2286 codice
831 2230 990 2306 archetypo
1024 2230 1181 2301 accidisse,
1215 2230 1295 2305 quod

218 2315 268 2372 lib.
297 2316 334 2383 V,
359 2316 397 2370 86
427 2314 569 2370 eccidisse
597 2314 792 2371 certissimum
821 2324 880 2385 est,
915 2325 962 2383 ut,
992 2315 1123 2373 membro
1151 2316 1295 2373 orationis

219 2400 328 2458 omisso
357 2409 386 2455 et
408 2399 513 2454 deinde
537 2407 678 2467 retracto,
707 2401 884 2474 permutatio
908 2399 965 2457 loci
989 2400 1111 2457 duarum
1135 2400 1295 2458 sententia·

217 2503 282 2542 rum
307 2483 354 2540 rel
376 2484 474 2559 potius
497 2484 619 2540 duorum
640 2484 836 2541 membrorum
855 2485 952 2553 lieret;
975 2484 1017 2542 sic
1040 2485 1117 2542 enim
1141 2486 1295 2560 scripsisse

219 2568 391 2628 Ciceronem
415 2579 502 2644 puto:
524 2572 549 2624 si
570 2570 600 2625 id
620 2579 767 2644 opportune
781 2571 878 2643 fucere
896 2573 991 2645 possit.
1025 2569 1072 2627 Sic
1093 2574 1162 2628 caim
1179 2581 1294 2641 caraem,

218 2657 425 2730 opportunitatis
448 2673 504 2710 esse
527 2654 720 2720 terrestrem,
749 2657 823 2728 quod
849 2665 889 2711 est
914 2657 1095 2712 conuenienter
1120 2665 1234 2713 naturae
1255 2658 1295 2712 ιι-

220 2758 287 2796 cera.
332 2740 430 2812 ltaque
457 2749 512 2794 cet.
558 2737 631 2797 Cum
660 2739 785 2795 dixisset
807 2738 897 2797 Ceto:
925 2744 951 2796 si
976 2741 1007 2796 id
1032 2751 1178 2815 opportuna
1198 2744 1296 2814 fucere

215 2829 318 2901 possit,
342 2824 486 2898 explicat,
515 2832 626 2896 quanta
651 2824 693 2880 vis
716 2825 754 2879 sit
776 2825 1006 2899 opportunitatis
1028 2822 1093 2898 (τῆς
1116 2816 1295 2900 eulampius„

219 2928 282 2966 eam
313 2909 388 2964 enirn
419 2909 447 2964 in
477 2909 542 2982 ipsa
571 2909 673 2964 beatae
704 2912 783 2964 vitae
810 2909 931 2966 notione
959 2909 1127 2976 inhaerere,
1155 2910 1294 2982 qnoniam

219 2995 304 3051 beate
328 2994 427 3049 virere
450 2994 488 3049 sit
511 2994 720 3049 convenienter
743 3004 865 3050 naturae
889 2995 1003 3060 virere;
1026 2998 1105 3066 (nam
1130 2994 1202 3049 baec
1224 3013 1294 3051 con-

218 3078 367 3136 venientia
390 3079 477 3134 etiam
502 3079 751 3152 opportunitatem
775 3079 1010 3153 cumprehendit3
1040 3079 1089 3152 qni
1118 3079 1194 3134 enirn
1220 3079 1294 3135 vivit

219 3163 370 3221 scientiam
394 3163 536 3219 adhibens
560 3182 659 3219 earum
684 3182 794 3221 rerum.
818 3182 893 3238 quae
915 3173 1022 3220 natura
1044 3163 1191 3230 eveniant,
1214 3163 1239 3220 is
1262 3182 1294 3221 se

219 3249 256 3305 ad
279 3267 329 3304 eas
351 3248 566 3316 accommodat,
595 3249 682 3304 etiam
708 3248 735 3303 in
760 3249 816 3304 fine
840 3250 918 3305 vitae
942 3249 1133 3322 imponendo,
1157 3266 1193 3304 ne
1216 3249 1294 3305 ultra

218 3334 466 3409 opportunitatem
486 3352 519 3388 ea
532 3333 741 3407 protrahatur).
776 3333 943 3391 Cohaerent
960 3335 1016 3390 iam
1035 3333 1143 3391 carnia.
1179 3333 1292 3390 Vitium

219 3419 360 3475 orationis
383 3419 470 3473 etiam
495 3419 638 3484 Karnine,
669 3419 814 3492 interpres
837 3419 1019 3487 Germanus,
1049 3419 1122 3475 vidit
1151 3428 1181 3475 et
1207 3423 1294 3475 uivere

219 3514 285 3578 post
318 3513 431 3559 naturae
464 3503 618 3558 delendum
653 3505 777 3578 putarit.
833 3505 943 3560 Verum
978 3513 1038 3559 tum
1068 3522 1126 3561 non
1154 3506 1229 3578 quod
1255 3515 1295 3562 eat

219 3588 307 3644 scribi
331 3588 445 3654 debuit,
475 3588 541 3657 sed,
572 3599 601 3644 ιιι
631 3589 659 3644 ἰιι
685 3590 770 3644 innius
794 3589 874 3645 verbi
903 3590 1161 3663 interpretatione,
1190 3591 1220 3645 iu
1246 3600 1293 3646 est.

221 3669 298 3752 [Nec
320 3677 500 3729 consentanea·
522 3684 635 3729 uutrrrue
656 3693 674 3729 a
697 3675 757 3728 vita
780 3674 942 3730 desciscere
965 3669 1166 3752 iubebantur]

303 3777 332 3813 ee
359 3761 461 3831 spuunt,
489 3762 515 3812 si
541 3778 606 3814 usare
634 3760 681 3831 sit)
706 3759 776 3833 Ipsa
797 3759 944 3833 sapientia
965 3758 1127 3832 sapientem
1155 3776 1174 3813 a
1196 3776 1227 3814 se
1250 3759 1294 3814 di-

220 3842 308 3898 mittit
337 3860 390 3897 nec
418 3841 539 3911 retinet;
569 3854 599 3899 et
626 3844 651 3899 is
679 3845 716 3899 ab
739 3862 789 3913 ea,
818 3844 847 3899 id
871 3853 929 3912 est,
960 3844 1023 3900 eius
1051 3862 1105 3900 usu
1134 3851 1163 3899 et
1190 3843 1292 3902 habitu

218 3927 355 3993 discedit3
385 3945 479 4000 neque
508 3928 583 3983 enim
614 3937 746 3984 mortuus
774 3947 837 3984 eam
867 3928 1002 3997 habebit,
1032 3927 1198 3986 Stoicorum
1227 3946 1292 3984 sen·

218 4012 318 4070 tentia.
365 4013 488 4068 Frustra
512 4013 664 4068 Ernestius
691 4033 720 4069 se
748 4017 834 4088 apsum
862 4012 992 4069 malebat
1018 4012 1133 4084 (debuit
1159 4032 1187 4070 se
1214 4016 1292 4088 apsa),

218 4115 311 4170 neque
334 4108 413 4153 recte
436 4117 454 4152 a
478 4099 595 4153 Bremio
618 4107 646 4153 et
670 4097 747 4154 Gzio
770 4096 924 4156 refellitur.
970 4098 1004 4155 Si
1025 4117 1090 4154 ursus
1112 4101 1146 4154 sit
1168 4099 1209 4172 (in
1234 4116 1292 4172 quo

217 4182 446 4256 opportunitatis
476 4182 651 4257 significatio
679 4185 735 4257 est)
764 4185 911 4242 Gruterus
938 4202 954 4240 e
983 4183 1047 4239 Pal.
1074 4186 1105 4250 1,
1139 4191 1167 4238 et
1201 4201 1292 4258 prope

217 4266 329 4322 accedit
353 4267 412 4323 Erl.
438 4262 500 4345 [B]
548 4268 581 4322 Si
607 4271 702 4324 cureat
725 4266 804 4325 Gud.
834 4269 864 4333 l,
892 4271 918 4324 si
943 4271 1050 4325 iusserat
1078 4267 1157 4326 Oxx.
1180 4285 1292 4336 omnes,

217 4351 275 4408 duo
298 4350 377 4409 Gzii.
424 4352 549 4425 Aliquot
572 4353 705 4409 versibus
736 4362 802 4427 post
829 4356 852 4409 ei
878 4356 965 4425 anapia
992 4351 1086 4411 Gaius
1115 4371 1131 4409 e
1154 4362 1293 4428 quattuor

216 4437 277 4493 suis
300 4433 349 4516 [B.
393 4437 475 4492 Idem
496 4433 632 4515 possunt}

1036 4551 1086 4602 2⁹*
