3030 5086
215 499 280 564 802
637 514 811 564 menaeus
832 515 866 562 11.

222 689 315 746 ciatos
333 687 522 765 magistratus
539 686 644 747 Cicero
661 687 746 758 dicit3
769 687 899 747 Orellius
916 687 1098 745 crateribus
1115 685 1314 745 editionibus

221 775 334 832 dissidio
356 782 503 849 posuerat.
537 775 581 847 (6)
599 774 659 831 Pro
671 772 790 850 Ligario
805 773 842 831 19
860 774 950 830 hostili
965 775 1025 831 odio
1047 773 1231 831 contrarium
1259 778 1312 827 ast

220 861 295 917 n'uiic
317 860 468 928 discidium,
490 858 592 928 idest,
615 857 724 916 civium
747 859 893 934 separatio
917 867 945 915 et
967 859 997 916 in
1020 868 1119 934 partes
1134 855 1310 921 diiunctio;

221 944 396 1020 scripturam
426 952 577 1019 praestant
604 942 720 1001 codices
741 942 927 1003 Coloniensis
954 953 984 1001 et
1005 942 1205 1013 Erfurtensis,
1238 959 1309 999 orn·

220 1029 301 1087 nium
324 1029 439 1105 optimi,
462 1028 519 1088 Ox.
544 1040 580 1102 ψ,
604 1038 664 1086 tum
690 1039 824 1099 „veteres
845 1029 933 1087 libri“
958 1029 1102 1086 Lambini.
1135 1029 1185 1087 De
1208 1027 1309 1084 baru-

221 1114 334 1191 spioum
363 1114 513 1189 responsis
541 1115 580 1171 tn
610 1115 654 1188 (7)
677 1114 833 1172 edebatur:
858 1125 921 1191 post
948 1116 1090 1172 dissidium
1117 1115 1308 1190 optimatium

219 1218 274 1261 nec
308 1198 506 1274 discrepantia
539 1199 599 1256 ulla
629 1199 666 1256 ab
694 1198 807 1258 Orellio
835 1209 968 1269 notatum
1001 1200 1051 1256 sed
1079 1201 1227 1258 discidium
1259 1197 1307 1270 (in

220 1294 320 1361 partes
347 1284 536 1359 discessum),
565 1293 597 1341 ut
624 1284 759 1343 Klotsins
788 1284 893 1353 edidit,
922 1294 1040 1342 tuentur
1068 1285 1162 1344 codex
1184 1276 1308 1364 [Ρη]

218 1368 297 1440 Est,
321 1368 399 1428 Oxx.
423 1378 498 1437 tres,
528 1368 619 1427 editio
642 1369 798 1447 Naugerii,
827 1370 857 1427 id
885 1380 944 1439 est,
968 1370 1157 1427 auctoritates
1181 1386 1305 1427 omnes.

220 1455 378 1513 Postremo
401 1455 445 1530 (8)
467 1455 504 1512 ad
527 1455 620 1513 Attis.
644 1456 673 1523 1,
699 1457 747 1521 17,
771 1457 789 1514 7
819 1456 912 1513 codex
941 1455 1091 1513 Mediceus
1118 1454 1222 1512 codam
1256 1471 1307 1510 er·

219 1559 301 1610 rore,
336 1559 393 1614 quo
422 1541 475 1603 IV,
503 1543 533 1609 l,
561 1544 591 1609 l,
625 1540 765 1616 scriptum
799 1541 889 1597 habet
920 1543 1082 1599 dissensione
1113 1560 1146 1597 uc
1180 1539 1309 1597 dissidio

219 1634 321 1695 vcstr03
352 1624 403 1682 sed
433 1627 546 1682 discidio
568 1626 618 1699 (ex
641 1625 822 1683 dissensione
845 1628 922 1701 orto)
944 1627 992 1683 hic
1014 1644 1130 1700 quoque
1158 1625 1226 1682 eius
1253 1641 1307 1681 eo·

220 1710 294 1768 dicis
322 1719 471 1768 corrector
497 1710 629 1787 scripsit,
660 1710 873 1786 edideruntque
901 1730 917 1768 e
945 1711 1006 1769 suis
1033 1710 1184 1768 codicibus
1207 1710 1307 1767 Lam·

220 1795 307 1853 binus
335 1805 365 1852 st
387 1796 505 1855 Bosius.
549 1796 644 1853 Extra
666 1795 838 1855 Ciceronem
869 1804 929 1854 tres
958 1796 1076 1855 omnino
1106 1795 1175 1853 novi
1203 1794 1306 1862 locos,

220 1881 251 1939 in
285 1881 391 1955 quibus
425 1880 594 1939 defensores
627 1881 764 1939 habuerit
795 1883 951 1949 dissidium,
986 1891 1139 1957 postquam
1176 1879 1307 1955 quidem

221 1965 366 2042 disputari
394 1966 431 2022 ds
459 1967 515 2023 hec
536 1986 568 2023 re
591 1975 727 2044 coeptum
750 1967 802 2037 sit3
832 1967 906 2041 duos
928 1965 1091 2042 Propertii,
1119 1965 1254 2022 alterum
1280 1965 1307 2028 t,

225 2054 278 2121 11,
303 2051 357 2108 28:
388 2052 484 2108 Multis
505 2055 558 2108 istc
580 2053 683 2109 dobant
704 2054 784 2111 litora
805 2054 961 2121 dissidium,
984 2051 1035 2108 ubi
1057 2050 1150 2108 codex
1175 2050 1308 2126 Neapo-

221 2137 330 2194 litanus
353 2135 442 2193 habet
463 2138 606 2195 discidium
628 2137 670 2210 (id
693 2147 752 2195 est:
776 2137 882 2195 multos
899 2136 951 2194 illa
968 2136 1145 2213 separabant
1162 2144 1309 2193 amantes

222 2230 251 2278 et
279 2221 363 2295 quasi
392 2221 550 2279 divortium
579 2221 754 2297 iaciebant),
788 2223 911 2280 alterum
935 2223 967 2280 11
990 2222 1051 2295 (ΙΙΙ
1073 2221 1224 2295 Lachm.),
1252 2222 1306 2291 24,

223 2308 273 2376 32,
296 2306 347 2363 ubi
369 2316 449 2364 recta
472 2308 678 2366 Lachmannus
700 2327 716 2365 e
739 2309 802 2365 cod.
815 2309 909 2384 Neap.
932 2317 961 2364 et
983 2307 1050 2365 eliis
1072 2307 1177 2364 edidit:
1202 2307 1307 2365 Disci-

222 2394 297 2449 dium
318 2392 392 2449 uobis
410 2396 552 2468 prosimus
573 2413 661 2451 onnus
682 2397 741 2462 erit,
764 2394 820 2451 hoc
836 2403 890 2464 est,
913 2403 1041 2450 vestram
1059 2392 1306 2450 coniunctionem

220 2476 319 2546 tollet3
348 2479 478 2535 dissensio
505 2478 658 2536 ridiculam
682 2479 805 2536 haberat
825 2478 1010 2536 sententiam.
1054 2477 1173 2534 Tertius
1196 2477 1307 2534 Plauti

220 2572 264 2620 est
287 2562 318 2619 in
342 2562 405 2620 Mil.
428 2561 513 2622 Glor.
536 2565 594 2634 111,
617 2565 648 2634 Ι,
672 2565 727 2621 59:
755 2583 840 2640 nsque
863 2583 915 2640 pcc
941 2567 1031 2621 uinum
1051 2581 1179 2637 umquam
1201 2582 1239 2619 er
1263 2581 1308 2620 me

221 2654 341 2709 moritur
375 2651 517 2708 dissidium
546 2654 572 2706 in
601 2652 730 2719 cmvioio,
764 2650 814 2706 ubi
847 2649 926 2724 quod
958 2658 1037 2706 recte
1065 2648 1163 2705 Aldus
1190 2646 1307 2716 edidit,

223 2738 336 2796 Parcus
368 2735 398 2792 in
427 2745 552 2812 utroque
580 2735 679 2792 codice
708 2735 845 2807 Palatino
874 2752 938 2793 esse
965 2741 1105 2801 testetur,
1138 2734 1308 2801 discidium

223 2822 443 2881 Lindemannus
465 2839 502 2877 ne
524 2829 734 2877 commemorat
755 2820 882 2894 quidem.
917 2818 1113 2896 significatur,
1136 2834 1306 2892 numquam

224 2906 390 2984 perturbari
412 2924 468 2963 nec
490 2905 591 2963 divelli
613 2904 845 2962 communionem
870 2904 1035 2962 hilaritatis.

310 2992 389 3052 Satis
422 2991 624 3049 confirmatum
659 3008 723 3048 esse
756 2991 877 3067 opinor,
912 2990 1024 3047 nullum
1057 3006 1121 3046 esse
1155 2987 1306 3046 Latinum

222 3078 397 3136 vocabulum
421 3079 577 3147 dissidium,
606 3077 635 3134 id
658 3084 771 3147 autem,
800 3075 877 3151 quod
899 3084 958 3144 est,
987 3076 1142 3144 discidium,
1170 3073 1216 3131 ita
1241 3073 1306 3132 lats

223 3173 342 3240 patera,
364 3174 397 3220 ut
419 3181 477 3219 non
501 3163 594 3219 solum
618 3163 654 3218 ad
678 3180 777 3218 sorum
801 3160 1030 3238 separationem,
1054 3159 1156 3235 quiin
1180 3159 1308 3217 divus·

223 3249 288 3305 locs
321 3248 536 3317 distrahantur,
570 3248 730 3324 pertineat,
764 3248 815 3304 sed
848 3246 886 3303 ad
919 3264 1035 3314 omnes,
1069 3263 1194 3319 quorum
1232 3262 1308 3303 con·

223 3334 349 3403 iunctio,
380 3332 468 3390 etiam
496 3333 659 3389 animorum
688 3333 785 3391 vinclo
813 3333 947 3402 astricta,
976 3348 1095 3407 prorsus
1122 3330 1254 3387 tollatur
1277 3339 1311 3388 st

140 3478 144 3485 ,
223 3420 253 3477 in
276 3419 445 3477 inimicitias
467 3426 663 3475 convertatur.
