3030 5086
391 485 436 531 nr
459 485 539 531 nnn.
563 485 626 532 ma.
648 486 684 532 111
706 486 779 534 cae.
802 490 867 534 s-e
891 487 1024 548 (re-ao.)
1182 469 1243 536 371

169 657 296 738 dignum
319 653 546 732 aestimatione,
568 672 662 735 quam
683 653 728 718 illi
750 647 836 725 ἀξίαν
858 660 979 734 vocant,
1004 661 1175 735 contraque
1196 655 1246 718 iu·

169 757 371 835 aestimabile,
393 757 478 836 quod
500 756 542 819 sit
563 755 718 836 superiori
739 756 940 821 contrarium.
973 756 1073 823 Initiis
1089 755 1186 837 igitur
1201 755 1247 821 ita

169 858 357 936 constitutis,
374 864 410 921 ut
425 875 471 936 ea,
488 875 570 937 qnae
586 857 757 921 secundum
773 865 919 924 neumam
930 865 1013 936 sunt,
1029 859 1099 939 ipsa
1115 865 1247 938 propter

169 981 204 1027 se
226 961 377 1026 sumenda
404 958 467 1038 sint
493 958 713 1039 contrariaque
739 958 815 1022 item
836 960 1007 1038 reicienda,
1034 960 1170 1041 primum
1197 963 1247 1024 est

170 1060 305 1127 officium
327 1061 373 1142 (id
396 1060 477 1124 enim
499 1059 624 1141 appello
647 1059 809 1140 accisae),
837 1068 874 1124 ut
894 1080 930 1126 se
951 1069 1115 1126 conservet
1134 1061 1167 1125 in
1189 1062 1284 1127 nst-5

169 1173 259 1228 turae
280 1170 375 1241 statu,
396 1162 543 1241 deinceps
565 1168 601 1225 ut
622 1179 661 1225 ea
676 1167 789 1239 teneat,
811 1180 893 1242 quae
909 1164 1079 1227 secundum
1098 1170 1245 1227 naturam

245 1373 264 1418 l.
282 1364 321 1414 ille
342 1393 371 1402 -
390 1373 459 1414 uocat
477 1378 573 1424 omnes,
592 1362 628 1412 Or
666 1362 752 1429 [ααίαα
768 1362 802 1430 Α]
842 1371 864 1412 2.
882 1364 944 1414 intua
963 1365 1069 1429 1¹9?th
1104 1371 1128 1417 4,
1144 1365 1246 1429 primum

170 1436 229 1484 aion
248 1434 351 1498 officium
369 1434 444 1482 eatE
481 1437 503 1481 5,
522 1431 583 1482 roem
602 1432 658 1495 (pro
679 1431 706 1480 id
722 1431 832 1494 enimlss
870 1431 992 1498 [catharon
1009 1433 1039 1500 Α]

170 1625 305 1681 Latinam
330 1640 446 1691 vocem,
477 1640 563 1695 quam
587 1621 727 1691 finxerat,
755 1631 892 1679 excusat:
923 1623 998 1692 „hoc
1026 1623 1103 1680 enim
1127 1623 1246 1680 nomine

170 1714 315 1766 utamur.“
350 1709 522 1781 Appellamus
539 1705 706 1762 necessaria
722 1715 767 1763 est
778 1707 835 1764 Th.
847 1708 974 1764 Bentleii
986 1708 1139 1777 correctio,
1157 1725 1246 1781 quam

169 1795 303 1870 plerique
319 1792 412 1849 secuti
430 1804 512 1859 sunt3
531 1809 585 1847 nec
602 1792 679 1847 enim
697 1790 773 1849 Cato
790 1792 936 1867 opinatur,
954 1792 996 1849 sic
1014 1793 1136 1850 Latinos
1153 1791 1245 1866 loqui,

170 1879 221 1936 sed
249 1879 292 1935 sic
314 1877 371 1934 sibi
393 1876 474 1950 loqui
497 1877 596 1934 licere.
639 1875 732 1949 (Oxx.
762 1880 930 1952 appellamus
958 1888 1102 1935 annotant
1130 1886 1245 1934 tantum

170 1984 207 2020 ex
228 1966 298 2038 χψ.)
343 1961 419 2040 [Cir.
443 1961 634 2035 Wesenberg,
658 1961 696 2017 ad
718 1962 807 2018 Tusc.
831 1964 887 2032 IV,
913 1963 964 2032 12,
989 1962 1048 2021 Off.
1070 1963 1096 2032 1,
1120 1960 1165 2039 8.]

255 2067 337 2121 qaam
363 2049 404 2103 illi
431 2037 538 2114 ἀξίαν
564 2044 672 2119 vocant)
695 2047 806 2120 Recepi
829 2057 895 2123 post
919 2046 1106 2106 Schuetzium
1129 2045 1262 2104 Pearcii'

170 2132 396 2201 correctionem,
430 2130 497 2187 aliie
525 2149 642 2205 quoque
669 2132 836 2205 probatum.
879 2122 985 2203 (codd.
1019 2143 1183 2190 ceterorum
1213 2141 1247 2188 ut

170 2218 285 2292 nostri.)
320 2217 415 2291 Saepe
438 2217 480 2272 sic
497 2215 572 2274 Cato
585 2215 701 2273 Stoicos
718 2216 855 2273 universe
872 2218 1027 2292 significat,
1050 2236 1116 2275 cum
1129 2216 1247 2276 Graeca

171 2294 391 2376 interpretatur,
413 2312 447 2359 ut
464 2319 532 2356 mox
546 2306 560 2370 ξ
575 2301 630 2356 21:
653 2319 735 2374 quam
751 2305 889 2376 appelleret
911 2295 1055 2360 irrorata
1077 2305 1125 2373 a'lli,
1148 2311 1178 2358 et
1191 2303 1246 2357 24:

170 2392 212 2445 illi
232 2391 371 2482 offellum
392 2374 685 2462 κατορθώματα,
714 2396 744 2442 et
767 2386 823 2444 32:
850 2387 925 2461 qaod
945 2389 986 2443 illi
1007 2380 1245 2462 ἐπιγεανημα-

170 2492 271 2531 cruos
298 2473 450 2547 appellant,
478 2480 508 2526 et
537 2470 575 2526 35
605 2480 636 2525 et
663 2471 712 2526 53.
763 2472 859 2541 Zeno,
893 2490 979 2545 quem
1011 2474 1086 2528 illam
1113 2468 1247 2545 intellegi

170 2559 288 2626 volunt,
317 2574 460 2629 nusquam
490 2573 584 2628 neque
612 2555 660 2611 hic
683 2574 778 2629 neque
800 2557 872 2613 alibi
894 2557 974 2631 apud
996 2556 1113 2615 Stoicos
1134 2555 1247 2630 Pytha·

170 2644 271 2718 gorica
298 2642 350 2698 illa
378 2641 492 2697 ratione
515 2639 697 2716 significatur
724 2643 766 2712 (et
790 2629 894 2707 αὐτός,
924 2661 983 2698 non
1006 2634 1114 2706 ἐκεῖνος
1134 2640 1247 2715 Pytha·

170 2747 257 2804 goras
280 2727 453 2798 dicebatur),
476 2725 654 2798 omninoque
676 2725 749 2782 mire
772 2726 798 2782 is
820 2725 867 2781 bic
885 2726 982 2783 subito
1000 2727 1247 2800 interponeretur,

170 2832 236 2870 cum
265 2821 327 2869 toto
355 2810 507 2885 superiore
529 2810 626 2884 capite
648 2809 724 2869 Cato
746 2811 812 2885 ipsa
833 2811 978 2885 principia
1001 2809 1173 2884 disciplinae
1195 2828 1247 2867 ex·

171 2916 282 2973 ponens
310 2896 447 2952 universe
476 2895 590 2951 locutus
617 2906 704 2952 esset.
750 2896 814 2952 Nec
843 2895 936 2969 magis
963 2896 1019 2953 hoc
1047 2912 1154 2952 nomen
1183 2895 1247 2951 eius

171 2983 320 3058 proprium
345 2991 409 3036 erat
431 2999 517 3053 quam
541 2980 656 3052 reliqua
677 2981 785 3045 omnia,
808 2980 859 3036 sed
882 2980 1000 3037 scholae
1022 2997 1187 3038 commune.

255 3069 285 3124 id
306 3070 373 3123 enim
395 3064 514 3139 appello)
538 3065 615 3121 Dav.
641 3065 782 3121 malebat:
805 3067 843 3121 ita
865 3068 933 3120 enim
954 3067 1076 3140 appello,
1100 3082 1159 3120 non
1182 3064 1247 3121 sine

170 3171 272 3221 causa;
301 3169 395 3225 neque
424 3149 500 3206 enim
525 3150 567 3205 sic
590 3168 750 3223 pronomen
774 3168 840 3206 cum
863 3151 1032 3225 appellandi
1056 3149 1146 3206 verbo
1168 3148 1247 3224 posi-

170 3246 231 3293 tum
255 3255 300 3292 me
323 3236 421 3310 legere
444 3234 578 3302 memini,
608 3244 640 3290 ut
662 3245 754 3290 esset:
776 3237 830 3301 ita,
853 3253 882 3290 eo
904 3241 1017 3294 amcino,
1062 3234 1126 3291 Nec
1148 3243 1247 3290 tamen

170 3323 294 3397 corrigo,
318 3322 395 3393 quia,
419 3339 484 3376 eum
497 3319 603 3377 Cicero
620 3319 763 3395 singulari
780 3320 905 3392 quodam
924 3322 1012 3378 modo
1033 3318 1181 3377 interdum
1203 3317 1247 3374 rei

171 3418 200 3463 et
222 3405 348 3462 nominis
372 3406 519 3462 notionem
545 3405 574 3460 in
598 3423 686 3460 unum
711 3405 832 3473 conflet,
860 3413 893 3460 ut
914 3406 947 3463 II
968 3405 1064 3463 Acad.
1093 3405 1146 3461 18:
1173 3404 1248 3477 quod

170 3492 357 3565 comprelmdi
378 3501 470 3564 posset
497 3490 539 3562 (id
566 3492 633 3545 cnt'm
661 3492 782 3546 volumus
808 3508 865 3546 esee
892 3472 1096 3564 καταληπτόν,
1129 3488 1160 3545 id
1188 3497 1247 3545 est:

171 3578 213 3633 sic
236 3575 313 3631 enim
337 3575 481 3649 appellari
502 3574 607 3631 Latine
630 3575 789 3647 volumus),
812 3576 916 3631 0124:
938 3577 1066 3650 appetitio
1087 3577 1158 3645 (eam
1179 3575 1248 3629 eran

170 3664 290 3719 volumus
312 3679 370 3716 esse
392 3644 507 3733 ὁρμήν),
530 3660 593 3715 fieri
611 3670 718 3734 potest,
741 3670 774 3717 ut
790 3659 821 3716 id
843 3660 891 3716 hic
913 3660 1000 3720 etiam
1024 3659 1055 3714 in
1077 3656 1248 3733 appellandi

171 3748 261 3804 verbo
290 3744 401 3802 fecerit.
446 3739 550 3821 [Legg.
574 3745 619 3814 11,
645 3746 699 3801 64:
733 3746 838 3802 hactum
866 3746 941 3816 (raom
967 3746 998 3801 id
1019 3754 1087 3818 puto
1113 3744 1250 3818 appellari

170 3821 308 3905 τύμβον);
331 3829 425 3885 Aead.
442 3828 484 3891 ΙΙ,
499 3829 538 3883 29
551 3830 612 3900 (boe
631 3863 668 3870 -
687 3831 796 3902 debere).
829 3829 933 3887 Livius
949 3828 1135 3898 XXXVIII,
1152 3829 1199 3898 17,
1213 3826 1247 3883 9:

174 3916 359 3988 Galloprueci,
388 3915 462 3986 quod
488 3910 683 3992 appellantem]
728 3914 821 3972 Notio
842 3911 896 3970 τοῦ
918 3897 1105 3988 καθήκοντος
1127 3911 1247 3970 uberius

171 4000 336 4074 explicatur
356 4000 499 4072 §58sqq
544 3995 660 4077 [Verba
680 4008 815 4056 conperiat
837 4032 875 4040 -
900 4007 985 4056 teneat
1008 4029 1047 4039 -
1067 3997 1248 4072 pellat-satie

170 4086 360 4160 neglegenter
382 4083 551 4140 referuntur
572 4083 610 4139 ad
633 4084 745 4141 bacinis
767 4083 1010 4159 significationem
1033 4099 1178 4157 nusquam
1195 4099 1247 4138 ex·

171 4189 317 4245 pressam;
345 4168 479 4243 sequitur
501 4169 578 4225 enim
603 4170 640 4225 21
666 4169 803 4226 demum:
833 4170 930 4225 Paua
951 4177 990 4223 est
1011 4169 1079 4224 enim
1100 4168 1248 4225 conatam

172 4257 282 4311 bortrinis
305 4264 360 4311 cet.
405 4254 554 4328 Suspicari
578 4254 686 4327 aliquia
708 4254 809 4328 possit,
831 4256 913 4322 enim,
942 4251 1021 4326 quod
1043 4261 1111 4327 post
1126 4255 1248 4328 pnlnwn

171 4340 231 4396 Erl.
256 4351 286 4396 et
308 4341 333 4396 B
356 4339 476 4408 addunt,
499 4348 595 4395 ortum
618 4357 683 4395 esse
706 4357 743 4394 ex
766 4334 901 4416 hominia]

991 4433 1041 4483 24*
