3030 5086
663 510 860 558 emanare.
1183 494 1302 560 XLVll

216 680 332 745 sertim
349 680 417 761 ipse
433 680 531 745 codex
546 693 610 744 mm
627 679 829 761 neglegenter
849 685 883 744 et
897 678 1040 759 imperite
1056 679 1191 759 scriptus
1208 685 1302 759 esset,

218 805 317 868 quern
326 804 425 869 supra
435 787 507 865 diui,
518 785 691 851 familiaene
702 786 913 851 testimonium
924 804 964 850 an
977 785 1069 850 unius
1080 786 1199 850 librarii
1210 786 1315 852 error'

220 893 348 959 oblatus
364 901 457 972 esset,
478 894 564 958 velut
578 894 619 970 Π,
631 894 681 958 87.
717 893 822 977 [Nunc
838 902 870 957 et
888 895 928 958 de
943 893 995 958 illo
1017 893 1086 957 loco
1107 902 1139 958 et
1161 893 1302 973 reliquae

220 1000 428 1065 dubitationis
455 1018 599 1082 magnam
625 1008 747 1087 partem
775 999 898 1065 codices
927 1003 953 1064 A
981 1008 1013 1064 et
1039 1001 1067 1065 B
1096 1000 1301 1065 sustulerunt

221 1106 288 1174 Sed
304 1115 418 1185 tannen
440 1108 527 1188 quod
543 1106 634 1171 BErl.
656 1117 720 1172 tarn
741 1106 938 1188 propinquae
956 1107 1085 1188 originis
1109 1115 1190 1184 sunt
1214 1115 1246 1171 et
1267 1108 1299 1172 in

220 1222 337 1297 quarto
364 1214 533 1296 quintoque
559 1214 638 1279 libro
660 1215 860 1280 vehementer
887 1215 1028 1295 exoptari
1050 1221 1155 1296 potest
1176 1214 1300 1295 aliquis,

220 1323 276 1404 qui
292 1321 429 1387 Palatini
449 1321 541 1403 primi
562 1321 663 1386 bourn
685 1321 817 1403 expleat,
839 1328 871 1386 et
892 1323 924 1386 in
947 1321 1114 1401 prioribus,
1137 1322 1189 1402 qui
1207 1321 1298 1402 quasi

197 1498 203 1507 ,
219 1429 345 1494 medius
361 1429 403 1493 sit
419 1429 501 1493 inter
516 1428 598 1494 bunc
614 1436 647 1494 et
661 1428 768 1511 BErl.]
801 1429 838 1493 lu
855 1429 1020 1494 verborum
1043 1428 1168 1509 quidem
1188 1429 1301 1493 ordine

219 1537 357 1601 codicem
374 1535 597 1618 Erlengensem
613 1544 738 1601 secutus
755 1554 833 1614 sum,
856 1537 1001 1616 quotiens
1022 1541 1080 1599 aut
1095 1534 1223 1615 paulum
1241 1534 1298 1599 ali-

218 1643 297 1725 quid
318 1643 453 1720 aliunde
474 1643 559 1708 velut
579 1662 598 1708 e
619 1643 748 1708 Victorii
771 1643 885 1720 codice,
909 1642 1079 1708 accedebat
1099 1643 1300 1707 auctoritatis

217 1751 321 1833 (quod
337 1749 382 1814 ita
398 1767 494 1831 saepe
508 1748 552 1829 fit
574 1758 610 1815 ut
627 1751 676 1815 hic
693 1768 816 1832 quoque
832 1750 998 1815 universae
1014 1748 1150 1814 familiae
1166 1768 1298 1814 cousen-

216 1875 275 1923 sus
291 1857 475 1938 perluceat),
487 1863 547 1937 ¹aut
564 1857 720 1922 Ciceronis
737 1858 928 1922 consuetudo
946 1857 1181 1937 sententiaeque
1198 1856 1298 1921 tonna

216 1964 353 2040 favebat,
375 1972 535 2045 postremo
557 1964 608 2028 ubi
630 1983 727 2029 causa
747 1965 852 2045 aliqua
874 1965 985 2029 mutati
1006 1964 1038 2028 in
1060 1964 1161 2028 altere
1178 1962 1298 2029 tanrilla

219 2071 343 2136 ordinis
359 2071 499 2152 intellegi
522 2078 660 2153 poterat;
687 2080 724 2136 ut
743 2071 860 2153 ubique
882 2073 948 2137 eius
970 2073 1062 2135 unius
1085 2071 1200 2136 codicis
1222 2090 1297 2135 auo·

217 2179 378 2243 toritatem
399 2186 573 2243 ceterorum
594 2179 769 2257 consensui,
791 2179 824 2243 id
846 2188 904 2257 est
926 2197 1034 2243 corum
1052 2178 1184 2258 principi
1202 2197 1297 2259 prae-

218 2284 344 2361 terrem,
366 2286 535 2366 impetrare
550 2304 571 2350 a
586 2303 636 2350 me
652 2304 713 2350 non
730 2288 827 2366 potui,
843 2304 913 2351 cum
930 2285 1065 2366 suspicio
1083 2303 1145 2349 non
1162 2285 1297 2364 abesset,

218 2393 295 2473 quin
312 2392 345 2457 in
362 2393 421 2457 hoc
435 2410 552 2475 genere
568 2392 635 2456 eius
651 2391 780 2469 bbrarii‚
799 2393 851 2473 qui
865 2412 936 2458 eum
947 2392 1083 2473 scripsit
1100 2392 1297 2473 neglegentia

218 2500 284 2564 late
311 2500 467 2580 patuisset
488 2498 556 2580 (cfr.
578 2499 608 2576 1,
630 2500 685 2565 68:
716 2497 872 2578 uocem
892 2499 996 2562 eadem
1018 2498 1065 2563 bis
1080 2519 1181 2578 poene
1202 2499 1299 2563 trcrbia

218 2605 321 2687 &aptit
346 2618 379 2671 et
400 2607 445 2683 11,
462 2608 517 2673 28:
543 2605 649 2695 decade
674 2606 753 2668 oraim
780 2606 833 2669 obi
859 2606 977 2669 erobco't
999 2606 1050 2676 vis.
1065 2610 1108 2669 cst
1123 2626 1297 2687 permagno

219 2719 253 2778 et
267 2713 324 2778 39:
347 2713 467 2778 acuas
482 2713 603 2776 omnim
624 2713 779 2778 adiunctio
800 2733 821 2776 o
836 2711 1053 2794 philosophia).
1087 2713 1183 2778 Malui
1201 2714 1298 2794 igitur

218 2838 273 2897 aa,
301 2839 382 2901 quae
408 2826 495 2886 certa
521 2839 583 2885 non
605 2826 697 2887 erant
723 2827 779 2885 aut
800 2821 910 2886 saltem
937 2838 1089 2901 perquam
1111 2820 1296 2901 probabilia,

217 2934 372 2991 annotata
393 2926 425 2991 in
442 2928 597 2993 varietate
617 2929 792 3009 scripturae
815 2934 989 3009 expectare
1013 2927 1087 2990 durn
1111 2928 1191 2992 alter
1214 2928 1296 2992 eius·

219 3036 290 3098 dem
307 3035 432 3113 generis
449 3035 546 3099 codex
563 3037 739 3113 accederet3
762 3053 818 3099 nec
830 3035 946 3100 dubito,
965 3034 1038 3115 quin
1055 3034 1082 3098 is
1098 3035 1190 3114 plura
1201 3035 1296 3100 etiarn

218 3159 257 3204 er
272 3140 312 3205 iis
329 3140 568 3206 confirmaturus
585 3143 634 3221 sit
657 3161 738 3223 quae
753 3143 856 3206 minus
874 3142 1028 3222 exquisita
1039 3141 1186 3206 videntur
1202 3161 1296 3222 quam

218 3247 250 3312 in
272 3248 455 3330 vulgaribus
478 3250 527 3328 (ut
547 3250 593 3328 11,
610 3250 652 3314 43
678 3249 743 3312 iam
762 3249 885 3329 pridem
907 3248 1034 3313 des-ilum
1055 3253 1099 3313 est
1120 3253 1227 3312 contro
1249 3267 1299 3312 cos

218 3353 393 3437 &patefit
437 3357 562 3421 Interea
584 3357 719 3422 habeant
740 3357 830 3434 haec,
852 3357 883 3421 in
907 3357 1018 3437 quibus
1041 3375 1075 3420 se
1096 3356 1221 3433 iactent
1244 3356 1296 3436 qui

218 3462 317 3526 multo
334 3481 369 3526 se
385 3463 458 3527 mihi
475 3463 646 3543 praelaturi
664 3473 745 3541 eunt,
763 3483 832 3528 curn
850 3464 1011 3528 docuerint
1023 3464 1080 3541 Le
1097 3462 1296 3527 scribendum

218 3567 316 3634 luisse
336 3569 445 3634 modos
464 3568 545 3634 ocae
565 3575 616 3635 co.
661 3572 766 3656 [Nunc
791 3572 841 3636 hic
868 3590 992 3652 quoque
1019 3589 1089 3634 cum
1111 3568 1296 3650 Erlangensi

219 3677 421 3758 censpirante
442 3677 548 3742 codice
570 3677 611 3747 Β,
634 3678 796 3759 utriusque
818 3684 980 3760 parentem
1001 3682 1113 3742 testem
1136 3677 1297 3755 habemus

219 3785 277 3848 scd
298 3784 330 3846 in
352 3785 461 3848 eadem
483 3784 659 3866 suspicione
680 3786 868 3863 haerentem,
890 3804 959 3850 cum
978 3784 1162 3866 pracsertim
1179 3785 1210 3848 in
1229 3802 1295 3847 orn·

220 3889 311 3954 nibus
332 3890 382 3955 his
404 3891 480 3956 locis
502 3892 669 3973 multisque
691 3893 760 3956 aliis
782 3894 811 3956 Α
832 3893 1000 3958 dissentiat
1026 3900 1059 3957 et
1087 3910 1157 3955 curn
1184 3890 1297 3978 ceteris

220 3995 322 4061 boat.
351 3998 463 4078 Itaque
478 3998 509 4062 in
521 3999 675 4077 dissensu,
692 4000 744 4064 ubi
756 4000 940 4064 auctoritate
951 4000 1098 4064 standum
1110 4004 1186 4077 erat,
1203 3998 1297 4062 huius

221 4101 286 4168 fere
308 4104 449 4169 ordinem
470 4112 596 4170 secutus
618 4125 697 4185 sum,
720 4105 854 4170 fortasse
874 4125 935 4169 non
953 4106 1032 4170 satis
1048 4111 1240 4182 constantem
1263 4105 1294 4168 in

223 4220 334 4291 quarto
357 4219 390 4276 et
410 4212 519 4292 quinto
540 4213 620 4277 libro
642 4213 828 4293 relinquitur
850 4213 1025 4294 dubitatio]

306 4318 424 4383 Verum
446 4320 582 4385 codicem
604 4319 807 4400 archetypum
834 4319 937 4399 ipsun]
965 4320 1079 4384 ruenda
1106 4337 1167 4382 non
1194 4337 1296 4401 pauca

224 4423 367 4489 habuisse
388 4434 513 4490 constat
540 4435 572 4490 et
593 4444 690 4506 supra
711 4426 830 4505 aliquot
851 4425 1000 4507 exemplis
1023 4425 1214 4491 declaratum
1237 4434 1296 4505 est,
