3030 5086
336 469 400 533 650
727 486 771 531 nn
794 484 926 532 annuens
949 485 1020 531 sou.

336 656 378 718 ad
406 660 591 732 extremum3
624 664 660 718 ut
691 653 753 717 iam
782 653 874 718 liceat
906 671 969 717 una
1002 651 1279 732 comprehensione
1311 653 1424 717 omnia

337 755 498 836 complecti
522 774 583 819 nou
606 754 861 835 dubitantemque
883 753 1001 831 dicere,
1030 771 1153 819 omnem
1176 760 1321 819 naturam
1344 771 1423 818 esse

337 857 537 922 servatricem
560 855 609 919 sui
626 856 720 936 idque
738 856 853 920 habere
869 855 1065 937 propositum
1083 855 1175 936 quasi
1195 853 1288 921 finem
1311 866 1343 921 et
1363 875 1422 921 ex·

406 1015 428 1058 2.
452 991 600 1072 dubiemqai
622 1008 667 1058 Clt
692 1007 823 1057 dubitarem
846 1008 867 1057 1,
894 1007 1073 1072 dubitanterque
1095 1008 1139 1058 Or.
1165 1022 1222 1057 cum
1246 1018 1308 1058 nota
1331 1007 1421 1058 mendi

338 1095 389 1128 ene
407 1092 455 1127 om.
475 1076 496 1125 P
532 1081 554 1126 8.
574 1076 770 1126 conservatricem
789 1076 856 1128 COv.

337 1200 512 1275 scripturam
536 1208 643 1265 tuetur,
667 1208 699 1256 ut
721 1218 758 1255 ex
781 1216 853 1273 qaae
873 1198 903 1254 in
926 1199 1019 1256 altero
1043 1198 1173 1255 membro
1196 1199 1334 1256 audiatur
1357 1201 1423 1274 qni·

339 1287 402 1353 ius,
430 1285 485 1341 hac
513 1283 673 1340 sententia:
708 1294 732 1341 et
760 1285 857 1359 qnibtss
884 1293 940 1342 cet.
991 1283 1123 1340 Primum
1156 1283 1186 1340 in
1221 1284 1275 1341 hoc
1308 1302 1424 1360 genere

337 1378 504 1428 structurae
533 1369 629 1425 minus
656 1382 811 1426 accuratae
835 1369 883 1442 (de
906 1387 965 1443 qno
994 1377 1061 1444 post
1088 1368 1163 1425 alios
1186 1368 1248 1426 dixi
1271 1369 1422 1443 quaedam

339 1454 506 1512 distinctius
528 1452 637 1529 Opusc.
661 1455 717 1512 Ac.
741 1455 773 1512 Il
797 1474 825 1529 p.
848 1454 919 1526 177)
942 1473 958 1510 e
987 1452 1170 1529 specialioris
1192 1453 1425 1530 significationis

339 1559 408 1597 casu
428 1539 587 1615 (genetivo.
610 1538 720 1608 dativo,
744 1539 887 1612 ablativo)
904 1538 1087 1614 intellegitur
1108 1556 1194 1596 casus
1217 1539 1425 1597 nominativus

338 1635 390 1682 aut
412 1623 598 1681 accusativus
615 1621 706 1700 [addo
727 1624 800 1681 dura
817 1623 895 1682 Livii
913 1623 1050 1699 exempla
1066 1623 1096 1679 in
1114 1623 1252 1699 genetivo
1270 1634 1299 1680 et
1315 1624 1425 1681 dativo

339 1711 397 1781 IX,
413 1713 439 1777 1,
454 1710 483 1776 9,
503 1710 543 1775 Χ,
559 1709 608 1777 26,
623 1709 650 1778 6,
674 1719 704 1765 et
718 1709 871 1785 scriptoris
888 1709 956 1766 bell.
970 1708 1133 1768 Alexandr.
1148 1711 1187 1766 56
1201 1707 1303 1786 extr.],
1327 1709 1426 1766 inter·

338 1796 406 1852 dum
430 1813 468 1851 ex
491 1793 660 1850 accusativo
683 1795 882 1853 nominativus
901 1794 961 1868 (hic
978 1794 1033 1861 lv,
1048 1794 1097 1862 33,
1121 1812 1175 1868 pro
1188 1793 1267 1852 Cael.
1282 1795 1321 1850 39
1335 1794 1424 1853 dura.

339 1882 460 1938 Terent.
483 1878 542 1936 Ad.
562 1879 586 1948 1,
601 1879 629 1948 2,
644 1880 672 1946 4,
696 1879 768 1938 Sall.
781 1881 844 1955 Ing.
860 1881 929 1947 101,
943 1881 984 1951 5),
1008 1898 1045 1936 ex
1068 1879 1250 1936 nominativo
1273 1897 1309 1936 ne
1332 1896 1425 1936 accu-

339 1965 452 2022 sativus
474 1963 604 2037 quidem,
628 1964 683 2021 nisi
707 1965 756 2021 ubi
777 1983 896 2022 casuum
914 1963 1028 2022 formae
1046 1981 1102 2020 non
1121 1961 1260 2031 differunt
1277 1967 1322 2034 (ut
1339 1962 1426 2040 apud
1464 2030 1467 2034 ,

339 2050 511 2109 Ciceronem
530 2049 566 2106 de
586 2047 668 2107 Orat.
686 2050 727 2119 ΙΙ,
740 2051 796 2107 43:
819 2051 893 2125 qnod
913 2059 939 2105 et
959 2069 978 2105 a
1003 2049 1104 2106 Crasso
1126 2059 1226 2105 tactum
1247 2059 1286 2106 est
1308 2059 1333 2106 et
1351 2050 1426 2105 Ass·-

338 2138 443 2193 stoteles
465 2136 599 2191 adiunxit.
623 2133 706 2193 Orat.
731 2135 759 2202 8,
783 2153 836 2211 pro
859 2134 935 2193 Sest.
952 2135 1022 2201 118,
1045 2133 1123 2209 apud
1147 2135 1311 2191 Varronem
1332 2135 1367 2193 R.
1381 2134 1424 2192 R.

257 2211 259 2216 ¹
340 2221 454 2289 1.1,7:
477 2239 547 2293 quae
569 2238 619 2275 non
642 2223 746 2276 inerunt
768 2231 792 2276 et
814 2239 935 2294 quaeres,
959 2229 988 2276 et
1010 2219 1047 2276 de
1071 2218 1103 2275 L.
1117 2219 1149 2275 L.
1162 2219 1210 2276 IX
1223 2238 1252 2294 p.
1270 2219 1328 2276 128
1342 2218 1426 2295 sip,

340 2305 418 2382 apud
435 2305 540 2362 Horat.
553 2303 616 2363 Sat.
636 2305 677 2371 II,
691 2307 719 2373 6,
733 2306 783 2372 72,
806 2304 884 2380 apud
902 2304 1004 2361 Iuven.
1022 2303 1174 2378 VI,152).
1197 2304 1303 2361 nedum
1327 2302 1427 2361 ceteri

339 2391 382 2449 illi
406 2408 501 2453 casus.
525 2407 649 2463 quorum
674 2390 793 2464 propria
815 2389 991 2466 significatio
1014 2397 1085 2446 nota
1107 2406 1208 2445 carcre
1230 2408 1287 2446 non
1312 2398 1425 2464 potest.

340 2477 418 2535 Nam
442 2494 479 2531 ex
502 2474 620 2531 nomine
648 2475 749 2549 aliqua
776 2485 847 2532 nota
873 2474 1015 2549 insignito
1043 2492 1148 2530 nomen
1179 2475 1242 2531 sine
1270 2474 1322 2531 illa
1349 2484 1427 2531 nota

340 2560 402 2619 erui
433 2569 545 2633 potest,
574 2577 611 2614 ex
639 2560 757 2617 nomine
785 2560 851 2635 ipso
879 2567 949 2616 nota
976 2558 1096 2635 propria
1124 2559 1199 2616 anmi
1229 2577 1286 2616 non
1310 2569 1424 2634 potest.

341 2643 415 2724 [Off.
441 2644 488 2714 ΙΙ,
513 2644 552 2702 28
581 2662 618 2700 ex
647 2664 725 2719 quem
747 2644 842 2702 audiri
864 2647 909 2701 cui
929 2644 1059 2701 ostendit
1080 2643 1211 2700 additum
1240 2654 1356 2711 oroneo,
1389 2652 1428 2701 ut

340 2749 394 2808 pro
417 2728 498 2788 Cael.
522 2731 539 2785 5
563 2748 614 2784 novt
634 2728 758 2806 petenti]
803 2729 918 2787 Deinde
941 2729 983 2786 ita
1005 2728 1124 2786 auditur
1146 2729 1222 2786 alius
1243 2746 1329 2786 casus
1351 2747 1426 2804 pro·

339 2814 477 2883 nominis,
494 2813 519 2870 si
537 2813 651 2887 reliqua
668 2815 810 2872 orationis
828 2824 985 2883 structura,
1003 2814 1130 2888 priorem
1148 2824 1250 2888 aperte
1267 2831 1425 2889 respuens,

340 2899 511 2957 mutationis
528 2898 668 2956 indicium
685 2899 770 2966 facilc
788 2900 831 2957 sic
848 2909 945 2956 autem
958 2899 1055 2972 loqui:
1073 2918 1143 2973 quae
1158 2900 1247 2956 onbnt
1262 2908 1287 2956 et
1303 2901 1425 2970 venierit,

339 2996 372 3043 ut
395 2984 448 3041 sit:
470 3003 541 3058 quae
562 2987 650 3040 valent
672 2995 697 3042 et
718 2986 816 3059 quibus
837 2989 952 3054 vestiunt,
975 2992 1057 3041 vetat
1079 2984 1223 3040 sermonis
1245 2994 1361 3041 natura.

425 3088 476 3125 noir
499 3069 716 3144 dubitantemque
737 3068 839 3147 dicere)
863 3071 918 3127 boc
940 3079 994 3126 est.
1017 3080 1047 3126 et
1069 3069 1133 3125 sine
1157 3069 1217 3125 ulla
1235 3068 1426 3126 dubitatione

340 3155 453 3223 dicere,
470 3154 572 3211 eodem
591 3155 679 3212 modo
691 3155 796 3214 Cicero
808 3155 926 3231 scripsit
938 3154 974 3211 de
987 3154 1089 3212 Divin.
1102 3155 1127 3222 Ι,
1144 3155 1217 3211 125:
1235 3155 1284 3211 boc
1300 3173 1353 3211 nan
1371 3155 1428 3212 da·

340 3242 428 3298 bitans
451 3240 565 3296 diocesim
587 3249 617 3296 et
638 3240 676 3296 ad
700 3241 781 3298 Fam.
794 3242 832 3310 V,
849 3242 896 3309 16,
910 3244 944 3296 4:
967 3240 1015 3296 loc
1038 3250 1124 3296 tamen
1141 3259 1193 3296 nort
1210 3240 1337 3297 dubitans
1359 3258 1427 3297 con·

333 3328 450 3401 flmnare
462 3343 575 3400 possum
592 3335 622 3381 et
639 3344 693 3401 pro
706 3326 768 3383 Mil.
783 3326 838 3383 68:
862 3327 938 3382 baud
953 3325 1079 3381 dubitans
1096 3328 1219 3382 cessisset
1230 3328 1335 3401 patna.
1373 3323 1427 3384 sia

341 3419 438 3469 autem
462 3409 556 3467 edidit
577 3410 655 3467 Vict.
678 3429 804 3485 eumque
827 3428 953 3485 sequens
971 3410 1047 3467 Dav.
1071 3420 1100 3466 et
1122 3410 1298 3467 confirmant
1319 3427 1428 3467 omnes

341 3495 409 3555 Gaii
433 3494 528 3564 codd,
551 3495 601 3568 qui
624 3496 688 3572 ipse
710 3496 741 3552 id
763 3496 926 3571 improbam
951 3492 1001 3575 [de
1019 3494 1080 3552 Erl.
1103 3505 1133 3552 et
1155 3495 1180 3552 B
1204 3494 1317 3552 accedit
1339 3488 1438 3552 teeti?

341 3580 472 3638 monium
484 3577 621 3660 Baiteri].
656 3581 734 3638 Hinc
757 3592 856 3638 natum
874 3590 928 3645 est,
951 3580 1061 3637 omissa
1083 3598 1141 3637 nna
1163 3580 1280 3655 syllaba
1301 3588 1431 3655 propter

341 3665 564 3724 similitudinem
592 3675 623 3722 et
643 3666 865 3742 compendium,
896 3685 946 3722 non
974 3666 1158 3739 dabuntque,
1187 3664 1265 3739 quod
1294 3665 1430 3723 editores

341 3751 432 3808 ceteri
456 3760 621 3808 tenuerunt.
665 3752 770 3827 Inepte
798 3752 827 3807 in
857 3751 911 3808 hac
941 3751 1127 3825 expositione
1150 3760 1281 3807 veterum
1305 3758 1430 3807 senten·

340 3837 447 3894 tiaram
472 3836 570 3893 subito
592 3836 664 3894 Piso
687 3855 723 3893 ex
747 3855 801 3893 sua
822 3854 949 3911 persona
971 3836 1149 3909 loqueretur.
1194 3834 1304 3903 Gaius,
1326 3835 1430 3893 soloe·

341 3940 406 3979 cum
431 3931 539 3996 putans
560 3922 724 3978 dubitantem
746 3921 962 3996 dicendumque
984 3920 1077 3978 fnisse
1099 3921 1246 3985 drsbitanb',
1270 3919 1432 3978 substituit

340 4026 393 4063 non
415 4007 630 4081 drvbitanterqae.
664 4006 738 4065 Cum
756 4009 815 4064 licet
832 4024 889 4064 non
909 4006 946 4062 ad
963 4016 1073 4063 certam
1093 4024 1248 4081 personam
1266 4002 1431 4074 referatur,

341 4091 489 4149 infinitivo
511 4091 549 4148 ad
571 4092 793 4167 significandum
818 4092 943 4148 actionis
961 4091 1077 4148 modum
1097 4090 1262 4148 necessario
1278 4091 1432 4148 aecusati-

343 4195 411 4234 vum
429 4176 595 4233 addendum
614 4196 688 4245 esse,
709 4177 845 4234 Klotzius
857 4176 1167 4251 Quaestt.Tull.p.70
1179 4175 1274 4242 docet,
1291 4186 1323 4232 et
1339 4176 1434 4250 pueri

343 4261 537 4337 probabiliter
567 4262 694 4319 instituti
723 4262 799 4318 scire
826 4262 942 4319 debent.
991 4263 1063 4320 Mox
1091 4264 1310 4319 conservatricem
1339 4279 1377 4319 ex
1405 4259 1434 4321 C

343 4347 438 4410 Mam,
461 4347 580 4416 Lamb,
604 4347 703 4404 ceteri.
751 4348 886 4404 Alterum
911 4357 1065 4404 revocarat
1087 4347 1164 4404 Dav.
1187 4364 1203 4402 e
1226 4346 1310 4403 Parr.
1339 4349 1373 4413 1,
1400 4346 1435 4417 2,

344 4432 452 4500 Mead,
475 4431 521 4488 El.
547 4431 710 4506 „aliisqne“
733 4432 825 4504 (Oxx.
843 4428 897 4512 [B]
920 4442 949 4489 at
972 4432 1092 4489 ournino
1115 4431 1251 4489 omnibus
1273 4430 1386 4505 codd).
