3030 5086
355 501 399 546 nr
422 499 503 546 man.
526 500 589 547 nra.
611 501 656 547 111.
679 500 753 548 car.
776 503 812 551 re.
828 498 960 563 (sa-si.)
1130 481 1195 548 437

119 666 267 733 differens
296 686 363 732 cum
392 668 608 734 aestimatione
628 668 791 748 mediocri;
819 669 904 749 quod
931 667 1013 733 enim
1040 667 1084 732 illi
1113 656 1196 728 dard·
1271 706 1273 711 -

120 788 216 846 φορον
239 769 359 848 dicunt,
391 769 423 833 id
451 769 525 833 mibi
552 770 597 834 ite
624 769 761 834 occurrit
786 775 823 835 ut
848 767 1029 835 indifferens
1051 769 1197 837 dicerem

119 868 229 952 Neque
251 870 331 935 enim
354 870 430 935 illud
451 869 519 935 fieri
541 876 666 951 poterat
686 870 748 935 ullo
771 873 874 945 modo,
896 878 932 936 ut
948 866 1024 935 nibil
1040 870 1197 951 relinque·

119 981 207 1035 retur
222 971 255 1035 in
267 972 386 1051 mediis,
403 972 488 1052 quod
499 978 554 1036 aut
571 973 739 1037 secundum
751 981 896 1037 naturam
913 978 997 1038 esset
1012 977 1197 1049 autcontra,
1254 1045 1257 1052 ,

118 1090 189 1149 nco,
223 1091 292 1137 cum
320 1073 352 1137 id
378 1073 621 1154 relinqueretur,
654 1073 731 1138 nihil
757 1075 788 1138 in
816 1074 865 1138 hie
886 1074 976 1155 poni,
1011 1074 1096 1155 quod
1118 1071 1238 1139 satisb

119 1173 312 1238 aestimabile
334 1182 425 1254 esset,
448 1192 514 1254 neo,
537 1175 596 1239 hoc
617 1176 736 1255 posito,
759 1194 821 1241 non
843 1175 948 1256 aliqua
970 1193 1040 1240 esse
1060 1192 1199 1256 praepo·

119 1275 190 1339 aira.
234 1275 285 1340 54.
308 1277 404 1341 Recte
419 1277 514 1358 igitur
529 1276 607 1341 baec
627 1275 707 1341 facta
726 1276 882 1341 distinctio
900 1285 962 1355 est3
985 1283 1082 1357 atque
1103 1275 1197 1339 etiam

119 1374 160 1440 ab
183 1376 230 1455 iis,
254 1395 315 1458 quo
339 1376 458 1442 facilius
480 1395 532 1442 res
554 1378 689 1458 perspici
711 1381 828 1459 possit,
850 1377 910 1440 boc
932 1377 1033 1441 simile
1054 1377 1196 1458 ponitur:

119 1477 163 1542 Ut
184 1478 274 1557 enim,
296 1479 448 1559 inquiunt,
470 1478 497 1543 si
519 1478 578 1542 hoo
595 1476 748 1560 fingamus
771 1497 841 1544 esse
858 1481 948 1559 quasi
965 1478 1057 1542 finem
1077 1486 1109 1542 et
1124 1477 1196 1542 ulti-

119 1598 213 1657 mum,
235 1580 281 1644 ita
301 1581 404 1644 iacere
426 1580 532 1657 talum,
554 1588 589 1643 ut
612 1588 714 1644 rectus
733 1581 872 1658 assistat,
894 1580 1013 1660 quiite
1035 1579 1118 1643 talus
1137 1578 1258 1647 erit10

145 1881 147 1884 Ι
191 1821 211 1868 l.
237 1815 275 1865 dle
300 1844 330 1854 -
357 1816 452 1867 dicto
508 1822 530 1867 ⁶2.
558 1815 604 1883 [ait
630 1831 676 1881 pro
700 1825 725 1865 ut
744 1815 778 1883 Α]
833 1814 947 1866 dividitur
969 1818 1026 1882 (pro
1047 1815 1198 1879 doeemc

94 1883 96 1887 ’
120 1892 144 1936 3.
163 1893 215 1935 rotat
232 1887 289 1950 (pro
307 1886 374 1947 ut)l⁴}
410 1883 580 1963 relinqueretur
597 1885 621 1933 r'n
638 1884 737 1934 medium
756 1882 852 1933 albrih
889 1890 911 1935 b.
929 1884 989 1934 urbii
1004 1884 1089 1936 ltac
1127 1883 1199 2002 dm

122 1969 171 2005 om.
192 1951 227 2019 A]
267 1958 287 2003 a.
308 1953 592 2017 barcpoettaLPMCli
627 1961 687 2002 esset
708 1952 776 2019 [AJE
795 1951 1050 2004 eareatLPMCROr.
1088 1957 1110 2002 i.
1145 1952 1199 2002 reid

124 2027 147 2071 8.
168 2021 203 2071 lis
223 2021 266 2072 tc
301 2020 389 2085 respici
406 2022 462 2085 (pro
481 2038 518 2070 rar
534 2021 688 2085 perspt'cr)C
728 2026 763 2069 to.
782 2029 844 2070 recte
861 2020 962 2070 &restat
979 2020 1053 2073 thc

205 2246 266 2294 nec,
295 2228 344 2283 boc
368 2230 470 2302 posito,
500 2248 551 2284 aon
578 2229 672 2301 aliquo
700 2228 769 2300 esse)
792 2227 853 2284 Hoc
874 2206 964 2302 posito
987 2227 1051 2284 Pal.
1078 2229 1109 2299 1,
1138 2246 1197 2302 mg.

119 2310 211 2380 Crat,
230 2312 317 2382 Mon,
331 2308 395 2391 [B,]
414 2311 490 2368 liber
502 2311 602 2370 bleffei
620 2312 698 2387 apud
717 2313 808 2382 Mam,
827 2312 872 2369 ed.
885 2331 911 2369 a.
928 2312 1019 2372 1480.
1055 2312 1199 2369 Restituit

119 2396 200 2454 blan.
219 2396 312 2455 Gaius
329 2396 458 2453 affirmat
474 2397 504 2453 in
517 2397 579 2456 Erl.
593 2406 623 2454 et
634 2397 711 2472 Spir.
731 2416 794 2454 osee
812 2398 877 2454 bueo
888 2400 991 2472 posito,
1009 2397 1111 2455 eadem
1130 2397 1197 2467 tide,

121 2499 181 2556 que
198 2482 239 2552 ll,
259 2483 308 2539 77.
347 2482 580 2539 Deindeautem
603 2483 745 2539 edebatur
766 2494 860 2552 essem,
882 2482 1115 2557 perversissime,
1138 2500 1198 2539 non

121 2566 216 2623 solum
234 2567 264 2622 in
282 2567 424 2623 orationis
442 2566 662 2624 coniunctione:
685 2587 731 2624 nec
745 2599 782 2610 -
796 2568 864 2625 nibil
878 2570 906 2624 in
918 2569 960 2625 bis
967 2572 1035 2644 porri
1044 2599 1086 2609 -
1098 2586 1144 2624 nec
1156 2600 1195 2610 -

121 2671 173 2707 noa
195 2653 289 2726 aliquo
316 2662 402 2708 essent
430 2653 529 2726 (quam
559 2652 653 2728 ipsam
677 2651 788 2709 frustra
810 2652 946 2709 Bremius
969 2651 1126 2709 defendere
1148 2669 1198 2709 co-

122 2746 223 2805 natur,
241 2755 327 2793 nemo
345 2737 422 2792 enim
436 2736 465 2792 in
484 2736 536 2792 tali
555 2738 751 2794 membrorum
769 2737 974 2794 coniunctione
992 2746 1022 2794 et
1040 2755 1199 2812 progressu

122 2821 204 2878 verbi
222 2820 347 2878 formam
366 2820 514 2894 mutavit),
538 2823 589 2879 sed
606 2823 698 2878 multo
718 2822 809 2897 magis
827 2822 857 2878 in
874 2822 1035 2890 sententia3
1058 2822 1101 2879 sio
1118 2821 1197 2878 enim

121 2906 363 2977 condicionaliter
375 2905 481 2965 Catoni
499 2907 652 2963 dicendum
671 2916 735 2963 erat
757 2906 793 2963 de
816 2924 851 2962 ea
873 2925 915 2974 re,
939 2925 1025 2981 quam
1049 2923 1114 2962 cum
1136 2924 1197 2963 non

121 2991 274 3066 probaret,
298 2992 464 3048 necessario
487 3000 584 3048 tamen
608 3010 644 3048 ex
668 2992 726 3048 alio
749 2990 825 3048 falso
848 2990 932 3047 initio
954 2991 1038 3064 sequi
1061 2991 1197 3047 ostende·

120 3085 180 3144 ret;
204 3094 280 3132 nunc
303 3077 439 3145 ostendit,
463 3095 534 3133 vera
556 3087 585 3132 et
602 3077 769 3133 necessaria
785 3074 991 3132 consecutione
1008 3076 1080 3132 haec
1097 3075 1197 3132 omnia

120 3160 164 3218 ita
185 3162 327 3222 connecti,
351 3172 458 3218 utnon
476 3162 589 3237 possint
607 3180 664 3218 non
682 3179 746 3218 esse
763 3161 864 3234 aliqua
881 3161 1058 3235 praeposita
1092 3161 1197 3235 ltaque

121 3264 178 3303 ease
205 3247 292 3303 scribi
317 3247 440 3312 debere,
470 3247 606 3303 viderant
628 3247 779 3303 Manutius
807 3254 837 3302 et
859 3245 1016 3311 Morelius,
1045 3245 1198 3319 secutique

122 3330 264 3389 Davisius
291 3341 320 3386 et
344 3332 496 3388 Ernestius
519 3340 619 3401 erant,
648 3331 698 3388 ille
726 3331 755 3388 in
780 3331 825 3388 El.
851 3334 864 3387 1
896 3331 938 3386 ita
965 3330 1055 3388 scribi
1076 3331 1197 3388 addens.

122 3414 252 3473 Gravior
274 3427 319 3472 est
342 3417 401 3472 Eri.
425 3427 454 3472 et
477 3417 553 3476 Mor.
573 3414 660 3494 [AB]
682 3415 852 3485 auotoritas,
876 3415 905 3473 in
929 3415 1036 3490 quibus
1059 3416 1198 3473 scribitur

121 3511 197 3570 esset,
221 3501 403 3576 significetur
424 3521 489 3558 esse.
529 3499 630 3581 [Quod
647 3504 675 3558 A
699 3504 767 3558 sotis
789 3501 906 3569 omittit,
929 3518 983 3557 nec
1008 3519 1143 3576 nragnnm
1166 3500 1196 3558 in

121 3586 283 3643 omittendo
306 3604 381 3642 unus
404 3597 582 3643 momentum
607 3586 695 3656 iacit,
718 3604 772 3642 nec
794 3587 948 3660 quisquam
972 3585 1143 3654 addidisset,
1167 3595 1197 3642 et

120 3679 199 3728 recte
222 3671 404 3746 significatur
426 3672 591 3728 aestimatio
609 3690 666 3728 non
685 3689 804 3746 prorsus
821 3671 1035 3728 contemnenda
1052 3680 1082 3728 et
1097 3671 1197 3747 negle-

121 3752 240 3833 genda]
285 3757 356 3812 Mox
379 3758 445 3830 (514)
468 3757 531 3813 cod.
556 3757 630 3813 Mor.
646 3761 728 3831 sacta
750 3758 867 3830 definitio
888 3767 936 3813 est.

208 3841 256 3897 54.
287 3851 316 3897 ut
343 3851 431 3897 rectus
458 3841 584 3915 assistat)
607 3843 686 3899 Vere
708 3841 878 3917 Thorupius
901 3849 1016 3898 nostras
1044 3840 1088 3916 (in
1117 3857 1196 3897 conr·

120 3935 242 3984 montet.
267 3926 303 3982 de
326 3926 398 3983 locis
415 3926 527 4000 aliquot
550 3927 654 3982 borum
672 3926 823 3993 librorum,
848 3924 1100 4000 RipisCintbricis
1116 3924 1196 3982 1836

121 4010 210 4081 edita,
234 4031 262 4086 p.
283 4011 323 4067 53
336 4013 422 4085 sqq),
446 4011 624 4086 reprehensa
641 4010 709 4069 Gzii
727 4021 757 4067 et
779 4011 902 4068 aliorum
926 4010 1050 4080 incuria,
1074 4009 1196 4084 quinos

112 4095 158 4151 ·ad
182 4095 377 4154 Senitlebiurn
401 4106 431 4152 et
453 4097 595 4154 Pitiscum
615 4098 656 4168 (v.
680 4097 776 4169 Talae)
798 4096 946 4171 ablegent,
969 4095 1019 4151 ubi
1042 4094 1116 4151 nibil
1134 4113 1197 4152 om·

121 4179 191 4237 nino
214 4180 321 4238 dicitur
344 4182 379 4237 de
396 4181 564 4238 discrimine
581 4181 643 4250 tali,
667 4182 717 4255 qui
735 4189 831 4238 rectus
848 4181 969 4238 assistat
985 4188 1014 4236 et
1032 4180 1082 4254 qui
1099 4187 1197 4237 rectus

121 4265 216 4334 cadat,
239 4267 374 4336 ostendit,
399 4285 464 4322 eum
488 4266 578 4322 telum
602 4275 713 4323 rectum
737 4266 875 4323 assistere
892 4265 959 4336 dici,
981 4265 1042 4339 qui,
1065 4282 1131 4322 cum
1154 4265 1197 4322 ita

119 4348 152 4406 in
180 4368 310 4407 mensam
339 4351 490 4413 ceciderit.
524 4351 612 4408 etiam
648 4351 677 4407 in
711 4369 746 4408 eo
779 4359 858 4408 statu
886 4358 1017 4424 maneat,
1049 4349 1080 4407 id
1108 4349 1194 4417 latus,

122 4435 200 4509 quod
224 4437 403 4511 postulatum
426 4435 524 4504 fuerit,
547 4454 662 4494 sursum
687 4435 814 4507 habens,
836 4443 948 4493 rectum
971 4445 1068 4492 autem
1092 4434 1197 4492 cadere
