3030 5086
273 486 336 553 322
663 505 708 551 nu
730 505 860 552 crunnus
883 505 954 550 sou.

272 691 419 754 umquam
436 672 549 753 (video,
572 672 696 753 quicum
717 672 852 753 loquar),
874 679 906 736 te
927 671 1030 752 igitur,
1053 671 1221 752 Torquate,
1242 673 1345 753 ipsum

271 792 328 855 per
366 792 400 839 se
439 773 514 838 nihil
546 770 701 838 delectat?
755 773 872 838 Omitto
906 773 1103 854 dignitatem,
1135 773 1346 854 honestatem,

271 873 407 955 speciem
427 875 529 955 ipsam
551 873 717 952 virtutum,
745 875 784 938 de
812 874 924 955 quibus
946 881 1018 939 ante
1040 875 1154 939 dictum
1178 883 1239 953 est;
1269 876 1345 940 haec

269 974 389 1040 leviora
410 993 539 1056 ponem:
560 982 682 1057 poema,
705 975 876 1040 orationem
894 993 963 1038 cum
979 983 1035 1039 aut
1055 975 1165 1040 scribis
1187 982 1243 1040 aut
1258 976 1345 1058 legis,

231 1080 340 1145 ocum
362 1077 500 1141 omnium
522 1077 688 1156 iactomm‚
719 1093 788 1141 cum
809 1077 970 1157 regionum
993 1076 1150 1157 conquiris
1171 1077 1344 1156 historiam,

270 1177 406 1261 signum,
429 1177 550 1257 tabula,
572 1178 658 1242 locns
681 1175 845 1256 amoenus,
868 1177 946 1257 ludi,
968 1178 1107 1257 venatio,
1130 1178 1202 1243 villa
1224 1180 1343 1244 Luculli

269 1281 354 1362 (nam
377 1279 403 1344 si
426 1287 511 1345 tuam
527 1279 671 1360 dicerem,
693 1279 845 1344 latebram
864 1280 1009 1358 haheres;
1031 1280 1074 1343 ad
1091 1297 1205 1362 corpus
1224 1281 1344 1345 diceres

268 1381 492 1463 pertinere)—
506 1378 563 1446 sed
585 1399 632 1459 ea,
655 1399 736 1463 quae
758 1381 828 1460 dixi,
852 1382 892 1446 ad
915 1398 1069 1463 corpusne
1091 1379 1212 1447 refers?
1234 1401 1273 1446 au
1296 1388 1345 1446 est

267 1481 399 1564 aliquid,
422 1484 505 1565 quod
527 1490 559 1548 te
582 1501 641 1548 sua
663 1489 775 1563 sponte
796 1483 948 1547 delectet?
993 1486 1056 1547 hut
1077 1482 1343 1564 pertinacissimus

340 1725 359 1770 t.
379 1720 516 1783 iaquamR
551 1724 574 1767 ³.
593 1719 706 1768 amech]
746 1725 768 1767 4.
785 1723 871 1784 palma
886 1736 975 1784 ponam
994 1718 1058 1786 [ΗΕ
1073 1724 1159 1784 poema
1177 1718 1266 1786 erp?
1301 1728 1342 1769 ant

266 1803 317 1836 cutm
335 1787 458 1836 acrabbi]
495 1794 516 1839 5.
527 1789 653 1852 sartonam
671 1796 714 1837 ant
730 1786 848 1851 regionum
867 1788 888 1836 Ε
929 1792 951 1837 6.
974 1787 1080 1854 [amenus
1098 1786 1127 1855 h]
1165 1787 1302 1838 vermiosae
1320 1788 1341 1836 Ε

270 1853 368 1923 [Lucilli
384 1855 442 1922 ΑΕ]
482 1859 505 1911 t.
523 1855 601 1906 dicen
619 1857 676 1922 (pro
694 1855 795 1922 drewes)
813 1856 836 1905 E

352 2063 416 2119 haec
444 2065 541 2119 leviora
567 2081 680 2137 ponam,
704 2071 801 2138 polana
824 2064 894 2136 cet.)
919 2060 1070 2119 Orationis
1092 2060 1232 2130 formam,
1261 2061 1339 2134 quod

266 2157 428 2221 sequuntur
449 2146 623 2204 nominativi
646 2147 758 2220 (tabula,
782 2148 854 2204 beas
871 2148 963 2218 cett),
986 2145 1267 2216 eontraDavisium,
1291 2146 1340 2220 qui

260 2241 399 2307 ponantur
421 2231 508 2288 scribi
535 2229 693 2302 voluerat,¹
710 2241 739 2288 et
761 2231 888 2290 editores
910 2232 974 2288 iure
997 2230 1191 2288 defenderunt
1212 2240 1242 2288 et
1264 2231 1340 2287 Mat·

264 2315 380 2373 thiaeus
402 2317 430 2373 in
452 2317 651 2392 disputatione
668 2317 703 2374 de
721 2316 906 2375 anacoluthis
918 2316 1078 2375 Ciceronis.
1112 2316 1181 2373 Non
1198 2315 1342 2372 subicitur

264 2401 337 2458 baec
359 2396 541 2459 enumeratio
563 2402 629 2459 voci
647 2421 758 2477 ponam,
782 2402 832 2460 sed
855 2404 932 2458 nova
950 2401 1114 2459 instituitur
1131 2400 1287 2470 sententia,
1310 2400 1340 2456 in

264 2504 323 2560 qna
345 2487 470 2561 primum
493 2488 624 2546 actiones
646 2487 866 2556 describuntur,
895 2485 1000 2542 deinde
1029 2504 1077 2543 res
1099 2485 1267 2543 nominibus
1289 2503 1340 2561 ap-

263 2570 427 2647 pellantur3
455 2589 578 2629 cacum
601 2572 765 2648 interrupta
788 2583 865 2628 esset
887 2570 1055 2647 parenthesi
1078 2572 1153 2643 (narn
1175 2573 1289 2644 sicet.)
1312 2579 1342 2626 et

263 2655 368 2712 deinde
396 2656 491 2713 oratio
518 2656 718 2733 redintegrata
740 2656 801 2730 (sed
822 2659 879 2727 en),
903 2674 961 2712 non
985 2655 1175 2712 succurrebat
1197 2655 1339 2712 orationis

264 2740 370 2809 exitus,
383 2741 433 2815 qni
446 2741 482 2797 ad
495 2742 705 2816 praecedentes
716 2740 913 2799 nominativos
925 2750 1011 2815 aptus
1023 2748 1115 2810 esset3
1135 2740 1236 2814 itaque
1247 2760 1278 2797 ea
1290 2739 1339 2798 ci-

263 2842 331 2882 cero
342 2825 540 2883 accusativum
553 2825 634 2895 fecit,
646 2835 680 2882 ut
691 2825 865 2883 nominativi
877 2825 1034 2901 pendeant.
1059 2825 1236 2895 Simillimus
1247 2825 1340 2895 locus,

263 2908 364 2966 durior
385 2909 488 2980 etiam,
519 2911 598 2984 qnod
626 2919 738 2968 tantum
761 2910 937 2968 brevissima
959 2910 1105 2967 sententia
1126 2909 1252 2968 relativa
1274 2928 1339 2967 ora·

263 2992 350 3052 tionis
373 3012 489 3051 cursum
512 2994 680 3071 impedivit,
710 2994 818 3071 legitur
840 2995 903 3065 111,
930 2997 982 3064 113
1017 2994 1089 3051 illud
1116 3005 1230 3065 antem,
1260 2994 1338 3070 quod

263 3078 311 3136 111
333 3079 421 3136 Tusc.
448 3081 484 3136 16
514 3080 646 3155 ponitur,
680 3078 738 3136 iam
773 3080 861 3155 plane
893 3079 1084 3155 neglegenter
1113 3080 1254 3155 scripturn
1285 3090 1337 3137 est.

262 3163 428 3238 Utrumque
450 3164 546 3221 locum
569 3163 725 3222 advocavit
747 3164 897 3233 Bremius,
921 3164 971 3221 sed
994 3164 1053 3221 alia
1075 3163 1246 3236 admiscuit,
1269 3164 1338 3222 hinc

262 3248 368 3313 aliena,
391 3248 470 3323 quod
491 3248 562 3307 fecit
578 3250 666 3307 etiam
679 3248 870 3319 Matthiaens,
894 3250 944 3324 qui
961 3258 1068 3324 poetria,
1091 3255 1235 3306 mationem
1257 3249 1338 3307 simi·

262 3333 330 3391 liter
351 3334 479 3409 pendere
502 3334 610 3404 voluit,
640 3353 716 3409 quae
738 3335 776 3392 ad
798 3336 895 3393 scribis
917 3345 947 3392 et
969 3336 1033 3409 lepis
1056 3334 1214 3410 pertinent.
1259 3334 1336 3392 Nam

261 3418 447 3477 accusativos
475 3428 505 3476 et
531 3417 727 3477 nominativos
755 3419 798 3476 sic
826 3419 1003 3496 permiscere
1031 3419 1222 3477 balbutientis
1250 3429 1337 3486 esset,

261 3521 319 3561 non
343 3503 504 3560 orationem
528 3504 711 3561 declinantis.
745 3505 832 3562 Addo
855 3505 888 3562 II
910 3505 997 3562 Tusc.
1024 3506 1061 3561 16
1086 3505 1176 3579 (Ergo
1197 3506 1241 3574 id,
1265 3505 1339 3579 qaod

261 3598 361 3646 natum
377 3593 438 3664 ipsa
454 3599 478 3646 et
496 3591 630 3663 quaedam
644 3607 773 3663 generosa
790 3591 877 3646 virtus
893 3593 983 3647 statim
996 3593 1107 3664 respuit,
1122 3620 1158 3632 -
1172 3592 1200 3646 in
1217 3608 1246 3647 eo
1257 3591 1337 3660 cet),

261 3674 312 3731 ubi
323 3673 460 3731 Haudius
477 3684 506 3731 et
521 3675 667 3744 Musones,
685 3692 750 3731 curn
768 3673 1003 3750 interpungendo
1021 3674 1125 3730 tollere
1142 3673 1336 3730 anacoluthon

262 3758 381 3830 vellent,
404 3759 578 3816 sententiam
603 3760 794 3827 sustulerunt,
818 3769 847 3815 et
863 3759 900 3815 ad
912 3759 978 3817 Att.
991 3759 1061 3826 XV,
1076 3759 1104 3827 3,
1121 3763 1146 3815 1.
1174 3760 1272 3816 Voces
1285 3778 1336 3833 po·

261 3851 427 3920 aampoc'ma
439 3845 527 3901 etiam
539 3844 604 3902 Pal.
621 3848 632 3900 l
648 3843 769 3901 invertit
780 3841 824 3923 [et
836 3841 885 3923 B].
903 3861 982 3913 casu,
1000 3844 1113 3919 opinor,
1131 3843 1161 3900 in
1180 3843 1337 3900 simillimis

260 3928 377 3988 litteris.
423 3930 500 3987 Nam
524 3930 549 3986 si
572 3928 637 4004 quis
656 3949 757 4004 ponam
779 3929 966 3987 subditicinm
990 3928 1147 4004 putaverit,
1171 3928 1242 3985 dure
1264 3928 1338 3984 haec

261 4014 488 4091 coniungentnr:
513 4016 577 4072 hacc
599 4015 707 4086 leniora,
725 4023 831 4091 poema,
856 4018 998 4071 orationem
1015 4033 1075 4071 cum
1092 4024 1140 4071 aret
1156 4015 1251 4072 acribia
1269 4023 1336 4070 cet..

261 4099 388 4157 maxime
416 4100 446 4157 iu
475 4099 619 4174 particula
647 4118 715 4158 cum.
761 4100 845 4174 Quae
874 4110 1036 4174 sequuntur
1068 4099 1104 4155 de
1138 4099 1337 4174 conquirenda

261 4184 398 4255 historia,
429 4185 573 4259 Torquati
602 4185 728 4242 studium
758 4184 938 4261 significant,
967 4184 1045 4259 qnod
1073 4185 1104 4253 1,
1129 4185 1168 4241 25
1198 4183 1336 4260 tangitur.

261 4269 376 4326 Luculli
406 4269 505 4326 villam
529 4268 726 4327 Tusculanam
750 4270 824 4343 (ΙΙΙ,
849 4272 880 4343 7)
909 4269 1041 4345 aliasque
1070 4271 1207 4343 (uillarum
1234 4272 1337 4341 magiri-

254 4357 399 4428 finentiam,
418 4352 691 4426 Off.1,140)fa1na
707 4354 780 4412 satis
797 4355 976 4416 nobilitavit.
1002 4352 1089 4434 [Mox
1106 4365 1154 4410 ortt
1170 4373 1230 4411 cum
1247 4353 1335 4410 etiam

262 4441 295 4498 B.
340 4441 416 4498 Thrrn
441 4441 573 4496 hominum
588 4441 669 4513 sacta
692 4437 817 4511 Bakius,
840 4440 1000 4509 violentem
1030 4457 1065 4496 ac
1093 4456 1130 4496 ne
1153 4436 1335 4512 sicquidem
