3030 5086
436 486 479 530 uu
502 485 583 531 nan.
606 485 669 530 rus.
693 487 713 530 v
737 485 810 531 cer.
830 487 852 532 r.
868 483 1000 548 (rs-ra.)
1192 466 1255 531 635

180 656 300 719 euamsi
322 672 390 718 eanr
414 671 475 716 non
495 637 707 732 consequare,
725 648 790 716 'aut
817 669 880 714 non
909 651 1048 729 dolendi,
1077 650 1200 715 etiamsi
1222 650 1255 715 id

178 755 303 835 assequi
326 773 472 835 nequeas,
495 764 688 831 aureorum,
711 772 792 834 quae
814 754 983 818 secundum
1007 760 1150 817 naturam
1174 759 1254 830 sunt,

178 856 379 937 adipiscendi,
396 855 517 920 etiamsi
534 854 610 918 nihil
626 872 826 935 consequare.
854 855 903 919 lta
914 853 958 931 fit,
976 863 1018 932 ut,
1035 861 1154 935 quanta
1165 852 1253 918 diffe-

250 1033 269 1075 1.
288 1025 312 1074 si
328 1027 384 1090 (pro
403 1024 539 1085 etiameiJE
567 1033 608 1073 eut
625 1025 649 1072 si
661 1029 717 1088 (pro
732 1024 812 1072 altero
827 1023 930 1084 etiamsi)
941 1023 984 1072 sl>
1003 1022 1029 1071 id
1046 1023 1127 1074 om.C
1163 1029 1186 1071 2.
1200 1031 1255 1072 eunt

177 1110 224 1143 om,
244 1094 312 1142 LPR
346 1099 369 1143 8,
389 1093 483 1142 etiamsi
498 1092 556 1141 orleii
573 1108 718 1156 consequare
736 1108 785 1141 orn.
806 1093 851 1141 LR
868 1091 963 1141 etebmsi
979 1109 1030 1140 eam
1048 1109 1094 1140 rron
1108 1108 1254 1155 consequare

176 1162 336 1211 condolendi
353 1162 372 1210 P
395 1162 490 1211 etrbmsi
505 1178 551 1210 non
569 1161 706 1225 adipiscare
724 1161 789 1211 COr.
815 1161 877 1209 Post
894 1177 1040 1223 consequare
1058 1162 1116 1209 add.
1136 1169 1178 1209 aet
1196 1158 1255 1208 nebel

177 1230 273 1279 dolendi
290 1231 311 1279 E

176 1373 281 1426 lrorreste
303 1373 402 1437 vivere,
432 1379 461 1425 et
483 1369 538 1437 IV,
563 1370 617 1424 41:
648 1370 683 1425 id
710 1378 749 1425 est
771 1371 952 1425 convenienter
973 1378 1086 1424 araturae
1108 1370 1207 1433 vivere,
1235 1386 1254 1423 α

175 1466 274 1512 reaturo
296 1456 445 1523 discedere3
470 1450 550 1533 [add.
574 1453 588 1510 l
612 1454 648 1510 de
672 1453 772 1510 Divin.
788 1456 857 1522 104,
881 1454 913 1510 II
936 1453 971 1509 de
995 1451 1054 1511 Off.
1070 1453 1119 1520 50,
1143 1453 1192 1510 IIl
1214 1452 1252 1508 ad

175 1541 287 1597 Farnrn.
315 1542 362 1607 10,
388 1541 420 1608 9;
443 1538 496 1595 cir.
520 1538 555 1595 de
579 1537 704 1596 Graecis
727 1539 883 1596 Matthiaei
906 1537 959 1595 Gr.
985 1536 1038 1595 Gr.
1062 1539 1160 1607 5472,
1186 1538 1252 1597 nb.

176 1626 259 1701 Synt.
288 1635 388 1681 nostra
415 1623 470 1683 Gr.
499 1620 617 1702 5157}
663 1623 712 1683 Sic
740 1624 804 1681 vitii
833 1622 1021 1679 manifestum
1050 1622 1082 1678 fit
1109 1633 1157 1679 aut
1184 1633 1253 1679 ante

175 1713 318 1785 volrrptatis
352 1711 380 1766 in
416 1710 513 1766 media
540 1710 636 1784 prinra
663 1719 747 1784 parte
775 1708 979 1776 diiunctionis,
1014 1708 1097 1764 cuius
1125 1708 1251 1765 addendi

175 1814 249 1869 quae
272 1795 362 1852 inerit
384 1813 486 1864 causa,
509 1804 647 1869 apparet;
676 1794 792 1851 volebat
817 1795 894 1850 enirn
919 1792 1127 1867 interpolator,
1150 1811 1250 1850 veram

173 1881 297 1937 formam
316 1898 373 1936 non
392 1880 638 1949 animadvertens,
662 1880 717 1936 hoc
739 1891 787 1936 eut
808 1881 952 1954 volaptctis
968 1897 1052 1935 causa
1068 1878 1250 1935 simillimum

173 1985 237 2023 esse
261 1965 393 2022 illorum:
415 1976 462 2022 cert
479 1986 529 2021 non
547 1967 712 2022 dolendi-
729 1975 776 2021 aut
798 1984 897 2022 eorum.
944 1964 990 2020 De
1012 1963 1107 2038 figura
1129 1983 1165 2019 ea
1186 1983 1251 2020 ora-

173 2051 271 2121 tionis,
295 2069 369 2125 quas
393 2061 438 2108 est
460 2051 490 2107 in
513 2070 603 2107 eorum
628 2082 663 2093 -
688 2052 866 2125 adipiscendi,
889 2049 951 2105 dixi
976 2049 1013 2105 ad
1036 2049 1060 2116 1,
1086 2050 1135 2106 60.
1181 2048 1252 2106 Sunt

173 2146 238 2209 post
265 2146 392 2192 staturam
419 2135 530 2192 excidit
556 2137 586 2192 in
614 2135 809 2192 deterioribus
837 2134 920 2191 codd.
949 2144 979 2190 et
1008 2133 1156 2209 plerisque
1185 2134 1250 2190 edd.

172 2222 275 2294 (Vict,
300 2220 396 2290 Grut,
420 2222 506 2289 Dav,
527 2221 634 2293 Oxx.);
657 2219 889 2279 ectsnuerant
906 2219 996 2290 Crat,
1019 2221 1112 2290 Man,
1136 2219 1250 2290 Lamb.,

172 2305 323 2363 revocavit
346 2305 439 2364 Gaius
462 2325 499 2362 ex
523 2306 584 2363 Erl.
610 2315 639 2362 et
662 2305 740 2381 Spir.
765 2304 831 2383 [BJ.

256 2395 361 2448 etiarnsi
381 2393 449 2448 nibil
469 2390 645 2466 consequare)
671 2393 753 2448 llaec
770 2408 891 2466 prorsus
908 2389 1074 2446 necessario
1092 2389 1249 2459 adduntur,

173 2496 229 2533 non
254 2477 363 2547 solum,
392 2477 470 2551 quod
499 2477 528 2533 in
557 2477 672 2533 duobus
699 2476 821 2550 reliquis
849 2475 1007 2551 generibus
1036 2474 1138 2530 eodem
1162 2474 1250 2531 modo
1318 2502 1320 2506 ·

172 2561 338 2618 excluditur
361 2562 519 2619 necessitas
542 2561 732 2635 assequendi,
756 2561 834 2636 quod
859 2570 990 2637 petatur,
1020 2560 1071 2616 sed
1093 2559 1170 2634 quod
1195 2558 1250 2617 hac

172 2648 336 2704 adiectione
365 2658 427 2703 tota
456 2648 541 2704 buius
569 2646 748 2704 definitionis
770 2647 877 2703 summi
900 2646 969 2702 boni
992 2645 1159 2720 proprietas
1181 2663 1250 2702 con·
1300 2642 1304 2648 ’

173 2734 296 2800 tinetur,
325 2750 418 2806 eaque
446 2751 504 2788 una
527 2732 574 2788 hic
596 2732 662 2788 finis
685 2731 827 2805 (Stoicus)
850 2733 879 2789 in
908 2731 1003 2806 primo
1026 2730 1180 2787 divisionis
1203 2749 1250 2787 or·

172 2818 239 2874 dine
263 2817 358 2874 lacurn
382 2825 463 2873 tenet
485 2826 513 2872 et
536 2834 554 2871 a
577 2815 742 2875 Carneadia
765 2816 951 2885 discernitur,
976 2816 1027 2890 qui
1050 2815 1164 2890 positus
1186 2825 1251 2872 erat
1311 2826 1317 2837 ’

171 2904 200 2959 in
224 2903 290 2977 ipsa
312 2902 470 2977 adeptione
487 2901 647 2976 primorum
665 2912 787 2959 naturae
810 2902 919 2976 quique
941 2901 971 2958 in
995 2900 1123 2957 secundo
1146 2900 1249 2957 ordine

171 2989 275 3045 tertius
298 2988 365 3043 huic
388 2987 554 3061 respondet.
598 2987 703 3061 Itaque
726 2987 783 3044 hoc
805 3006 863 3043 non
886 2986 1001 3055 addito,
1030 2985 1108 3059 quod
1131 2985 1249 3042 additur

171 3074 258 3130 etiarn
283 3073 371 3147 paulo
394 3083 461 3148 post
486 3072 515 3128 in
538 3072 640 3128 eadem
664 3071 767 3129 horum
792 3072 879 3129 trium
902 3071 1003 3128 finium
1028 3071 1249 3127 enumeratione

172 3163 199 3230 (ξ
213 3161 267 3216 20:
290 3162 395 3215 etiarnsi
415 3179 446 3214 ea
470 3178 519 3213 non
542 3161 742 3232 assequamur),
765 3157 823 3214 duo
847 3157 876 3213 hi
900 3156 1111 3213 sententiarum
1129 3156 1247 3214 ordines

170 3244 399 3301 confunduntur.
445 3243 564 3317 Sumpsi
588 3252 685 3300 autern
708 3244 781 3299 haec
803 3242 895 3299 verba
917 3261 955 3298 ex
972 3241 1124 3317 praeclaro
1147 3241 1248 3317 codice

170 3329 242 3396 Erl,
266 3348 323 3385 non
347 3328 494 3396 dubitans,
518 3328 598 3402 quin,
623 3337 654 3385 nt
671 3328 707 3385 de
724 3329 780 3385 hoc
792 3327 885 3387 Gaius
903 3329 1003 3397 tacuit,
1027 3328 1070 3385 sic
1087 3327 1123 3384 de
1141 3327 1247 3384 ceteris

171 3415 255 3470 bonis
283 3413 391 3470 iniuria
413 3420 555 3471 taceatur.
601 3410 690 3492 [Cum
713 3413 776 3471 Erl.
800 3413 919 3470 omnino
942 3413 1093 3489 conspirat
1115 3409 1166 3491 B.]
1211 3413 1247 3469 In

170 3500 270 3556 codice
293 3499 452 3574 archetypo
480 3516 546 3555 curn
577 3498 715 3556 librarius
742 3499 814 3555 baec
842 3499 1022 3573 scripsisset:
1050 3503 1156 3555 etiarnsi
1181 3498 1249 3554 nibil

169 3604 340 3658 corzsequorc.
364 3585 520 3641 aberrante
542 3584 637 3651 oculo,
661 3603 718 3641 non
742 3584 779 3640 ad
802 3603 846 3653 ea,
869 3601 944 3659 quae
967 3585 1016 3641 hic
1037 3586 1246 3660 sequebantur,

170 3689 343 3744 progressus
366 3680 420 3738 est,
449 3669 499 3727 sed
523 3688 572 3738 ea,
603 3688 678 3744 qnae
701 3679 768 3744 post
790 3669 925 3745 superius
946 3690 1110 3744 consequere
1132 3669 1246 3726 duobus

169 3756 303 3812 versibus
336 3765 405 3811 ante
438 3755 612 3830 legebantur
639 3756 698 3828 (aret
731 3774 783 3811 non
810 3756 944 3828 dolerrdr),
977 3756 1084 3813 iterum
1117 3755 1246 3813 scribere

169 3841 280 3915 coepit3
304 3840 418 3908 deinde,
441 3840 646 3898 animadverso
669 3858 778 3909 errore,
802 3859 837 3897 ea
854 3851 962 3910 tamen,
985 3859 1061 3916 quae
1078 3841 1136 3898 iam
1154 3839 1246 3914 scrip-

168 3937 256 3996 serat,
280 3945 338 3983 non
361 3926 479 3983 delevit.
514 3926 701 3998 (Simillirnus
724 3943 807 3982 error
829 3935 873 3983 est
896 3926 926 3982 in
945 3927 1006 3984 Erl.
1020 3931 1034 3995 ἓ
1048 3928 1110 3998 24.)
1145 3928 1246 4000 Atque

168 4013 198 4068 id
218 4012 363 4079 mendum,
383 4030 444 4085 quo
462 4012 571 4069 veritas
589 4011 742 4086 perspicue
759 4012 958 4081 confirmatur,
977 4012 1112 4069 meliores
1130 4012 1245 4069 codices

168 4098 367 4166 retinuerunt3
397 4097 437 4165 is,
467 4097 513 4154 cui
538 4096 698 4153 deteriores
721 4097 879 4168 debentur,
909 4106 941 4154 ut
963 4098 1077 4155 solebat
1099 4105 1245 4155 correcto·

167 4202 229 4239 rem
253 4202 355 4256 agere,
386 4201 442 4238 una
471 4201 536 4239 cum
565 4181 659 4239 tribus
687 4182 724 4239 iis
745 4182 859 4251 verbis,
890 4201 966 4257 quae
994 4182 1058 4240 tolli
1087 4183 1244 4251 debebant,

167 4269 239 4336 tris,
269 4287 344 4341 quae
368 4287 424 4324 non
449 4268 608 4332 debebant,
638 4267 757 4326 delevit.
805 4267 881 4325 Huic
903 4268 1031 4325 editores
1053 4267 1115 4326 fere
1144 4285 1245 4324 ornnes

167 4354 234 4410 inde
257 4373 275 4410 a
298 4353 377 4412 Crat.
404 4363 578 4428 paruerunt,
606 4372 665 4409 non
689 4353 894 4410 animadverso
916 4354 1080 4412 sententias
1102 4353 1191 4423 riti03
1219 4352 1244 4408 is

167 4447 279 4508 tamen,
314 4440 365 4514 qui
399 4439 442 4496 ed.
472 4438 575 4498 Colon.
610 4437 753 4514 praefuit,
787 4439 857 4513 quid
890 4440 1103 4514 requireretur,
1137 4437 1244 4509 sensit;
