3030 5086
216 471 282 538 376
610 487 655 532 na
677 484 808 533 surmus
830 484 902 531 aon.

218 657 303 738 quod
326 655 426 720 solum
447 655 479 717 in
502 654 594 718 bonis
610 653 743 731 ducitur,
765 671 953 734 quemquam
971 653 1169 733 postorum,
1191 659 1299 718 tamen

291 864 311 909 l.
330 856 469 922 mesalum
488 856 602 906 Erulum
621 870 670 906 om.
691 860 766 906 ceteri
799 864 854 920 poet
871 871 912 906 om
940 857 960 904 P

194 1082 196 1086 ,
218 1035 359 1106 meumque
371 1031 507 1086 hanutum
516 1030 606 1103 (quod
618 1048 694 1087 uuus
703 1029 853 1086 Manutius
862 1029 1010 1085 intellexit
1021 1037 1050 1085 et
1061 1029 1298 1105 interpungendo

218 1116 418 1191 significavit),
436 1115 653 1190 coniungebant
665 1116 752 1172 haec:
770 1118 856 1170 omnia
874 1116 1015 1188 reserenda
1027 1125 1089 1170 sunt
1100 1116 1205 1171 honeste
1215 1115 1298 1187 sacta

219 1201 309 1273 (unde
332 1201 472 1280 scriptum
496 1209 540 1255 est
569 1203 710 1273 resecatio
732 1210 795 1256 eunt
816 1203 903 1255 omitia
927 1201 1032 1255 honeste
1047 1202 1149 1273 facta).
1194 1202 1297 1273 Atque

217 1287 261 1343 sic
283 1287 312 1343 in
336 1286 458 1342 eandem
482 1285 656 1342 sententiam
681 1285 835 1341 relativam
858 1285 1030 1341 trahebatur
1051 1285 1139 1341 etiam
1162 1285 1300 1359 (propter

218 1372 281 1445 quc)
305 1374 393 1445 speum
416 1371 560 1435 loricatum,
583 1380 617 1428 ut
638 1370 777 1445 epodosis
799 1369 942 1444 inciperet
959 1388 978 1425 a
994 1388 1167 1443 quamquam.
1202 1369 1297 1443 Atqui

218 1456 441 1530 perversissime
465 1455 536 1511 dici:
567 1457 597 1512 id
619 1456 727 1524 horream,
751 1457 790 1510 ad
811 1456 885 1528 quod
906 1458 993 1511 munic
1015 1458 1169 1527 reJ'ercntur
1191 1455 1297 1511 lunam

211 1543 294 1615 sacta
316 1551 340 1598 et
361 1544 450 1616 ipsum
473 1541 618 1606 honestum,
642 1559 706 1596 cum
729 1540 785 1595 hoc
808 1539 962 1596 honestum
979 1539 1075 1617 ipsum
1096 1539 1169 1596 illud
1187 1539 1295 1596 bonum

218 1625 258 1683 sit
280 1627 322 1697 (et
344 1625 462 1682 additur
485 1625 588 1682 etiam:
617 1627 691 1700 quod
711 1627 797 1681 solum
819 1627 845 1681 in
868 1625 942 1680 honis
964 1626 1092 1697 ducitur),
1121 1624 1213 1682 sensit
1235 1625 1298 1681 Da-

219 1710 327 1781 visius,
358 1710 408 1784 qui
430 1710 541 1784 aliquid
567 1721 665 1767 tamen
688 1729 726 1766 ex
749 1718 849 1766 vetere
877 1709 1065 1784 philosophia
1091 1709 1298 1785 intellegebam

217 1795 319 1870 itaque
341 1795 411 1853 forti
433 1796 563 1853 remedio
591 1814 623 1853 se
646 1795 836 1870 expediebat,
867 1803 913 1859 nt,
943 1794 1047 1852 deletis
1069 1794 1168 1851 verbis
1191 1795 1299 1851 donate

211 1883 309 1955 sacta,
340 1881 496 1937 scriberet:
518 1883 607 1955 ipsum
630 1882 766 1937 honestum
788 1883 896 1954 quidem
918 1889 974 1937 cet.
1020 1879 1112 1952 (Quid
1134 1880 1207 1936 haec
1227 1898 1298 1954 par-

218 1965 310 2023 ticula
332 1965 379 2021 hic
401 1974 510 2040 ageret,
534 1984 593 2022 non
616 1965 759 2039 curabat.)
792 1964 872 2037 Quid
894 1962 1092 2021 recentiores?
1127 1964 1227 2020 Verba
1245 1964 1299 2020 illa

218 2049 369 2120 damnant,
393 2049 486 2109 Gaius
506 2059 535 2106 et
552 2051 730 2125 posteriores
748 2050 855 2120 delent,
877 2050 1006 2106 retinent
1021 2053 1171 2124 ipsumque,
1194 2048 1297 2118 idest,

218 2144 309 2193 totam
327 2135 407 2193 illam
426 2135 612 2210 pravitatem,
630 2145 855 2212 propterquam
874 2135 926 2191 illa
938 2135 1079 2192 Davisius
1091 2134 1211 2191 molitus
1223 2145 1297 2192 erat.

203 2222 304 2279 'Adeo
327 2220 401 2277 nihil
423 2240 461 2277 ex
484 2221 587 2292 rebus,
618 2240 693 2295 quae
716 2230 893 2289 tractantur,
922 2229 952 2275 et
974 2239 1012 2276 ex
1035 2219 1189 2277 sententiis
1212 2219 1299 2276 intel·

217 2305 356 2364 lexerunt
378 2316 430 2363 aut
448 2306 552 2363 saltem
570 2306 742 2382 intellegere
759 2305 949 2374 studuerunt;
972 2323 1006 2361 ac
1024 2324 1060 2361 ne
1078 2305 1150 2361 illud
1168 2304 1298 2379 quidem,

218 2391 298 2465 quod
325 2392 363 2448 ed
391 2391 534 2449 orationis
556 2389 682 2448 formam
705 2391 848 2466 pertinet,
877 2390 1028 2462 viderunt,
1057 2391 1160 2446 loricati
1179 2408 1298 2460 nomen,

217 2476 297 2550 quod
319 2494 397 2532 nunc
419 2477 536 2533 demum
553 2476 710 2546 inducitur,
733 2494 791 2533 uon
810 2494 896 2551 posse
913 2478 1004 2532 latere
1021 2476 1165 2532 inclusum
1183 2475 1213 2531 in
1231 2493 1298 2531 sen·

218 2560 312 2617 tentia
338 2560 390 2617 illa
417 2560 551 2617 relativa.
595 2559 702 2632 (Gaius
730 2561 760 2616 in
784 2562 851 2618 Bas.
873 2563 916 2617 ait
938 2579 1002 2617 esse
1029 2581 1058 2617 se
1085 2562 1190 2617 honeste
1205 2563 1296 2634 secur,

216 2645 306 2719 idque
333 2645 546 2720 interpretatur
567 2648 639 2714 scil,
667 2645 859 2703 additamenti
888 2656 996 2702 uotam.
1041 2646 1127 2704 Unde
1150 2647 1240 2721 igitur
1262 2664 1298 2702 aa

216 2730 248 2787 in
271 2730 475 2787 recentissimo
503 2740 533 2787 et
560 2731 660 2787 infimo
682 2730 783 2787 codiee
806 2741 923 2788 servata
946 2743 1004 2798 est,
1036 2749 1100 2787 cunr
1124 2732 1153 2787 in
1177 2732 1298 2806 optimis

218 2825 249 2872 et
270 2815 401 2889 antiquis
424 2815 505 2872 nulla
528 2813 624 2872 esset?
670 2815 719 2873 Sic
747 2815 863 2871 infinita
890 2816 926 2871 de
954 2816 1105 2872 codicibus
1133 2816 1298 2874 inconside-

217 2900 365 2958 ratissime
388 2901 538 2976 finguntur
560 2910 590 2957 et
612 2911 785 2976 argumenta
804 2900 958 2957 ducuntur.
1002 2900 1157 2970 Ceterum,
1181 2902 1298 2975 qualem

218 2983 327 3045 Gaium
351 2986 495 3054 novinrus,
518 2985 644 3043 sortasse
668 2995 762 3043 totum
786 2985 859 3042 illud
882 3005 910 3041 ee
932 2986 1043 3042 nullum
1067 2985 1146 3060 fuit.)

306 3073 380 3145 quod
401 3070 500 3145 colum)
524 3071 617 3128 Solum
640 3089 671 3128 se
694 3070 788 3129 Gaius
811 3070 958 3127 addidisse
982 3071 1084 3128 scribit
1107 3090 1144 3127 ex
1168 3070 1246 3145 Spir.
1269 3082 1300 3128 et
1350 3139 1357 3153 ,

218 3155 281 3214 Erl.
317 3154 432 3233 [Habet
454 3159 529 3232 quod
550 3159 634 3213 solum
653 3154 702 3233 Β.]
736 3159 783 3213 Ac
806 3156 863 3212 nisi
885 3157 957 3213 haec
976 3174 1035 3213 vox
1056 3157 1094 3213 ad
1113 3156 1231 3215 Stoicae
1253 3156 1297 3212 di·

218 3240 360 3316 eciplinae
371 3241 581 3316 proprietatem
592 3241 813 3317 significandam
824 3241 951 3304 additur,
964 3251 1057 3298 totum
1069 3243 1125 3298 hoc
1135 3241 1298 3298 membrum

219 3325 307 3383 inane
330 3334 384 3383 est.
418 3326 468 3384 Sic
491 3344 608 3401 qnoque
631 3327 704 3383 haec
726 3327 872 3383 sententia
889 3327 1014 3382 relativa
1031 3328 1136 3384 merito
1153 3327 1182 3384 iu
1201 3336 1298 3384 tauto·

217 3410 316 3487 legiae
338 3412 595 3486 reprehensionem
614 3411 752 3480 incurrit;
774 3412 806 3468 id
828 3412 926 3487 potius
949 3412 1102 3468 dicendum
1127 3423 1199 3482 erat,
1223 3431 1299 3486 qnae

219 3506 308 3553 antea
325 3497 532 3554 convenientia
548 3497 698 3573 appellata
715 3497 763 3566 sit,
787 3497 816 3553 id
836 3516 913 3553 nunc
931 3497 1086 3553 honestum
1104 3497 1163 3555 alio
1180 3498 1299 3555 nornine

219 3582 373 3656 appellari,
396 3591 438 3651 ut,
462 3600 537 3656 quae
554 3583 590 3640 de
607 3582 660 3639 illa
677 3582 841 3659 dictasint,
858 3583 896 3638 ad
914 3581 969 3639 hoc
986 3583 1161 3657 pertineant.
1195 3583 1299 3641 Multis

220 3666 314 3723 modis
332 3676 465 3741 apparet,
488 3666 671 3734 Ciceronem,
694 3685 760 3725 cum
779 3667 950 3743 praesertim
970 3667 1133 3737 festinaret,
1155 3667 1185 3724 in
1203 3667 1300 3725 notio·

219 3769 289 3809 num
313 3751 479 3811 Stoicarum
509 3753 602 3828 spinis
631 3753 814 3816 haerentem,
843 3753 931 3809 etiam
959 3753 1096 3810 oratione
1121 3771 1206 3810 nsum
1234 3771 1298 3809 esse

219 3836 371 3912 implicata
394 3847 424 3895 et
446 3856 549 3913 parum
573 3850 719 3896 accurata.

304 3942 471 3997 quamquam
489 3934 553 3999 post
574 3926 672 3994 oritur)
697 3922 902 3998 progrediente
925 3931 1030 3979 natura
1058 3931 1087 3978 et
1109 3922 1233 3979 rationis
1255 3922 1300 3978 lu-

219 4007 298 4064 mine
321 4018 441 4079 exorto,
475 4027 541 4065 cum
569 4008 599 4064 in
629 4008 725 4082 primo
753 4008 886 4083 appetitu
914 4027 972 4064 nou
1001 4007 1120 4077 fuisset,
1154 4018 1187 4065 ut
1208 4007 1299 4083 paulo

219 4101 287 4167 post
310 4093 390 4151 dicit.
437 4095 510 4150 Mox
538 4113 589 4150 sua
616 4096 643 4150 ui
670 4092 763 4164 Gaius
786 4112 802 4148 e
825 4092 904 4150 Gud.
933 4095 964 4162 l,
989 4096 1022 4159 2,
1048 4094 1114 4151 Bas.
1160 4094 1237 4150 Tum
1259 4103 1300 4150 eat

219 4167 287 4252 post
320 4179 387 4235 nihil
419 4178 530 4236 excidit
561 4179 591 4235 in
621 4178 846 4255 repetitionibus
874 4178 1076 4235 Larubinianis
1104 4189 1134 4234 et
1162 4179 1299 4235 omuibus

219 4262 358 4338 deinceps
381 4264 446 4320 edd.
491 4263 629 4320 Sumenda
651 4273 764 4320 tantum
789 4264 860 4320 haec
885 4263 976 4321 Stoici
999 4264 1146 4334 dicebant,
1170 4283 1229 4322 non
1252 4284 1298 4320 ce·

215 4350 348 4424 pienum
372 4348 430 4407 vid.
455 4348 493 4404 ad
516 4349 571 4416 203
594 4359 697 4406 contra
720 4348 911 4423 Peripatetici
933 4359 963 4404 et
985 4349 1168 4409 Academici.
