3030 5086
405 479 448 524 nr
472 479 552 525 nnn.
575 478 638 524 nm.
661 478 695 524 1v
718 477 791 524 car.
812 480 1037 540 4-5.(10-12.)
1192 460 1257 524 495

183 647 362 711 caelestium
391 645 483 710 affert
509 646 562 725 ile,
592 646 644 727 qui
669 647 810 724 videant,
839 654 958 727 quanta
986 647 1026 711 sit
1053 647 1147 710 etiam
1169 647 1256 727 apud

183 750 258 812 deos
280 749 462 826 moderatio,
486 756 620 829 quantus
640 749 727 826 ordo,
751 758 782 812 et
800 748 1042 829 magnitudinem
1065 749 1160 812 animi
1182 748 1257 813 deo·

183 869 250 913 rum
274 867 370 929 opera
392 858 424 914 et
439 849 524 915 lacta
541 850 747 927 cernentibus,
769 849 920 914 Iustitiam
939 850 1041 928 edam,
1064 868 1133 914 cum
1152 849 1256 929 cogni·

182 960 248 1014 tum
260 951 386 1029 habeas,
404 952 488 1031 quod
506 951 546 1016 sit
564 951 675 1016 summi
693 950 823 1016 rectoris
843 969 879 1015 ao
895 951 1011 1015 domini
1030 969 1151 1030 numen,
1175 951 1258 1032 quod

183 1053 353 1130 consilium,
376 1071 457 1132 qnae
479 1053 639 1132 voluntas;
662 1053 749 1117 cuius
772 1052 812 1116 ad
830 1060 974 1116 naturam
992 1062 1068 1134 apta
1085 1052 1165 1117 ratio
1182 1055 1297 1122 verab

183 1154 235 1218 illa
257 1162 289 1218 et
306 1173 427 1218 summa
443 1155 492 1218 lex
511 1174 530 1218 a
547 1153 741 1235 philosophis
759 1154 880 1218 dIcitur.
927 1155 976 1219 12.
998 1156 1084 1220 Inest
1100 1156 1130 1219 in
1150 1156 1259 1219 eadem

183 1256 388 1335 explicatione
423 1263 554 1320 naturae
587 1255 772 1320 Insadahilis
806 1257 959 1336 quaedam
989 1276 1007 1323 e
1034 1255 1260 1339 cognoscendis

185 1359 277 1422 rebus
305 1358 465 1437 volumem
501 1358 531 1421 in
562 1376 624 1439 qua
651 1376 728 1436 una,
762 1356 911 1422 coniectis
944 1359 1038 1424 rebus
1065 1357 1259 1436 necessariis,

183 1460 271 1523 vacui
294 1458 426 1540 negotiis
448 1458 580 1523 honeste
602 1477 638 1523 ac
659 1458 828 1524 liberaliter
850 1459 1008 1538 possimus
1026 1462 1140 1526 vivere.
1174 1461 1258 1540 Ergo

183 1560 213 1623 In
237 1560 294 1624 hae
317 1560 439 1624 ratione
462 1568 528 1625 tota
550 1561 590 1624 de
612 1560 754 1625 nranimis
773 1559 838 1625 lere
855 1558 1056 1629 rebus-Stoici
1072 1564 1143 1628 illos
1160 1560 1257 1627 secuti
1279 1569 1321 1634 10

184 1670 264 1738 sunt,
288 1670 323 1725 ut
343 1670 375 1726 et
397 1662 473 1726 deos
496 1679 567 1726 esse
588 1668 621 1726 et
643 1668 789 1743 quattuor
812 1682 849 1727 ex
872 1664 968 1729 rebus
991 1666 1095 1729 omnia
1115 1670 1260 1729 constare

183 1764 329 1827 dicerent.
375 1762 451 1826 Cum
479 1773 583 1828 nutem
612 1773 817 1845 quaereretur
847 1784 897 1829 res
927 1767 1094 1830 admodum
1118 1763 1261 1847 difficilis,

183 1883 256 1928 num
279 1864 389 1945 quinta
410 1866 566 1944 quaedam
590 1872 705 1929 natura
726 1866 887 1930 videretur
909 1885 992 1946 esse,
1021 1887 1058 1933 ex
1086 1885 1148 1948 qua
1178 1864 1259 1929 ratio

255 2039 274 2084 l.
294 2033 429 2084 caelestium
447 2034 536 2083 omP
572 2034 608 2084 ht's
627 2034 672 2083 ΕΙ
712 2041 736 2083 3.
755 2036 867 2085 insidiam
887 2053 935 2086 om.
955 2037 975 2086 l‘
1011 2045 1033 2086 l.
1054 2047 1075 2087 ct
1093 2036 1183 2086 domini
1195 2033 1261 2085 PCR

187 2109 209 2152 5.
229 2103 354 2166 amal,
408 2108 430 2153 6,
450 2102 561 2152 dctan
615 2104 637 2151 7.
658 2120 670 2151 e
689 2105 780 2153 om.E
821 2122 850 2154 ex
867 2105 1075 2169 ccpnoscendr'cc
1111 2106 1135 2152 r'u
1153 2103 1263 2168 copmll

187 2176 208 2221 9,
231 2171 281 2236 [nec
299 2171 356 2219 ocris
375 2170 410 2237 A]
431 2178 452 2218 et
470 2171 568 2219 οείἰεΙΙ
612 2188 739 2234 possumus
758 2172 847 2222 LROr.
909 2178 944 2222 ll.
965 2190 1015 2223 esre
1034 2175 1091 2238 quia
1110 2170 1262 2238 quattuarE

192 2244 226 2288 13,
246 2239 273 2287 ni
289 2246 345 2304 (pro
365 2240 463 2296 natura)
483 2239 504 2289 C

187 2387 320 2433 naturam
345 2377 566 2453 aparatione,
590 2396 665 2452 quae
688 2379 725 2435 sit
748 2398 863 2437 summa
886 2380 951 2450 lex,
975 2400 1010 2438 ea
1032 2399 1048 2437 e
1071 2381 1168 2437 media
1189 2380 1264 2456 ¹Stoa

187 2462 243 2527 hic,
263 2473 432 2537 praeeunte,
456 2472 489 2519 ut
505 2462 631 2531 videtur,
655 2464 814 2534 Antiocho,
838 2465 874 2521 ad
895 2475 1009 2523 veteres
1028 2465 1171 2524 translata
1188 2483 1262 2537 esse,

186 2546 273 2603 facile
297 2548 412 2616 sentiet,
435 2548 484 2622 qui
509 2547 555 2603 rel
579 2567 595 2603 e
618 2548 656 2605 N.
668 2549 706 2604 D.
724 2550 748 2618 Ι,
762 2550 801 2606 36
823 2560 852 2606 et
870 2553 920 2620 40,
945 2552 1034 2628 Legg.
1046 2552 1071 2617 Ι,
1087 2551 1124 2607 18
1143 2550 1263 2621 et11,8

188 2632 354 2690 Stoicorum
377 2632 539 2690 sententias
569 2642 598 2688 et
621 2633 783 2690 orationem
807 2635 886 2692 norit
908 2636 1008 2713 (Diog.
1034 2636 1105 2706 vll,
1130 2637 1179 2705 88,
1202 2635 1263 2708 ah).

188 2718 229 2773 Ac
251 2719 352 2774 domini
372 2719 438 2792 (pro
461 2727 486 2774 et
507 2719 590 2790 dont.)
613 2718 710 2789 Vter,
738 2729 799 2775 tum
824 2719 917 2778 Gaius
945 2740 960 2777 e
984 2731 1123 2795 quattuor
1146 2721 1266 2795 optimis

188 2802 249 2858 snis
272 2801 357 2858 codd.

278 2887 325 2943 12.
350 2905 363 2942 e
384 2889 571 2959 eoprroseendie
594 2888 685 2961 redas)
711 2888 896 2962 Praepositic
919 2890 1020 2946 aberat
1043 2891 1130 2947 etiem
1155 2889 1263 2964 aSpir.

128 3033 132 3040 ⁴
188 2969 244 3049 [B]
291 2971 366 3026 Turn
387 2977 532 3046 possr'mus,
555 2990 613 3045 qao
631 2972 713 3029 verbi
737 2975 825 3029 modo
848 2974 975 3047 qualitas
992 2975 1153 3049 uoluptatis
1171 2974 1265 3050 magis

188 3056 375 3130 coniungitur
402 3074 466 3112 curn
491 3057 707 3132 magnitudine,
731 3055 834 3134 [Am]
862 3059 961 3134 plnres
986 3069 1098 3116 veteres
1121 3059 1266 3117 editiones

189 3142 276 3214 (Ven.
302 3159 329 3198 a.
353 3142 442 3210 1480,
467 3141 577 3214 Crat.)3
596 3162 742 3216 pessumas
764 3162 782 3199 a
805 3144 939 3199 Manutio
962 3163 1063 3201 omnes
1087 3145 1184 3214 tacite,
1207 3145 1263 3202 nisi

188 3226 265 3299 qnod
290 3224 383 3283 Gzius
407 3226 551 3283 editiones
573 3237 688 3285 veteres
711 3238 929 3298 commemorat,
954 3248 1011 3285 non
1034 3229 1160 3287 codices.

273 3330 336 3367 ntem
358 3314 452 3384 quinta
475 3313 609 3386 quaedum
632 3323 731 3369 rectura
753 3322 822 3369 esset
843 3314 912 3390 cet.)
935 3316 1081 3389 Apertum
1111 3324 1155 3371 est
1178 3311 1264 3387 σῶμα

188 3395 260 3451 illud
279 3384 543 3469 uvqupcpnrtmie,
567 3389 718 3471 αἰθέριον,
742 3382 947 3473 ἀμετάβλητον
970 3399 1143 3475 significari,
1167 3416 1183 3454 e
1206 3417 1264 3472 qno

187 3479 366 3537 Aristoteles
389 3479 528 3536 caelestia
551 3490 616 3537 orta
638 3500 701 3538 esse
724 3481 808 3538 docet
831 3482 879 3553 (de
894 3481 984 3540 Caelo
1007 3483 1072 3540 libr.
1095 3485 1120 3546 Ι,
1145 3485 1162 3540 2
1187 3493 1222 3540 et·
1236 3484 1264 3545 3,

188 3565 259 3631 ΙΙ,7
279 3563 404 3636 aliisque
428 3564 509 3633 locis,
534 3583 607 3638 qnos
629 3566 761 3643 Krugius
784 3566 813 3622 in
838 3567 915 3623 Hist.
933 3568 1044 3627 Philas.
1064 3571 1136 3628 Ant.
1161 3588 1189 3645 p.
1203 3569 1263 3625 256

189 3650 287 3722 citat),
316 3649 453 3722 quodque
476 3649 655 3723 posteriores
677 3652 933 3709 commemorando
955 3654 1155 3723 celebrarunt,
1185 3653 1263 3710 velut

190 3738 299 3791 Sextus
317 3733 484 3808 Empiricos
501 3735 625 3810 (Hypot.
643 3736 749 3811 Pyrrh.
769 3737 826 3804 ΙΙΙ,
847 3737 896 3807 31,
920 3738 987 3797 adr.
1009 3739 1101 3796 Math.
1119 3739 1160 3806 X,
1180 3739 1263 3813 316),

189 3818 366 3875 Plutarchus
384 3818 431 3891 (de
443 3819 524 3875 Plac.
537 3820 616 3876 Phil.
635 3822 657 3887 1,
671 3822 698 3888 3,
712 3822 773 3893 38),
798 3822 948 3898 Diogenes
965 3824 1014 3895 (V,
1034 3824 1095 3896 32),
1120 3824 1265 3882 Stobneus

189 3905 264 3977 (Eoi.
287 3903 406 3978 Physic.
432 3923 459 3978 p.
484 3904 545 3961 308
569 3905 685 3976 Heca),
713 3925 787 3980 qnos
811 3907 941 3983 Krugins
969 3909 1115 3976 nominat,
1145 3908 1264 3982 aliique,

189 4008 262 4063 quos
291 3987 456 4046 Cotelerius
484 3989 521 4044 ad
550 3988 711 4047 Clementis
734 3992 862 4066 Recogn.
886 3993 979 4061 vill,
1006 3995 1042 4050 15
1073 4003 1101 4050 et
1127 3994 1265 4051 Davisius

189 4075 226 4130 ad
239 4073 391 4132 Ciceronis
402 4073 497 4129 Acad.
509 4074 525 4130 I
536 4091 560 4129 e.
575 4076 592 4130 7
606 4086 787 4134 enumerant.
822 4077 955 4134 Eandem
973 4079 1105 4152 quintam
1129 4091 1263 4137 naturam

189 4178 206 4216 a
225 4160 395 4216 Xenocrate
417 4168 518 4233 aperte
542 4173 800 4218 commemoratam
823 4161 928 4237 fuisse,
951 4172 1122 4221 auctorest
1145 4164 1265 4239 simpli-

189 4245 252 4301 cius
275 4244 304 4299 in
323 4244 449 4300 ArIstot.
462 4243 579 4319 Physic.
593 4245 671 4303 VIII
683 4265 713 4320 p.
728 4247 789 4303 268
801 4248 829 4302 A
848 4248 889 4319 (in
907 4247 1036 4305 editione
1048 4249 1146 4306 Berol.
1158 4249 1265 4306 scholi·

189 4348 271 4386 orum
286 4329 411 4385 Aristot.
432 4348 459 4403 p.
473 4330 557 4401 427).
593 4328 697 4387 Cicero
715 4350 778 4388 earn
797 4332 915 4407 attingit
933 4332 1020 4389 etiarn
1033 4334 1122 4391 Tusc.
1140 4335 1164 4404 Ι,
1178 4336 1216 4393 22
1236 4343 1265 4391 et

190 4414 284 4470 Acad.
306 4415 336 4484 Ι,
360 4414 399 4470 26
424 4415 557 4487 (quintum
578 4433 676 4486 petrus,
706 4435 720 4473 e
747 4436 800 4491 quo
824 4428 909 4476 essent
931 4428 1029 4475 astra
1050 4423 1213 4494 mentesque)
1236 4430 1265 4476 et
