3030 5086
271 444 334 508 298
661 463 706 508 nn
728 462 859 509 armeus
882 463 953 508 sou.

270 630 332 694 iste
354 630 434 694 ratio
458 631 527 694 est?
566 630 720 694 Maximus
743 628 841 707 dolor,
863 629 970 710 inquit,
993 630 1096 695 brevis
1118 639 1174 695 est
1208 630 1346 695 Primum

270 845 384 893 tentum
413 853 539 910 persone
566 835 614 891 vel
646 854 693 892 res
721 836 777 906 eis,
811 855 887 910 quae
920 837 1059 893 adiuncta
1090 837 1163 906 sint,
1198 837 1345 894 contrarie

269 921 460 997 significatur.
507 919 580 993 Quis
603 921 695 992 euim,
720 939 784 977 oum
809 922 844 977 de
867 922 985 978 homine
1007 940 1052 992 eo,
1076 921 1111 978 de
1134 941 1193 996 quo
1215 923 1263 997 agi
1285 922 1344 978 iam

270 1014 394 1075 constet,
418 1006 459 1063 eic
482 1007 601 1078 loquor:
624 1008 680 1080 epse
702 1007 772 1062 dicit
794 1008 863 1078 (non
887 1023 940 1081 pro
964 1025 998 1062 eo
1021 1007 1109 1080 alius)
1126 1016 1191 1063 eut:
1214 1026 1345 1080 quaeram

269 1095 383 1166 1111111
405 1091 475 1164 (non
499 1108 535 1147 ex
558 1089 617 1146 alio
640 1091 676 1147 de
699 1094 761 1163 eo),
785 1092 924 1147 omissum
947 1100 1031 1165 putat
1053 1094 1076 1148 ie
1098 1101 1150 1148 eut
1171 1111 1213 1159 eo,
1242 1110 1345 1166 quem·

270 1195 357 1251 quam
387 1185 485 1231 noster
513 1193 608 1232 sermo
637 1194 798 1251 pronomen
826 1176 913 1252 illud,
944 1176 1067 1233 subiecti
1095 1187 1210 1247 notam,
1241 1173 1345 1251 ponit?

270 1260 409 1335 suntquis
432 1279 489 1316 non
513 1260 612 1329 sentit,
634 1260 764 1334 perverti
786 1280 874 1336 saepe
897 1261 1089 1330 senteutiam,
1113 1263 1137 1318 si
1160 1261 1196 1318 de
1218 1281 1253 1318 eo
1276 1261 1345 1319 sub·

269 1346 360 1415 iecto,
389 1346 468 1418 quod
495 1346 590 1421 ipsum
619 1357 723 1419 sponte
745 1346 851 1403 animis
874 1354 1023 1417 occurrat,
1052 1346 1082 1402 id
1109 1365 1271 1422 pronomen
1293 1346 1345 1403 ad·

270 1428 375 1488 datur?
420 1431 458 1486 Et
480 1440 578 1487 tamen
602 1429 730 1487 citantur
758 1432 786 1487 in
810 1432 865 1488 hac
887 1431 1059 1504 quaestione
1082 1432 1249 1489 huiusmodi
1271 1431 1344 1489 loci:

270 1517 335 1574 rin.
358 1517 404 1586 II,
429 1517 483 1572 821
513 1518 580 1591 ipsis
602 1534 653 1571 noa
675 1519 757 1584 satie,
787 1524 816 1572 et
839 1518 875 1586 V,
901 1516 933 1571 21
961 1518 1049 1590 ipsum
1077 1519 1202 1573 videatur
1228 1520 1255 1573 ia
1282 1535 1344 1573 con-

270 1613 362 1677 speetu
384 1621 439 1657 meo
456 1619 564 1675 ponere,
589 1609 618 1657 et
634 1600 693 1657 ibd.
712 1602 765 1659 39:
788 1604 893 1676 inipso
914 1603 983 1657 enim
1000 1621 1102 1676 parum
1123 1621 1221 1675 maeno
1242 1604 1283 1658 vie
1305 1612 1345 1659 eet

270 1687 428 1760 (sententia
450 1686 621 1756 intercidat,
644 1686 669 1742 si
692 1687 786 1743 dicas:
814 1690 840 1743 ia
863 1706 894 1744 ea
915 1689 990 1760 apen,
1014 1687 1098 1761 quasi
1120 1706 1179 1744 non
1201 1690 1262 1762 epea
1283 1689 1345 1744 uitis

270 1781 299 1828 et
322 1792 392 1845 quoe
413 1782 490 1828 entra
513 1792 571 1827 eum
593 1774 645 1826 emt
668 1773 816 1828 contraria
839 1780 999 1847 ponentur,
1030 1773 1080 1828 sed
1103 1791 1138 1828 ea
1161 1771 1345 1829 discernatur

269 1857 307 1914 ab
329 1857 395 1914 aliis
418 1856 527 1913 vitibus
551 1865 580 1911 et
602 1856 844 1929 demonstretur),
867 1876 921 1931 pro
944 1856 1025 1914 Ceel.
1050 1858 1089 1914 33
1112 1858 1157 1930 (ee
1178 1860 1239 1932 epea
1261 1877 1344 1932 quae·

268 1945 349 2014 ram),
373 1942 408 1999 de
432 1941 514 2000 Orat.
537 1942 562 2008 l,
587 1941 626 1997 28
649 1943 722 2015 (ipsu
743 1944 866 2015 murelo).
911 1940 1030 2019 [ltaque
1053 1943 1151 2016 potius
1174 1943 1343 2010 notandum,

268 2027 415 2084 interdum
438 2036 535 2083 tamen
559 2026 626 2082 eddi
649 2027 725 2082 isin
749 2027 856 2084 talibus
880 2027 961 2097 locis,
985 2036 1018 2083 ut
1036 2028 1083 2083 hic
1102 2029 1138 2095 V,
1157 2028 1185 2096 2,
1210 2027 1274 2085 Cat.
1287 2028 1343 2085 801

269 2116 294 2170 ei
314 2114 381 2168 m'lril
402 2131 491 2169 eorum
513 2115 632 2185 ipsorum
653 2114 738 2168 animi
758 2114 889 2185 efficerent
911 2121 966 2167 cet.
1011 2111 1073 2170 cfr,
1098 2112 1161 2169 Liv.
1183 2113 1224 2178 II,
1245 2112 1294 2183 38,
1316 2114 1342 2182 1,

269 2198 332 2266 ΙΙΙ,
357 2198 412 2266 51,
437 2197 469 2266 3,
494 2197 532 2266 V,
558 2197 612 2266 33,
637 2197 655 2253 3
685 2205 715 2253 et
742 2197 778 2253 de
806 2202 863 2272 a‘pse
890 2201 913 2253 ie
936 2197 995 2253 lec.
1018 2195 1112 2255 Gron.
1135 2198 1172 2254 ad
1195 2197 1260 2256 Liv.
1285 2197 1343 2264 III,

272 2284 320 2351 12,
339 2280 382 2353 4.]
416 2282 462 2338 Ne
485 2282 558 2339 illud
582 2281 699 2356 quidem
721 2281 758 2338 ad
781 2283 855 2339 hanc
879 2282 1079 2356 quaestionem
1104 2282 1240 2357 pertinet,
1264 2284 1343 2356 quod

269 2368 363 2425 Acad.
377 2369 418 2437 ΙΙ,
432 2369 471 2424 84
495 2367 615 2423 dicitur:
638 2370 694 2442 ipse
716 2370 773 2429 erit
797 2372 845 2441 qni
866 2369 913 2423 tibi
934 2368 1073 2436 uidebitur,
1096 2369 1342 2441 quemadmodum

269 2453 347 2528 epud
370 2453 498 2510 comicos
520 2452 640 2508 dicitur:
663 2456 739 2526 ipsae
761 2463 808 2508 eet.
852 2451 929 2530 [Cir.
950 2451 1070 2511 Sveton.
1084 2454 1163 2528 Aug.
1179 2454 1232 2509 94:
1255 2456 1344 2528 speum

269 2557 338 2606 esee,
361 2558 439 2611 quem
461 2535 534 2613 cet]
578 2536 657 2593 lllud
679 2537 844 2610 quaeritur,
867 2556 933 2593 cum
956 2540 1013 2612 epse
1035 2537 1211 2614 adiungatur
1233 2538 1270 2595 ed
1292 2558 1344 2596 ne·

269 2622 426 2680 cessariam
449 2641 592 2696 personae
615 2623 695 2678 reive
712 2623 903 2690 notationem,
926 2623 1005 2695 quod
1027 2632 1078 2679 aut
1100 2641 1135 2678 ea
1151 2642 1280 2698 persone
1296 2625 1344 2681 vel

268 2726 316 2765 res
344 2727 401 2763 non
431 2727 468 2764 ex
497 2707 639 2764 orationis
667 2707 855 2764 cohaerentia
883 2707 1085 2783 intellegatur,
1119 2709 1170 2765 sed
1198 2709 1344 2766 sententia

268 2793 394 2849 relative
416 2793 586 2861 definiatur,
610 2802 661 2848 aut
683 2792 877 2867 significetur,
891 2793 930 2851 ‚in
954 2793 1009 2849 hac
1032 2811 1158 2868 persona
1180 2795 1228 2850 vel
1250 2813 1282 2850 re
1304 2794 1343 2865 id,

269 2878 347 2951 quod
381 2877 509 2947 dicetur,
549 2877 738 2934 memorabile
772 2877 881 2948 videri,
920 2877 1052 2953 possitne
1086 2889 1147 2935 tum
1181 2898 1343 2954 pronomen

269 2982 413 3038 personae
440 2963 521 3020 reive
548 2962 652 3032 index,
682 2963 711 3018 in
741 2964 817 3036 quod
841 2964 983 3020 orationis
1006 2973 1035 3020 et
1058 2965 1139 3021 vocis
1161 2964 1276 3039 pondus
1298 2964 1343 3021 in·

270 3049 408 3105 cumbere
436 3048 585 3118 videatur,
620 3048 714 3104 omitti
745 3061 773 3104 et
801 3049 895 3105 solum
924 3051 981 3123 ipse
1008 3048 1089 3123 poni.
1139 3049 1174 3106 Id
1202 3057 1343 3122 sequente

269 3134 415 3190 sententia
437 3134 570 3202 relativa,
593 3132 622 3188 in
647 3151 704 3206 qua
726 3135 782 3207 ipse
805 3134 846 3190 ita
868 3134 1019 3204 innititur,
1042 3143 1076 3191 ut
1097 3137 1168 3208 ipae,
1198 3138 1247 3208 qui
1266 3136 1345 3194 audit

270 3219 309 3276 sit
331 3208 422 3282 αὐτὸς
445 3208 460 3273 ὁ
484 3207 600 3274 ἀκούων
617 3202 732 3294 [131όῆ
756 3205 788 3282 ὃς
805 3207 915 3288 ἀκούει,
935 3219 1041 3276 Metth.
1055 3219 1109 3277 Gr.
1123 3219 1177 3278 Gr.
1192 3224 1206 3289 ξ
1220 3221 1291 3288 469,
1299 3218 1343 3298 7],

268 3302 385 3361 facilius
408 3303 471 3360 fieri
495 3311 600 3377 potest,
624 3313 652 3358 et
675 3300 783 3358 factum
801 3321 865 3359 esse
883 3305 1020 3380 exempla
1037 3305 1196 3374 declarant,
1220 3305 1344 3363 utillud

268 3388 335 3445 libr.
358 3388 382 3449 Ι,
409 3389 461 3444 131
483 3389 517 3444 ab
539 3391 621 3462 ipsis,
644 3390 693 3461 qui
713 3407 771 3444 eum
792 3391 961 3464 disciplinam
978 3390 1111 3465 probant,
1140 3389 1248 3446 similia
1270 3391 1343 3448 haec

269 3482 351 3531 suut:
381 3473 416 3528 de
439 3475 503 3531 Inv.
526 3474 556 3541 I,
581 3473 635 3529 821
665 3474 698 3528 de
720 3476 791 3547 apso,
815 3478 864 3547 qui
883 3476 1023 3544 iudicarit,
1048 3475 1083 3531 de
1107 3473 1190 3532 Orat.
1213 3475 1241 3545 I,
1266 3475 1342 3533 2501

267 3561 329 3634 ipsi,
352 3577 466 3631 quorum
488 3561 618 3631 nepotium
640 3567 688 3625 eet,
711 3558 770 3614 ibd.
783 3560 823 3628 ΙΙ,
839 3560 891 3615 601
914 3564 976 3635 ipsi,
999 3564 1049 3635 qui
1069 3564 1243 3635 seripserunt,
1267 3561 1343 3618 2081

268 3647 350 3719 ipsis,
378 3647 427 3717 qui
447 3646 574 3712 audiunt,
605 3643 680 3699 3441
709 3646 789 3717 epsie,
819 3647 867 3718 qui
888 3664 934 3701 eae
956 3646 1065 3714 liabent,
1093 3645 1154 3704 ibd.
1178 3647 1241 3714 Ill,
1267 3647 1342 3704 1681

264 3748 319 3805 pro
340 3731 415 3802 111111,
439 3733 466 3785 in
488 3730 584 3803 quibus
606 3731 653 3785 illa
676 3738 737 3783 eunt
759 3729 814 3801 (sic
836 3729 924 3786 etiem
943 3731 1092 3789 Iul.Vict.
1110 3751 1138 3806 p.
1153 3731 1342 3806 25201111),

269 3813 351 3873 Orat.
381 3815 454 3870 1341
477 3834 510 3871 ee
530 3816 610 3888 ipsis,
633 3817 1065 3889 1111111111ἀπ’σῑα1ιιηε(11(1
1088 3816 1224 3873 meliores
1247 3817 1343 3888 codd,

268 3899 445 3957 deteriores:
468 3919 500 3955 eu
518 3901 567 3965 lu'e,
586 3919 663 3973 quae,
687 3899 779 3959 Orell.
799 3900 930 3959 eLamb.
945 3902 1035 3958 coni:
1058 3921 1091 3957 ee
1108 3904 1141 3958 iis
1157 3906 1233 3977 apsis,
1251 3905 1342 3978 quae),

267 3984 327 4041 ibd.
354 3986 427 4041 1801
456 3988 521 4060 ipsi,
550 3988 599 4059 qui
625 3986 759 4058 officerent
787 3984 883 4058 (codd.
911 3986 1095 4061 interpolati:
1124 3991 1180 4063 ipsi
1205 3990 1258 4058 illi,
1286 3992 1342 4062 qui,

268 4071 346 4144 quod
369 4089 427 4126 uon
445 4071 555 4144 recepit
573 4069 711 4138 Orellius,
735 4071 786 4143 qui
808 4072 902 4127 altero
925 4071 989 4128 loco
1008 4072 1205 4129 coniecturam
1225 4083 1342 4131 secutus

268 4157 352 4229 erat),
376 4157 470 4215 Partt.
485 4155 568 4214 Orat.
582 4155 635 4211 301
658 4173 718 4211 eum
740 4159 815 4230 iper'e,
837 4159 914 4232 apud
935 4177 1002 4232 quoe
1024 4177 1068 4214 ree
1090 4168 1198 4231 affetum
1222 4158 1292 4216 Diu.
1311 4158 1341 4214 in

268 4239 354 4298 Caec.
370 4242 421 4297 131
443 4246 509 4315 ipse,
532 4243 576 4298 cui
596 4243 711 4297 uraeime
733 4242 798 4298 baec
819 4261 862 4298 res
884 4243 981 4312 obstat,
1004 4242 1073 4320 [pro
1096 4244 1184 4301 Rosc.
1207 4245 1277 4303 Am.
1291 4245 1341 4314 71,

267 4343 321 4400 pro
344 4326 435 4381 Arch.
453 4324 519 4403 22,]
542 4325 577 4381 de
600 4325 635 4381 R.
658 4327 694 4385 P.
718 4327 744 4397 Ι,
768 4327 822 4382 471
845 4328 894 4383 aed
915 4346 946 4383 ea
968 4329 1035 4383 dant
1056 4331 1142 4400 muyie
1165 4328 1233 4400 (hoc
1256 4345 1342 4384 vocs·

267 4409 368 4467 bulum
391 4411 545 4468 delendum
569 4414 667 4486 puto),
691 4430 769 4486 quae,
791 4415 898 4468 etiamsi
918 4414 1013 4481 nolint,
1036 4413 1129 4479 denda
1151 4415 1205 4468 sint
1226 4421 1251 4469 et
1272 4430 1343 4486 quae
