<?xml version="1.0" encoding="UTF-8"?>
<!DOCTYPE html PUBLIC "-//W3C//DTD XHTML 1.0 Transitional//EN"
    "http://www.w3.org/TR/xhtml1/DTD/xhtml1-transitional.dtd">
<html xmlns="http://www.w3.org/1999/xhtml" xml:lang="en" lang="en">
 <head>
  <title>
</title>
<meta http-equiv="Content-Type" content="text/html;charset=utf-8" />
  <meta name='ocr-system' content='tesseract 3.04.00' />
  <meta name='ocr-capabilities' content='ocr_page ocr_carea ocr_par ocr_line ocrx_word'/>
</head>
<body>
  <div class='ocr_page' id='page_1' title='image "./mtulliiciceroni35cicegoog/mtulliiciceroni35cicegoog_0177.png"; bbox 0 0 3030 5086; ppageno 0'>
   <div class='ocr_carea' id='block_1_1' title="bbox 519 412 1299 493">
    <p class='ocr_par' dir='ltr' id='par_1_1' title="bbox 519 412 1299 493">
     <span class='ocr_line' id='line_1_1' title="bbox 519 412 1299 493; baseline 0.001 -18"><span class='ocrx_word' id='word_1_1' title='bbox 519 429 564 476; x_wconf 80' lang='lat' dir='ltr'>ar</span> <span class='ocrx_word' id='word_1_2' title='bbox 587 427 668 476; x_wconf 78' lang='lat' dir='ltr'>man.</span> <span class='ocrx_word' id='word_1_3' title='bbox 691 428 754 474; x_wconf 79' lang='lat' dir='ltr'>nm.</span> <span class='ocrx_word' id='word_1_4' title='bbox 776 428 788 474; x_wconf 93' lang='lat'>1</span> <span class='ocrx_word' id='word_1_5' title='bbox 810 427 883 475; x_wconf 79' lang='lat' dir='ltr'>car.</span> <span class='ocrx_word' id='word_1_6' title='bbox 905 431 927 480; x_wconf 85' lang='lat' dir='ltr'>o.</span> <span class='ocrx_word' id='word_1_7' title='bbox 948 428 1019 493; x_wconf 58' lang='lat' dir='ltr'>(ao).</span> <span class='ocrx_word' id='word_1_8' title='bbox 1258 412 1299 477; x_wconf 76' lang='lat'>67</span> 
     </span>
    </p>
   </div>
   <div class='ocr_carea' id='block_1_2' title="bbox 219 596 1391 679">
    <p class='ocr_par' dir='ltr' id='par_1_2' title="bbox 219 596 1391 679">
     <span class='ocr_line' id='line_1_2' title="bbox 219 596 1391 679; baseline 0.001 -18"><span class='ocrx_word' id='word_1_9' title='bbox 219 596 364 662; x_wconf 85' lang='lat' dir='ltr'>involuta</span> <span class='ocrx_word' id='word_1_10' title='bbox 385 596 511 678; x_wconf 87' lang='lat' dir='ltr'>aperiri,</span> <span class='ocrx_word' id='word_1_11' title='bbox 533 597 634 662; x_wconf 91' lang='lat' dir='ltr'>altera</span> <span class='ocrx_word' id='word_1_12' title='bbox 655 605 803 677; x_wconf 88' lang='lat' dir='ltr'>prompta</span> <span class='ocrx_word' id='word_1_13' title='bbox 824 604 856 661; x_wconf 89' lang='lat' dir='ltr'>et</span> <span class='ocrx_word' id='word_1_14' title='bbox 876 605 989 679; x_wconf 86' lang='lat' dir='ltr'>aperta</span> <span class='ocrx_word' id='word_1_15' title='bbox 1004 597 1145 662; x_wconf 88' lang='lat' dir='ltr'>iudicari.</span> <span class='ocrx_word' id='word_1_16' title='bbox 1178 597 1300 663; x_wconf 82' lang='lat' dir='ltr'><strong>Etenim</strong></span> <span class='ocrx_word' id='word_1_17' title='bbox 1387 665 1391 672; x_wconf 72' lang='grc'><em>,</em></span> 
     </span>
    </p>
   </div>
   <div class='ocr_carea' id='block_1_3' title="bbox 220 698 1301 885">
    <p class='ocr_par' dir='ltr' id='par_1_3' title="bbox 220 698 1301 885">
     <span class='ocr_line' id='line_1_3' title="bbox 220 698 1300 780; baseline 0.001 -17"><span class='ocrx_word' id='word_1_18' title='bbox 220 699 386 780; x_wconf 81' lang='lat' dir='ltr'>quoniam,</span> <span class='ocrx_word' id='word_1_19' title='bbox 418 698 569 764; x_wconf 88' lang='lat' dir='ltr'>detractis</span> <span class='ocrx_word' id='word_1_20' title='bbox 596 699 636 763; x_wconf 91' lang='lat' dir='ltr'>de</span> <span class='ocrx_word' id='word_1_21' title='bbox 650 698 787 763; x_wconf 79' lang='lat' dir='ltr'>‘homine</span> <span class='ocrx_word' id='word_1_22' title='bbox 814 698 970 777; x_wconf 81' lang='lat' dir='ltr'>sensibus,</span> <span class='ocrx_word' id='word_1_23' title='bbox 1001 699 1112 779; x_wconf 87' lang='lat' dir='ltr'>reliqui</span> <span class='ocrx_word' id='word_1_24' title='bbox 1139 699 1215 763; x_wconf 87' lang='lat' dir='ltr'>nihil</span> <span class='ocrx_word' id='word_1_25' title='bbox 1243 706 1300 778; x_wconf 89' lang='lat' dir='ltr'>est,</span> 
     </span>
     <span class='ocr_line' id='line_1_4' title="bbox 220 799 1301 885; baseline 0 -21"><span class='ocrx_word' id='word_1_26' title='bbox 220 818 352 866; x_wconf 87' lang='lat' dir='ltr'>neeesse</span> <span class='ocrx_word' id='word_1_27' title='bbox 373 806 431 885; x_wconf 88' lang='lat' dir='ltr'>est,</span> <span class='ocrx_word' id='word_1_28' title='bbox 454 800 531 881; x_wconf 91' lang='lat' dir='ltr'>quid</span> <span class='ocrx_word' id='word_1_29' title='bbox 553 807 610 865; x_wconf 92' lang='lat' dir='ltr'>aut</span> <span class='ocrx_word' id='word_1_30' title='bbox 629 799 671 864; x_wconf 91' lang='lat' dir='ltr'>ad</span> <span class='ocrx_word' id='word_1_31' title='bbox 694 806 839 865; x_wconf 88' lang='lat' dir='ltr'>naturam</span> <span class='ocrx_word' id='word_1_32' title='bbox 860 806 917 864; x_wconf 91' lang='lat' dir='ltr'>aut</span> <span class='ocrx_word' id='word_1_33' title='bbox 937 807 1047 865; x_wconf 90' lang='lat' dir='ltr'>contra</span> <span class='ocrx_word' id='word_1_34' title='bbox 1069 800 1124 879; x_wconf 86' lang='lat' dir='ltr'>sit,</span> <span class='ocrx_word' id='word_1_35' title='bbox 1146 820 1167 864; x_wconf 94' lang='lat' dir='ltr'>a</span> <span class='ocrx_word' id='word_1_36' title='bbox 1187 806 1301 866; x_wconf 87' lang='lat' dir='ltr'>natura</span> 
     </span>
    </p>
   </div>
   <div class='ocr_carea' id='block_1_4' title="bbox 220 984 1301 1104">
    <p class='ocr_par' dir='ltr' id='par_1_4' title="bbox 220 984 1301 1104">
     <span class='ocr_line' id='line_1_5' title="bbox 296 984 1301 1053; baseline 0.002 -19"><span class='ocrx_word' id='word_1_37' title='bbox 296 991 315 1038; x_wconf 88' lang='lat' dir='ltr'>l.</span> <span class='ocrx_word' id='word_1_38' title='bbox 335 984 439 1035; x_wconf 78' lang='lat' dir='ltr'>indicari</span> <span class='ocrx_word' id='word_1_39' title='bbox 455 985 519 1036; x_wconf 83' lang='lat' dir='ltr'>LOr.</span> <span class='ocrx_word' id='word_1_40' title='bbox 556 989 580 1037; x_wconf 69' lang='lat'>2.</span> <span class='ocrx_word' id='word_1_41' title='bbox 599 1002 645 1049; x_wconf 86' lang='lat' dir='ltr'>quo</span> <span class='ocrx_word' id='word_1_42' title='bbox 663 985 720 1053; x_wconf 89' lang='lat' dir='ltr'>(pro</span> <span class='ocrx_word' id='word_1_43' title='bbox 739 987 899 1050; x_wconf 74' lang='lat' dir='ltr'>quonr&#39;ramlE</span> <span class='ocrx_word' id='word_1_44' title='bbox 935 990 957 1035; x_wconf 81' lang='grc'>3.</span> <span class='ocrx_word' id='word_1_45' title='bbox 977 994 1020 1034; x_wconf 84' lang='lat' dir='ltr'>cut</span> <span class='ocrx_word' id='word_1_46' title='bbox 1037 987 1128 1051; x_wconf 76' lang='lat' dir='ltr'>(priual</span> <span class='ocrx_word' id='word_1_47' title='bbox 1147 1002 1197 1039; x_wconf 89' lang='lat' dir='ltr'>om.</span> <span class='ocrx_word' id='word_1_48' title='bbox 1217 988 1239 1036; x_wconf 81' lang='lat' dir='ltr'>ll</span> <span class='ocrx_word' id='word_1_49' title='bbox 1258 997 1301 1036; x_wconf 85' lang='lat' dir='ltr'>out</span> 
     </span>
     <span class='ocr_line' id='line_1_6' title="bbox 220 1053 573 1104; baseline 0.003 -1"><span class='ocrx_word' id='word_1_50' title='bbox 220 1053 352 1104; x_wconf 61' lang='lat' dir='ltr'>neam</span> <span class='ocrx_word' id='word_1_51' title='bbox 369 1061 480 1104; x_wconf 65' lang='lat' dir='ltr'>adaram</span> <span class='ocrx_word' id='word_1_52' title='bbox 499 1053 573 1104; x_wconf 77' lang='lat' dir='ltr'>Luc</span> 
     </span>
    </p>
   </div>
   <div class='ocr_carea' id='block_1_5' title="bbox 219 1225 1300 1981">
    <p class='ocr_par' dir='ltr' id='par_1_5' title="bbox 222 1225 1300 1387">
     <span class='ocr_line' id='line_1_7' title="bbox 222 1225 1300 1304; baseline 0.001 -20"><span class='ocrx_word' id='word_1_53' title='bbox 222 1246 290 1284; x_wconf 89' lang='lat' dir='ltr'>mur</span> <span class='ocrx_word' id='word_1_54' title='bbox 318 1245 421 1301; x_wconf 85' lang='lat' dir='ltr'>quam,</span> <span class='ocrx_word' id='word_1_55' title='bbox 454 1226 532 1300; x_wconf 91' lang='lat' dir='ltr'>quod</span> <span class='ocrx_word' id='word_1_56' title='bbox 565 1225 627 1283; x_wconf 81' lang='lat' dir='ltr'>fere</span> <span class='ocrx_word' id='word_1_57' title='bbox 660 1227 768 1285; x_wconf 82' lang='lat' dir='ltr'>cotidie</span> <span class='ocrx_word' id='word_1_58' title='bbox 797 1227 885 1285; x_wconf 89' lang='lat' dir='ltr'>etiam</span> <span class='ocrx_word' id='word_1_59' title='bbox 913 1227 943 1284; x_wconf 90' lang='lat' dir='ltr'>in</span> <span class='ocrx_word' id='word_1_60' title='bbox 972 1228 1187 1304; x_wconf 87' lang='lat' dir='ltr'>philologorum</span> <span class='ocrx_word' id='word_1_61' title='bbox 1216 1227 1300 1285; x_wconf 88' lang='lat' dir='ltr'>libris</span> 
     </span>
     <span class='ocr_line' id='line_1_8' title="bbox 222 1311 798 1387; baseline -0.002 -19"><span class='ocrx_word' id='word_1_62' title='bbox 222 1311 299 1387; x_wconf 79' lang='lat' dir='ltr'>lego.</span> <span class='ocrx_word' id='word_1_63' title='bbox 323 1331 377 1368; x_wconf 86' lang='lat' dir='ltr'>rem</span> <span class='ocrx_word' id='word_1_64' title='bbox 399 1331 497 1386; x_wconf 77' lang='lat' dir='ltr'>neqore</span> <span class='ocrx_word' id='word_1_65' title='bbox 518 1321 570 1368; x_wconf 87' lang='lat' dir='ltr'>aut</span> <span class='ocrx_word' id='word_1_66' title='bbox 591 1315 728 1369; x_wconf 66' lang='lat' dir='ltr'>veritatem</span> <span class='ocrx_word' id='word_1_67' title='bbox 751 1315 798 1368; x_wconf 82' lang='lat' dir='ltr'>rei.</span> 
     </span>
    </p>

    <p class='ocr_par' dir='ltr' id='par_1_6' title="bbox 221 1395 1299 1641">
     <span class='ocr_line' id='line_1_9' title="bbox 304 1395 1299 1479; baseline 0 -26"><span class='ocrx_word' id='word_1_68' title='bbox 304 1407 433 1472; x_wconf 83' lang='lat' dir='ltr'>prompto</span> <span class='ocrx_word' id='word_1_69' title='bbox 454 1407 479 1454; x_wconf 89' lang='lat' dir='ltr'>et</span> <span class='ocrx_word' id='word_1_70' title='bbox 500 1406 596 1479; x_wconf 65' lang='lat' dir='ltr'>aperto</span> <span class='ocrx_word' id='word_1_71' title='bbox 618 1396 747 1472; x_wconf 65' lang='lat' dir='ltr'>dedicari)</span> <span class='ocrx_word' id='word_1_72' title='bbox 771 1396 913 1466; x_wconf 78' lang='lat' dir='ltr'>Manutii,</span> <span class='ocrx_word' id='word_1_73' title='bbox 936 1396 1025 1457; x_wconf 84' lang='lat' dir='ltr'>Vict..</span> <span class='ocrx_word' id='word_1_74' title='bbox 1051 1395 1151 1453; x_wconf 88' lang='lat' dir='ltr'>Lamb.</span> <span class='ocrx_word' id='word_1_75' title='bbox 1175 1399 1299 1453; x_wconf 81' lang='lat' dir='ltr'>indicari.</span> 
     </span>
     <span class='ocr_line' id='line_1_10' title="bbox 222 1479 1299 1558; baseline -0.002 -20"><span class='ocrx_word' id='word_1_76' title='bbox 222 1480 271 1538; x_wconf 87' lang='lat' dir='ltr'>Ex</span> <span class='ocrx_word' id='word_1_77' title='bbox 293 1482 404 1558; x_wconf 87' lang='lat' dir='ltr'>apertis</span> <span class='ocrx_word' id='word_1_78' title='bbox 426 1492 457 1538; x_wconf 89' lang='lat' dir='ltr'>et</span> <span class='ocrx_word' id='word_1_79' title='bbox 478 1481 622 1557; x_wconf 90' lang='lat' dir='ltr'>promptis</span> <span class='ocrx_word' id='word_1_80' title='bbox 643 1481 785 1539; x_wconf 89' lang='lat' dir='ltr'>iudicium</span> <span class='ocrx_word' id='word_1_81' title='bbox 807 1482 891 1538; x_wconf 89' lang='lat' dir='ltr'>litet</span> <span class='ocrx_word' id='word_1_82' title='bbox 913 1481 1068 1545; x_wconf 88' lang='lat' dir='ltr'>sententia</span> <span class='ocrx_word' id='word_1_83' title='bbox 1091 1481 1157 1557; x_wconf 90' lang='lat' dir='ltr'>ipsa</span> <span class='ocrx_word' id='word_1_84' title='bbox 1179 1479 1237 1538; x_wconf 86' lang='lat' dir='ltr'>non</span> <span class='ocrx_word' id='word_1_85' title='bbox 1255 1481 1299 1538; x_wconf 89' lang='lat' dir='ltr'>in·</span> 
     </span>
     <span class='ocr_line' id='line_1_11' title="bbox 221 1565 723 1641; baseline 0 -19"><span class='ocrx_word' id='word_1_86' title='bbox 221 1565 373 1635; x_wconf 87' lang='lat' dir='ltr'>dicantur;</span> <span class='ocrx_word' id='word_1_87' title='bbox 396 1585 450 1624; x_wconf 88' lang='lat' dir='ltr'>nec</span> <span class='ocrx_word' id='word_1_88' title='bbox 472 1567 549 1623; x_wconf 89' lang='lat' dir='ltr'>enim</span> <span class='ocrx_word' id='word_1_89' title='bbox 573 1585 648 1641; x_wconf 91' lang='lat' dir='ltr'>opus</span> <span class='ocrx_word' id='word_1_90' title='bbox 671 1576 723 1624; x_wconf 89' lang='lat' dir='ltr'>est.</span> 
     </span>
    </p>

    <p class='ocr_par' dir='ltr' id='par_1_7' title="bbox 219 1651 1299 1981">
     <span class='ocr_line' id='line_1_12' title="bbox 308 1651 1298 1726; baseline 0.001 -18"><span class='ocrx_word' id='word_1_91' title='bbox 308 1671 412 1709; x_wconf 67' lang='lat' dir='ltr'>noemae</span> <span class='ocrx_word' id='word_1_92' title='bbox 428 1651 480 1726; x_wconf 81' lang='lat' dir='ltr'>est)</span> <span class='ocrx_word' id='word_1_93' title='bbox 494 1652 570 1709; x_wconf 86' lang='lat' dir='ltr'>Dav.</span> <span class='ocrx_word' id='word_1_94' title='bbox 583 1652 695 1708; x_wconf 86' lang='lat' dir='ltr'>etErn.</span> <span class='ocrx_word' id='word_1_95' title='bbox 713 1652 862 1708; x_wconf 89' lang='lat' dir='ltr'>malebant</span> <span class='ocrx_word' id='word_1_96' title='bbox 883 1652 972 1709; x_wconf 80' lang='lat' dir='ltr'>scribi</span> <span class='ocrx_word' id='word_1_97' title='bbox 995 1671 1098 1708; x_wconf 66' lang='lat' dir='ltr'>noemae</span> <span class='ocrx_word' id='word_1_98' title='bbox 1116 1671 1187 1721; x_wconf 81' lang='lat' dir='ltr'>essc3</span> <span class='ocrx_word' id='word_1_99' title='bbox 1210 1652 1298 1709; x_wconf 90' lang='lat' dir='ltr'>debe·</span> 
     </span>
     <span class='ocr_line' id='line_1_13' title="bbox 221 1737 1299 1813; baseline 0.002 -22"><span class='ocrx_word' id='word_1_100' title='bbox 221 1737 297 1794; x_wconf 89' lang='lat' dir='ltr'>bant</span> <span class='ocrx_word' id='word_1_101' title='bbox 320 1737 409 1812; x_wconf 81' lang='lat' dir='ltr'>igitur</span> <span class='ocrx_word' id='word_1_102' title='bbox 431 1737 534 1793; x_wconf 83' lang='lat' dir='ltr'>etiam:</span> <span class='ocrx_word' id='word_1_103' title='bbox 557 1737 631 1793; x_wconf 83' lang='lat' dir='ltr'>Eam</span> <span class='ocrx_word' id='word_1_104' title='bbox 653 1739 721 1812; x_wconf 84' lang='lat' dir='ltr'>quid</span> <span class='ocrx_word' id='word_1_105' title='bbox 736 1739 877 1813; x_wconf 73' lang='lat' dir='ltr'>percipere</span> <span class='ocrx_word' id='word_1_106' title='bbox 898 1744 974 1794; x_wconf 73' lang='lat' dir='ltr'>cett</span> <span class='ocrx_word' id='word_1_107' title='bbox 1007 1737 1097 1794; x_wconf 82' lang='lat' dir='ltr'>Recte</span> <span class='ocrx_word' id='word_1_108' title='bbox 1114 1737 1249 1794; x_wconf 91' lang='lat' dir='ltr'>Bremius</span> <span class='ocrx_word' id='word_1_109' title='bbox 1270 1745 1299 1793; x_wconf 90' lang='lat' dir='ltr'>et</span> 
     </span>
     <span class='ocr_line' id='line_1_14' title="bbox 219 1821 1298 1896; baseline -0.001 -18"><span class='ocrx_word' id='word_1_110' title='bbox 219 1821 403 1879; x_wconf 82' lang='lat' dir='ltr'>Matthiaeus</span> <span class='ocrx_word' id='word_1_111' title='bbox 426 1821 599 1880; x_wconf 81' lang='lat' dir='ltr'>Ciceronem</span> <span class='ocrx_word' id='word_1_112' title='bbox 622 1821 684 1893; x_wconf 82' lang='lat' dir='ltr'>hic,</span> <span class='ocrx_word' id='word_1_113' title='bbox 712 1831 745 1880; x_wconf 88' lang='lat' dir='ltr'>ut</span> <span class='ocrx_word' id='word_1_114' title='bbox 773 1840 830 1878; x_wconf 88' lang='lat' dir='ltr'>non</span> <span class='ocrx_word' id='word_1_115' title='bbox 859 1840 926 1879; x_wconf 92' lang='lat' dir='ltr'>raro</span> <span class='ocrx_word' id='word_1_116' title='bbox 955 1821 1077 1879; x_wconf 86' lang='lat' dir='ltr'>alibi.</span> <span class='ocrx_word' id='word_1_117' title='bbox 1068 1840 1098 1877; x_wconf 87' lang='lat' dir='ltr'>rn</span> <span class='ocrx_word' id='word_1_118' title='bbox 1122 1822 1298 1896; x_wconf 83' lang='lat' dir='ltr'>exponenda</span> 
     </span>
     <span class='ocr_line' id='line_1_15' title="bbox 220 1906 1298 1981; baseline 0 -19"><span class='ocrx_word' id='word_1_119' title='bbox 220 1906 391 1981; x_wconf 79' lang='lat' dir='ltr'>philosophi</span> <span class='ocrx_word' id='word_1_120' title='bbox 408 1907 517 1964; x_wconf 88' lang='lat' dir='ltr'>veteris</span> <span class='ocrx_word' id='word_1_121' title='bbox 533 1907 680 1964; x_wconf 87' lang='lat' dir='ltr'>sententia</span> <span class='ocrx_word' id='word_1_122' title='bbox 697 1907 804 1974; x_wconf 76' lang='lat' dir='ltr'>subito,</span> <span class='ocrx_word' id='word_1_123' title='bbox 828 1907 937 1963; x_wconf 85' lang='lat' dir='ltr'>omissa</span> <span class='ocrx_word' id='word_1_124' title='bbox 960 1907 1080 1980; x_wconf 88' lang='lat' dir='ltr'>obliqua</span> <span class='ocrx_word' id='word_1_125' title='bbox 1103 1907 1244 1974; x_wconf 80' lang='lat' dir='ltr'>oratione,</span> <span class='ocrx_word' id='word_1_126' title='bbox 1269 1907 1298 1963; x_wconf 93' lang='lat' dir='ltr'>in</span> 
     </span>
    </p>
   </div>
   <div class='ocr_carea' id='block_1_6' title="bbox 120 1991 1298 2067">
    <p class='ocr_par' dir='ltr' id='par_1_8' title="bbox 120 1991 1298 2067">
     <span class='ocr_line' id='line_1_16' title="bbox 120 1991 1298 2067; baseline 0.002 -20"><span class='ocrx_word' id='word_1_127' title='bbox 120 2012 127 2021; x_wconf 95' lang='lat'><strong>·</strong></span> <span class='ocrx_word' id='word_1_128' title='bbox 219 2001 332 2048; x_wconf 83' lang='lat' dir='ltr'>rectem</span> <span class='ocrx_word' id='word_1_129' title='bbox 355 1992 496 2048; x_wconf 77' lang='lat' dir='ltr'>transisse</span> <span class='ocrx_word' id='word_1_130' title='bbox 519 2000 665 2062; x_wconf 88' lang='lat' dir='ltr'>statuunt,</span> <span class='ocrx_word' id='word_1_131' title='bbox 694 1993 772 2065; x_wconf 84' lang='lat' dir='ltr'>quod</span> <span class='ocrx_word' id='word_1_132' title='bbox 801 1991 825 2048; x_wconf 90' lang='lat' dir='ltr'>is</span> <span class='ocrx_word' id='word_1_133' title='bbox 847 1991 921 2048; x_wconf 82' lang='lat' dir='ltr'>iacit</span> <span class='ocrx_word' id='word_1_134' title='bbox 942 2010 1000 2047; x_wconf 90' lang='lat' dir='ltr'>non</span> <span class='ocrx_word' id='word_1_135' title='bbox 1024 1992 1132 2061; x_wconf 84' lang='lat' dir='ltr'>solum,</span> <span class='ocrx_word' id='word_1_136' title='bbox 1161 1992 1212 2048; x_wconf 92' lang='lat' dir='ltr'>ubi</span> <span class='ocrx_word' id='word_1_137' title='bbox 1234 1992 1298 2067; x_wconf 89' lang='lat' dir='ltr'>ipsa</span> 
     </span>
    </p>
   </div>
   <div class='ocr_carea' id='block_1_7' title="bbox 220 2076 1300 3000">
    <p class='ocr_par' dir='ltr' id='par_1_9' title="bbox 220 2076 1300 3000">
     <span class='ocr_line' id='line_1_17' title="bbox 220 2076 1300 2150; baseline 0.001 -18"><span class='ocrx_word' id='word_1_138' title='bbox 220 2085 274 2132; x_wconf 87' lang='lat' dir='ltr'>aut</span> <span class='ocrx_word' id='word_1_139' title='bbox 297 2076 332 2145; x_wconf 85' lang='lat' dir='ltr'>is,</span> <span class='ocrx_word' id='word_1_140' title='bbox 355 2076 405 2150; x_wconf 92' lang='lat' dir='ltr'>qui</span> <span class='ocrx_word' id='word_1_141' title='bbox 428 2077 552 2150; x_wconf 89' lang='lat' dir='ltr'>loquens</span> <span class='ocrx_word' id='word_1_142' title='bbox 575 2076 732 2148; x_wconf 87' lang='lat' dir='ltr'>inducitur,</span> <span class='ocrx_word' id='word_1_143' title='bbox 757 2076 879 2133; x_wconf 89' lang='lat' dir='ltr'>eandem</span> <span class='ocrx_word' id='word_1_144' title='bbox 902 2076 1075 2132; x_wconf 87' lang='lat' dir='ltr'>sententiam</span> <span class='ocrx_word' id='word_1_145' title='bbox 1100 2076 1242 2150; x_wconf 87' lang='lat' dir='ltr'>sequitur,</span> <span class='ocrx_word' id='word_1_146' title='bbox 1266 2087 1300 2133; x_wconf 92' lang='lat' dir='ltr'>ut</span> 
     </span>
     <span class='ocr_line' id='line_1_18' title="bbox 220 2157 1297 2236; baseline 0.001 -19"><span class='ocrx_word' id='word_1_147' title='bbox 220 2160 270 2217; x_wconf 89' lang='lat' dir='ltr'>hio</span> <span class='ocrx_word' id='word_1_148' title='bbox 287 2161 457 2236; x_wconf 81' lang='lat' dir='ltr'>Torquatus</span> <span class='ocrx_word' id='word_1_149' title='bbox 469 2157 599 2236; x_wconf 85' lang='lat' dir='ltr'>Epicuri,</span> <span class='ocrx_word' id='word_1_150' title='bbox 623 2170 656 2217; x_wconf 91' lang='lat' dir='ltr'>ut</span> <span class='ocrx_word' id='word_1_151' title='bbox 674 2161 762 2218; x_wconf 88' lang='lat' dir='ltr'>etiarn</span> <span class='ocrx_word' id='word_1_152' title='bbox 786 2172 933 2234; x_wconf 89' lang='lat' dir='ltr'>tamqnam</span> <span class='ocrx_word' id='word_1_153' title='bbox 958 2179 1039 2217; x_wconf 85' lang='lat' dir='ltr'>suam</span> <span class='ocrx_word' id='word_1_154' title='bbox 1064 2180 1172 2236; x_wconf 89' lang='lat' dir='ltr'>ponere</span> <span class='ocrx_word' id='word_1_155' title='bbox 1194 2162 1297 2236; x_wconf 83' lang='lat' dir='ltr'>possit,</span> 
     </span>
     <span class='ocr_line' id='line_1_19' title="bbox 220 2244 1296 2322; baseline 0.001 -20"><span class='ocrx_word' id='word_1_156' title='bbox 220 2245 274 2302; x_wconf 88' lang='lat' dir='ltr'>sed</span> <span class='ocrx_word' id='word_1_157' title='bbox 296 2246 384 2302; x_wconf 90' lang='lat' dir='ltr'>etiam</span> <span class='ocrx_word' id='word_1_158' title='bbox 408 2246 478 2303; x_wconf 89' lang='lat' dir='ltr'>alibi</span> <span class='ocrx_word' id='word_1_159' title='bbox 502 2246 657 2302; x_wconf 88' lang='lat' dir='ltr'>interdum.</span> <span class='ocrx_word' id='word_1_160' title='bbox 691 2244 838 2322; x_wconf 87' lang='lat' dir='ltr'>Exempla</span> <span class='ocrx_word' id='word_1_161' title='bbox 851 2254 881 2302; x_wconf 92' lang='lat' dir='ltr'>et</span> <span class='ocrx_word' id='word_1_162' title='bbox 896 2246 1075 2302; x_wconf 86' lang='lat' dir='ltr'>Matthiacus</span> <span class='ocrx_word' id='word_1_163' title='bbox 1099 2254 1213 2303; x_wconf 87' lang='lat' dir='ltr'>etanta</span> <span class='ocrx_word' id='word_1_164' title='bbox 1230 2265 1296 2303; x_wconf 91' lang='lat' dir='ltr'>eum</span> 
     </span>
     <span class='ocr_line' id='line_1_20' title="bbox 222 2330 1296 2406; baseline 0.003 -22"><span class='ocrx_word' id='word_1_165' title='bbox 222 2331 423 2406; x_wconf 78' lang='lat' dir='ltr'>Wopkensius</span> <span class='ocrx_word' id='word_1_166' title='bbox 445 2330 550 2404; x_wconf 86' lang='lat' dir='ltr'>(Lectt.</span> <span class='ocrx_word' id='word_1_167' title='bbox 574 2332 653 2388; x_wconf 83' lang='lat' dir='ltr'>Tull.</span> <span class='ocrx_word' id='word_1_168' title='bbox 673 2352 700 2405; x_wconf 93' lang='lat' dir='ltr'>p.</span> <span class='ocrx_word' id='word_1_169' title='bbox 715 2333 753 2388; x_wconf 88' lang='grc'>65</span> <span class='ocrx_word' id='word_1_170' title='bbox 772 2342 801 2387; x_wconf 93' lang='lat' dir='ltr'>et</span> <span class='ocrx_word' id='word_1_171' title='bbox 815 2332 866 2404; x_wconf 87' lang='grc'>95)</span> <span class='ocrx_word' id='word_1_172' title='bbox 890 2331 1031 2387; x_wconf 88' lang='lat' dir='ltr'>nonnulla</span> <span class='ocrx_word' id='word_1_173' title='bbox 1054 2339 1216 2406; x_wconf 87' lang='lat' dir='ltr'>posuerunt</span> <span class='ocrx_word' id='word_1_174' title='bbox 1238 2346 1296 2387; x_wconf 91' lang='lat' dir='ltr'>non</span> 
     </span>
     <span class='ocr_line' id='line_1_21' title="bbox 221 2416 1299 2491; baseline 0.001 -20"><span class='ocrx_word' id='word_1_175' title='bbox 221 2426 293 2491; x_wconf 87' lang='lat' dir='ltr'>apta</span> <span class='ocrx_word' id='word_1_176' title='bbox 314 2433 368 2473; x_wconf 89' lang='lat' dir='ltr'>nec</span> <span class='ocrx_word' id='word_1_177' title='bbox 391 2416 448 2473; x_wconf 91' lang='lat' dir='ltr'>huc</span> <span class='ocrx_word' id='word_1_178' title='bbox 470 2417 648 2491; x_wconf 90' lang='lat' dir='ltr'>pertinentia</span> <span class='ocrx_word' id='word_1_179' title='bbox 666 2417 760 2488; x_wconf 88' lang='lat' dir='ltr'>(velut</span> <span class='ocrx_word' id='word_1_180' title='bbox 782 2417 937 2484; x_wconf 74' lang='lat' dir='ltr'>Tuaelv,</span> <span class='ocrx_word' id='word_1_181' title='bbox 952 2417 1000 2474; x_wconf 76' lang='lat'>24.</span> <span class='ocrx_word' id='word_1_182' title='bbox 1024 2417 1073 2472; x_wconf 93' lang='lat' dir='ltr'>ubi</span> <span class='ocrx_word' id='word_1_183' title='bbox 1097 2435 1153 2472; x_wconf 92' lang='lat' dir='ltr'>non</span> <span class='ocrx_word' id='word_1_184' title='bbox 1177 2425 1299 2491; x_wconf 88' lang='lat' dir='ltr'>propter</span> 
     </span>
     <span class='ocr_line' id='line_1_22' title="bbox 222 2500 1296 2577; baseline 0.002 -21"><span class='ocrx_word' id='word_1_185' title='bbox 222 2500 337 2558; x_wconf 85' lang='lat' dir='ltr'>alienae</span> <span class='ocrx_word' id='word_1_186' title='bbox 355 2501 517 2559; x_wconf 88' lang='lat' dir='ltr'>sententiae</span> <span class='ocrx_word' id='word_1_187' title='bbox 534 2501 787 2577; x_wconf 80' lang='lat' dir='ltr'>significationem.</span> <span class='ocrx_word' id='word_1_188' title='bbox 811 2501 861 2557; x_wconf 88' lang='lat' dir='ltr'>sed</span> <span class='ocrx_word' id='word_1_189' title='bbox 885 2511 1005 2577; x_wconf 89' lang='lat' dir='ltr'>propter</span> <span class='ocrx_word' id='word_1_190' title='bbox 1022 2501 1164 2559; x_wconf 89' lang='lat' dir='ltr'>orationis</span> <span class='ocrx_word' id='word_1_191' title='bbox 1181 2501 1296 2558; x_wconf 89' lang='lat' dir='ltr'>initium</span> 
     </span>
     <span class='ocr_line' id='line_1_23' title="bbox 222 2585 1297 2663; baseline 0.002 -22"><span class='ocrx_word' id='word_1_192' title='bbox 222 2585 337 2644; x_wconf 81' lang='lat' dir='ltr'>infinito</span> <span class='ocrx_word' id='word_1_193' title='bbox 366 2587 452 2644; x_wconf 89' lang='lat' dir='ltr'>modo</span> <span class='ocrx_word' id='word_1_194' title='bbox 475 2586 558 2663; x_wconf 80' lang='lat' dir='ltr'>pergi</span> <span class='ocrx_word' id='word_1_195' title='bbox 581 2586 708 2660; x_wconf 90' lang='lat' dir='ltr'>debuit);</span> <span class='ocrx_word' id='word_1_196' title='bbox 738 2594 808 2660; x_wconf 90' lang='lat' dir='ltr'>apta</span> <span class='ocrx_word' id='word_1_197' title='bbox 835 2586 872 2642; x_wconf 90' lang='lat' dir='ltr'>ad</span> <span class='ocrx_word' id='word_1_198' title='bbox 900 2605 960 2641; x_wconf 88' lang='lat' dir='ltr'>rem</span> <span class='ocrx_word' id='word_1_199' title='bbox 990 2586 1194 2643; x_wconf 81' lang='lat' dir='ltr'>declarandam</span> <span class='ocrx_word' id='word_1_200' title='bbox 1225 2587 1297 2643; x_wconf 87' lang='lat' dir='ltr'>haec</span> 
     </span>
     <span class='ocr_line' id='line_1_24' title="bbox 221 2671 1296 2747; baseline 0.002 -21"><span class='ocrx_word' id='word_1_201' title='bbox 221 2682 305 2727; x_wconf 84' lang='lat' dir='ltr'>sunt:</span> <span class='ocrx_word' id='word_1_202' title='bbox 333 2671 389 2728; x_wconf 90' lang='lat' dir='ltr'>hoc</span> <span class='ocrx_word' id='word_1_203' title='bbox 416 2690 504 2747; x_wconf 91' lang='lat' dir='ltr'>opere</span> <span class='ocrx_word' id='word_1_204' title='bbox 527 2672 574 2740; x_wconf 79' lang='lat'>11,</span> <span class='ocrx_word' id='word_1_205' title='bbox 599 2673 638 2728; x_wconf 81' lang='lat'>48</span> <span class='ocrx_word' id='word_1_206' title='bbox 661 2673 703 2743; x_wconf 83' lang='lat' dir='ltr'>(at</span> <span class='ocrx_word' id='word_1_207' title='bbox 724 2673 791 2727; x_wconf 77' lang='lat' dir='ltr'>otim</span> <span class='ocrx_word' id='word_1_208' title='bbox 813 2672 973 2727; x_wconf 81' lang='lat' dir='ltr'>consvctudo</span> <span class='ocrx_word' id='word_1_209' title='bbox 994 2672 1137 2745; x_wconf 76' lang='lat' dir='ltr'>loquitur).</span> <span class='ocrx_word' id='word_1_210' title='bbox 1168 2672 1231 2729; x_wconf 85' lang='lat'>111.</span> <span class='ocrx_word' id='word_1_211' title='bbox 1257 2673 1296 2728; x_wconf 83' lang='grc'>64</span> 
     </span>
     <span class='ocr_line' id='line_1_25' title="bbox 221 2755 1297 2829; baseline 0.001 -18"><span class='ocrx_word' id='word_1_212' title='bbox 221 2757 265 2826; x_wconf 84' lang='lat' dir='ltr'>(ut</span> <span class='ocrx_word' id='word_1_213' title='bbox 286 2759 353 2812; x_wconf 72' lang='lat' dir='ltr'>enom</span> <span class='ocrx_word' id='word_1_214' title='bbox 375 2758 464 2829; x_wconf 79' lang='lat' dir='ltr'>leqca),</span> <span class='ocrx_word' id='word_1_215' title='bbox 488 2756 713 2826; x_wconf 82' lang='lat' dir='ltr'>Tusc.1v‚43‚</span> <span class='ocrx_word' id='word_1_216' title='bbox 738 2756 775 2812; x_wconf 91' lang='grc' dir='ltr'>Ν.</span> <span class='ocrx_word' id='word_1_217' title='bbox 790 2756 825 2820; x_wconf 86' lang='lat' dir='ltr'>D.</span> <span class='ocrx_word' id='word_1_218' title='bbox 848 2755 974 2825; x_wconf 79' lang='lat'>11‚129,</span> <span class='ocrx_word' id='word_1_219' title='bbox 998 2756 1033 2812; x_wconf 89' lang='lat' dir='ltr'>de</span> <span class='ocrx_word' id='word_1_220' title='bbox 1057 2756 1184 2812; x_wconf 69' lang='lat' dir='ltr'>Facti.</span> <span class='ocrx_word' id='word_1_221' title='bbox 1218 2757 1297 2814; x_wconf 87' lang='lat' dir='ltr'>Con·</span> 
     </span>
     <span class='ocr_line' id='line_1_26' title="bbox 220 2839 1297 2916; baseline 0.002 -20"><span class='ocrx_word' id='word_1_222' title='bbox 220 2840 352 2897; x_wconf 89' lang='lat' dir='ltr'>trariono</span> <span class='ocrx_word' id='word_1_223' title='bbox 373 2859 480 2916; x_wconf 83' lang='lat' dir='ltr'>genere</span> <span class='ocrx_word' id='word_1_224' title='bbox 504 2839 608 2899; x_wconf 90' lang='lat' dir='ltr'>Cicero</span> <span class='ocrx_word' id='word_1_225' title='bbox 632 2841 727 2914; x_wconf 82' lang='lat' dir='ltr'>Acad.</span> <span class='ocrx_word' id='word_1_226' title='bbox 750 2841 792 2909; x_wconf 87' lang='lat' dir='ltr'>II,</span> <span class='ocrx_word' id='word_1_227' title='bbox 811 2841 860 2910; x_wconf 81' lang='lat'>40,</span> <span class='ocrx_word' id='word_1_228' title='bbox 884 2859 949 2896; x_wconf 87' lang='lat' dir='ltr'>curn</span> <span class='ocrx_word' id='word_1_229' title='bbox 973 2841 1149 2898; x_wconf 86' lang='lat' dir='ltr'>instituisset</span> <span class='ocrx_word' id='word_1_230' title='bbox 1171 2842 1297 2898; x_wconf 85' lang='lat' dir='ltr'>alienam</span> 
     </span>
     <span class='ocr_line' id='line_1_27' title="bbox 220 2925 1298 3000; baseline 0.003 -20"><span class='ocrx_word' id='word_1_231' title='bbox 220 2925 437 2982; x_wconf 87' lang='lat' dir='ltr'>conclusionem</span> <span class='ocrx_word' id='word_1_232' title='bbox 462 2926 504 2982; x_wconf 80' lang='lat' dir='ltr'>sic</span> <span class='ocrx_word' id='word_1_233' title='bbox 523 2945 696 3000; x_wconf 82' lang='lat' dir='ltr'>proponere,</span> <span class='ocrx_word' id='word_1_234' title='bbox 720 2937 869 2999; x_wconf 80' lang='lat' dir='ltr'>tamquam</span> <span class='ocrx_word' id='word_1_235' title='bbox 890 2925 946 2999; x_wconf 79' lang='lat' dir='ltr'>ipsi</span> <span class='ocrx_word' id='word_1_236' title='bbox 965 2926 1027 2982; x_wconf 89' lang='lat' dir='ltr'>eius</span> <span class='ocrx_word' id='word_1_237' title='bbox 1045 2935 1179 2983; x_wconf 83' lang='lat' dir='ltr'>auctores</span> <span class='ocrx_word' id='word_1_238' title='bbox 1198 2926 1298 3000; x_wconf 88' lang='lat' dir='ltr'>loque-</span> 
     </span>
    </p>
   </div>
   <div class='ocr_carea' id='block_1_8' title="bbox 219 3009 1380 3084">
    <p class='ocr_par' dir='ltr' id='par_1_10' title="bbox 219 3009 1380 3084">
     <span class='ocr_line' id='line_1_28' title="bbox 219 3009 1380 3084; baseline 0.003 -20"><span class='ocrx_word' id='word_1_239' title='bbox 219 3019 337 3070; x_wconf 79' lang='lat' dir='ltr'>rentur.</span> <span class='ocrx_word' id='word_1_240' title='bbox 368 3009 465 3065; x_wconf 80' lang='lat' dir='ltr'>subito</span> <span class='ocrx_word' id='word_1_241' title='bbox 489 3010 517 3065; x_wconf 89' lang='lat' dir='ltr'>in</span> <span class='ocrx_word' id='word_1_242' title='bbox 542 3030 600 3066; x_wconf 89' lang='lat' dir='ltr'>uno</span> <span class='ocrx_word' id='word_1_243' title='bbox 624 3011 754 3067; x_wconf 85' lang='lat' dir='ltr'>membro</span> <span class='ocrx_word' id='word_1_244' title='bbox 777 3011 813 3066; x_wconf 88' lang='lat' dir='ltr'>ad</span> <span class='ocrx_word' id='word_1_245' title='bbox 837 3009 986 3084; x_wconf 89' lang='lat' dir='ltr'>obliquam</span> <span class='ocrx_word' id='word_1_246' title='bbox 1012 3010 1149 3067; x_wconf 90' lang='lat' dir='ltr'>narrandi</span> <span class='ocrx_word' id='word_1_247' title='bbox 1171 3010 1296 3068; x_wconf 80' lang='lat' dir='ltr'>formam</span> <span class='ocrx_word' id='word_1_248' title='bbox 1370 3030 1380 3041; x_wconf 53' lang='lat'><strong>³</strong></span> 
     </span>
    </p>
   </div>
   <div class='ocr_carea' id='block_1_9' title="bbox 215 3095 1296 4445">
    <p class='ocr_par' dir='ltr' id='par_1_11' title="bbox 217 3095 1296 3509">
     <span class='ocr_line' id='line_1_29' title="bbox 219 3095 1296 3168; baseline 0.003 -19"><span class='ocrx_word' id='word_1_249' title='bbox 219 3096 283 3161; x_wconf 84' lang='lat' dir='ltr'>(non</span> <span class='ocrx_word' id='word_1_250' title='bbox 303 3098 395 3168; x_wconf 77' lang='lat' dir='ltr'>porse)</span> <span class='ocrx_word' id='word_1_251' title='bbox 418 3095 576 3162; x_wconf 76' lang='lat' dir='ltr'>transierit,</span> <span class='ocrx_word' id='word_1_252' title='bbox 600 3095 704 3151; x_wconf 87' lang='lat' dir='ltr'>deinde</span> <span class='ocrx_word' id='word_1_253' title='bbox 723 3106 819 3151; x_wconf 88' lang='lat' dir='ltr'>autem</span> <span class='ocrx_word' id='word_1_254' title='bbox 838 3095 874 3151; x_wconf 90' lang='lat' dir='ltr'>ad</span> <span class='ocrx_word' id='word_1_255' title='bbox 894 3105 1002 3151; x_wconf 87' lang='lat' dir='ltr'>rectam</span> <span class='ocrx_word' id='word_1_256' title='bbox 1021 3096 1181 3152; x_wconf 90' lang='lat' dir='ltr'>orationem</span> <span class='ocrx_word' id='word_1_257' title='bbox 1202 3097 1296 3152; x_wconf 88' lang='lat' dir='ltr'>redie-</span> 
     </span>
     <span class='ocr_line' id='line_1_30' title="bbox 218 3178 1295 3254; baseline 0.004 -21"><span class='ocrx_word' id='word_1_258' title='bbox 218 3178 395 3250; x_wconf 63' lang='lat' dir='ltr'>rit(h‘&#39;ullum</span> <span class='ocrx_word' id='word_1_259' title='bbox 418 3183 499 3251; x_wconf 50' lang='lat' dir='ltr'>uisitur</span> <span class='ocrx_word' id='word_1_260' title='bbox 520 3191 558 3237; x_wconf 80' lang='lat' dir='ltr'>est</span> <span class='ocrx_word' id='word_1_261' title='bbox 581 3183 688 3254; x_wconf 75' lang='lat' dir='ltr'>cistam),</span> <span class='ocrx_word' id='word_1_262' title='bbox 712 3199 769 3236; x_wconf 89' lang='lat' dir='ltr'>non</span> <span class='ocrx_word' id='word_1_263' title='bbox 793 3180 856 3237; x_wconf 88' lang='lat' dir='ltr'>sine</span> <span class='ocrx_word' id='word_1_264' title='bbox 879 3198 967 3236; x_wconf 84' lang='lat' dir='ltr'>causa</span> <span class='ocrx_word' id='word_1_265' title='bbox 990 3181 1155 3237; x_wconf 84' lang='lat' dir='ltr'>dubitatum</span> <span class='ocrx_word' id='word_1_266' title='bbox 1174 3193 1226 3237; x_wconf 91' lang='lat' dir='ltr'>est.</span> <span class='ocrx_word' id='word_1_267' title='bbox 1260 3183 1295 3238; x_wconf 90' lang='lat' dir='ltr'>ln</span> 
     </span>
     <span class='ocr_line' id='line_1_31' title="bbox 219 3263 1296 3340; baseline 0.004 -22"><span class='ocrx_word' id='word_1_268' title='bbox 219 3263 305 3320; x_wconf 86' lang='lat' dir='ltr'>libris</span> <span class='ocrx_word' id='word_1_269' title='bbox 328 3265 363 3320; x_wconf 88' lang='lat' dir='ltr'>‹le</span> <span class='ocrx_word' id='word_1_270' title='bbox 389 3265 487 3321; x_wconf 83' lang='lat' dir='ltr'>Dirin.</span> <span class='ocrx_word' id='word_1_271' title='bbox 511 3275 615 3339; x_wconf 89' lang='lat' dir='ltr'>quater</span> <span class='ocrx_word' id='word_1_272' title='bbox 637 3266 675 3340; x_wconf 79' lang='lat' dir='ltr'>(l,</span> <span class='ocrx_word' id='word_1_273' title='bbox 700 3265 738 3320; x_wconf 75' lang='lat'>32</span> <span class='ocrx_word' id='word_1_274' title='bbox 763 3275 793 3321; x_wconf 91' lang='lat' dir='ltr'>et</span> <span class='ocrx_word' id='word_1_275' title='bbox 816 3265 854 3321; x_wconf 82' lang='grc'>55</span> <span class='ocrx_word' id='word_1_276' title='bbox 879 3276 909 3321; x_wconf 88' lang='lat' dir='ltr'>et</span> <span class='ocrx_word' id='word_1_277' title='bbox 929 3267 977 3331; x_wconf 71' lang='lat'>56.</span> <span class='ocrx_word' id='word_1_278' title='bbox 1001 3267 1042 3337; x_wconf 83' lang='lat'>11,</span> <span class='ocrx_word' id='word_1_279' title='bbox 1063 3268 1115 3338; x_wconf 84' lang='grc'>69)</span> <span class='ocrx_word' id='word_1_280' title='bbox 1138 3266 1243 3324; x_wconf 86' lang='lat' dir='ltr'>Cicero</span> <span class='ocrx_word' id='word_1_281' title='bbox 1266 3268 1296 3323; x_wconf 91' lang='lat' dir='ltr'>in</span> 
     </span>
     <span class='ocr_line' id='line_1_32' title="bbox 218 3350 1296 3425; baseline 0.005 -22"><span class='ocrx_word' id='word_1_282' title='bbox 218 3350 367 3406; x_wconf 89' lang='lat' dir='ltr'>narrando</span> <span class='ocrx_word' id='word_1_283' title='bbox 390 3368 408 3405; x_wconf 89' lang='lat' dir='ltr'>a</span> <span class='ocrx_word' id='word_1_284' title='bbox 430 3360 508 3406; x_wconf 85' lang='lat' dir='ltr'>recta</span> <span class='ocrx_word' id='word_1_285' title='bbox 533 3351 675 3415; x_wconf 81' lang='lat' dir='ltr'>oratione,</span> <span class='ocrx_word' id='word_1_286' title='bbox 699 3350 728 3406; x_wconf 85' lang='lat' dir='ltr'>in</span> <span class='ocrx_word' id='word_1_287' title='bbox 753 3369 811 3424; x_wconf 87' lang='lat' dir='ltr'>qua</span> <span class='ocrx_word' id='word_1_288' title='bbox 829 3350 910 3406; x_wconf 91' lang='lat' dir='ltr'>nnlla</span> <span class='ocrx_word' id='word_1_289' title='bbox 927 3359 971 3406; x_wconf 88' lang='lat' dir='ltr'>est</span> <span class='ocrx_word' id='word_1_290' title='bbox 988 3351 1163 3425; x_wconf 80' lang='lat' dir='ltr'>significatio</span> <span class='ocrx_word' id='word_1_291' title='bbox 1182 3352 1296 3408; x_wconf 88' lang='lat' dir='ltr'>alienae</span> 
     </span>
     <span class='ocr_line' id='line_1_33' title="bbox 217 3435 884 3509; baseline 0.003 -21"><span class='ocrx_word' id='word_1_292' title='bbox 217 3435 392 3493; x_wconf 78' lang='lat' dir='ltr'>sententiae.</span> <span class='ocrx_word' id='word_1_293' title='bbox 416 3435 513 3490; x_wconf 80' lang='lat' dir='ltr'>subito</span> <span class='ocrx_word' id='word_1_294' title='bbox 536 3435 572 3490; x_wconf 88' lang='lat' dir='ltr'>ad</span> <span class='ocrx_word' id='word_1_295' title='bbox 596 3435 745 3509; x_wconf 86' lang='lat' dir='ltr'>obliquam</span> <span class='ocrx_word' id='word_1_296' title='bbox 771 3435 884 3491; x_wconf 90' lang='lat' dir='ltr'>transit.</span> 
     </span>
    </p>

    <p class='ocr_par' dir='ltr' id='par_1_12' title="bbox 215 3519 1296 4445">
     <span class='ocr_line' id='line_1_34' title="bbox 305 3519 1295 3595; baseline 0 -20"><span class='ocrx_word' id='word_1_297' title='bbox 305 3521 343 3575; x_wconf 75' lang='lat' dir='ltr'>orl</span> <span class='ocrx_word' id='word_1_298' title='bbox 365 3519 504 3595; x_wconf 71' lang='lat' dir='ltr'>nutrirem)</span> <span class='ocrx_word' id='word_1_299' title='bbox 527 3521 699 3576; x_wconf 88' lang='lat' dir='ltr'>Tenuerunt</span> <span class='ocrx_word' id='word_1_300' title='bbox 722 3520 777 3575; x_wconf 91' lang='lat' dir='ltr'>boc</span> <span class='ocrx_word' id='word_1_301' title='bbox 800 3520 859 3576; x_wconf 88' lang='lat' dir='ltr'>lere</span> <span class='ocrx_word' id='word_1_302' title='bbox 883 3519 1010 3576; x_wconf 89' lang='lat' dir='ltr'>editores</span> <span class='ocrx_word' id='word_1_303' title='bbox 1039 3530 1106 3577; x_wconf 87' lang='lat' dir='ltr'>ante</span> <span class='ocrx_word' id='word_1_304' title='bbox 1130 3521 1295 3578; x_wconf 89' lang='lat' dir='ltr'>Manutium</span> 
     </span>
     <span class='ocr_line' id='line_1_35' title="bbox 219 3603 1296 3674; baseline 0 -14"><span class='ocrx_word' id='word_1_305' title='bbox 219 3614 250 3660; x_wconf 88' lang='lat' dir='ltr'>et</span> <span class='ocrx_word' id='word_1_306' title='bbox 264 3603 447 3660; x_wconf 86' lang='lat' dir='ltr'>Lambinum.</span> <span class='ocrx_word' id='word_1_307' title='bbox 473 3605 497 3660; x_wconf 87' lang='lat' dir='ltr'>E</span> <span class='ocrx_word' id='word_1_308' title='bbox 510 3604 631 3662; x_wconf 89' lang='lat' dir='ltr'>Gruteri</span> <span class='ocrx_word' id='word_1_309' title='bbox 644 3605 727 3660; x_wconf 89' lang='lat' dir='ltr'>codd.</span> <span class='ocrx_word' id='word_1_310' title='bbox 740 3614 799 3660; x_wconf 91' lang='lat' dir='ltr'>tres</span> <span class='ocrx_word' id='word_1_311' title='bbox 817 3604 858 3660; x_wconf 91' lang='lat' dir='ltr'>sic</span> <span class='ocrx_word' id='word_1_312' title='bbox 873 3605 1030 3674; x_wconf 85' lang='lat' dir='ltr'>habebant,</span> <span class='ocrx_word' id='word_1_313' title='bbox 1049 3614 1108 3661; x_wconf 88' lang='lat' dir='ltr'>tres</span> <span class='ocrx_word' id='word_1_314' title='bbox 1124 3605 1296 3673; x_wconf 80' lang='lat' dir='ltr'>„commatis</span> 
     </span>
     <span class='ocr_line' id='line_1_36' title="bbox 218 3689 1296 3762; baseline 0.002 -19"><span class='ocrx_word' id='word_1_315' title='bbox 218 3689 304 3762; x_wconf 84' lang='lat' dir='ltr'>qnasi</span> <span class='ocrx_word' id='word_1_316' title='bbox 322 3689 485 3762; x_wconf 86' lang='lat' dir='ltr'>sequioria“</span> <span class='ocrx_word' id='word_1_317' title='bbox 504 3691 657 3752; x_wconf 71' lang='lat' dir='ltr'>secandum,</span> <span class='ocrx_word' id='word_1_318' title='bbox 677 3709 693 3745; x_wconf 89' lang='lat' dir='ltr'>a</span> <span class='ocrx_word' id='word_1_319' title='bbox 710 3690 786 3745; x_wconf 84' lang='lat' dir='ltr'>Dav.</span> <span class='ocrx_word' id='word_1_320' title='bbox 799 3690 883 3748; x_wconf 83' lang='lat' dir='ltr'>Parr.</span> <span class='ocrx_word' id='word_1_321' title='bbox 901 3692 912 3745; x_wconf 93' lang='lat' dir='ltr'>l</span> <span class='ocrx_word' id='word_1_322' title='bbox 935 3701 964 3746; x_wconf 87' lang='lat' dir='ltr'>et</span> <span class='ocrx_word' id='word_1_323' title='bbox 982 3690 1059 3759; x_wconf 77' lang='lat' dir='ltr'>3acl,</span> <span class='ocrx_word' id='word_1_324' title='bbox 1077 3690 1151 3746; x_wconf 75' lang='grc' dir='ltr'>ΕΗ</span> <span class='ocrx_word' id='word_1_325' title='bbox 1173 3699 1201 3746; x_wconf 91' lang='lat' dir='ltr'>et</span> <span class='ocrx_word' id='word_1_326' title='bbox 1220 3690 1296 3746; x_wconf 88' lang='lat' dir='ltr'>Ball.</span> 
     </span>
     <span class='ocr_line' id='line_1_37' title="bbox 217 3772 1295 3854; baseline 0.003 -25"><span class='ocrx_word' id='word_1_327' title='bbox 217 3776 361 3830; x_wconf 71' lang='lat' dir='ltr'>seecundum</span> <span class='ocrx_word' id='word_1_328' title='bbox 380 3773 461 3846; x_wconf 90' lang='lat' dir='ltr'>(quid</span> <span class='ocrx_word' id='word_1_329' title='bbox 480 3774 570 3854; x_wconf 77' lang='lat' dir='ltr'>ceteri</span> <span class='ocrx_word' id='word_1_330' title='bbox 589 3785 727 3847; x_wconf 89' lang='lat' dir='ltr'>quattuor</span> <span class='ocrx_word' id='word_1_331' title='bbox 735 3772 775 3846; x_wconf 84' lang='lat'>?);</span> <span class='ocrx_word' id='word_1_332' title='bbox 798 3773 878 3832; x_wconf 86' lang='lat' dir='ltr'>Oxx.</span> <span class='ocrx_word' id='word_1_333' title='bbox 896 3793 997 3830; x_wconf 91' lang='lat' dir='ltr'>omnes</span> <span class='ocrx_word' id='word_1_334' title='bbox 1015 3784 1044 3830; x_wconf 87' lang='lat' dir='ltr'>et</span> <span class='ocrx_word' id='word_1_335' title='bbox 1062 3793 1077 3829; x_wconf 89' lang='lat' dir='ltr'>e</span> <span class='ocrx_word' id='word_1_336' title='bbox 1095 3774 1218 3832; x_wconf 86' lang='lat' dir='ltr'>Gzianis</span> <span class='ocrx_word' id='word_1_337' title='bbox 1236 3785 1295 3832; x_wconf 86' lang='lat' dir='ltr'>tres</span> 
     </span>
     <span class='ocr_line' id='line_1_38' title="bbox 216 3857 1294 3935; baseline 0.002 -22"><span class='ocrx_word' id='word_1_338' title='bbox 216 3861 370 3914; x_wconf 66' lang='lat' dir='ltr'>reccaredum.</span> <span class='ocrx_word' id='word_1_339' title='bbox 396 3857 437 3934; x_wconf 90' lang='lat' dir='ltr'>[B</span> <span class='ocrx_word' id='word_1_340' title='bbox 454 3869 486 3914; x_wconf 91' lang='lat' dir='ltr'>ut</span> <span class='ocrx_word' id='word_1_341' title='bbox 499 3857 576 3935; x_wconf 87' lang='lat' dir='ltr'>Erl]</span> <span class='ocrx_word' id='word_1_342' title='bbox 600 3859 668 3915; x_wconf 84' lang='lat' dir='ltr'>Non</span> <span class='ocrx_word' id='word_1_343' title='bbox 687 3869 784 3933; x_wconf 83' lang='lat' dir='ltr'>potest</span> <span class='ocrx_word' id='word_1_344' title='bbox 803 3877 857 3915; x_wconf 91' lang='lat' dir='ltr'>nec</span> <span class='ocrx_word' id='word_1_345' title='bbox 880 3869 1000 3934; x_wconf 89' lang='lat' dir='ltr'>propter</span> <span class='ocrx_word' id='word_1_346' title='bbox 1022 3859 1104 3915; x_wconf 90' lang='lat' dir='ltr'>codd.</span> <span class='ocrx_word' id='word_1_347' title='bbox 1125 3877 1177 3914; x_wconf 90' lang='lat' dir='ltr'>nec</span> <span class='ocrx_word' id='word_1_348' title='bbox 1195 3878 1247 3933; x_wconf 88' lang='lat' dir='ltr'>per</span> <span class='ocrx_word' id='word_1_349' title='bbox 1264 3879 1294 3915; x_wconf 83' lang='lat' dir='ltr'>se</span> 
     </span>
     <span class='ocr_line' id='line_1_39' title="bbox 216 3942 1294 4019; baseline 0.003 -22"><span class='ocrx_word' id='word_1_350' title='bbox 216 3942 360 4000; x_wconf 87' lang='lat' dir='ltr'>dubitari.</span> <span class='ocrx_word' id='word_1_351' title='bbox 391 3954 488 3999; x_wconf 90' lang='lat' dir='ltr'>utrum</span> <span class='ocrx_word' id='word_1_352' title='bbox 512 3963 549 3999; x_wconf 86' lang='lat' dir='ltr'>ex</span> <span class='ocrx_word' id='word_1_353' title='bbox 573 3944 798 4019; x_wconf 87' lang='lat' dir='ltr'>interpolatione</span> <span class='ocrx_word' id='word_1_354' title='bbox 822 3953 917 4000; x_wconf 90' lang='lat' dir='ltr'>ortum</span> <span class='ocrx_word' id='word_1_355' title='bbox 941 3945 991 4010; x_wconf 78' lang='lat' dir='ltr'>sit3</span> <span class='ocrx_word' id='word_1_356' title='bbox 1023 3962 1076 4000; x_wconf 86' lang='lat' dir='ltr'>nee</span> <span class='ocrx_word' id='word_1_357' title='bbox 1104 3952 1202 3999; x_wconf 89' lang='lat' dir='ltr'>tamen</span> <span class='ocrx_word' id='word_1_358' title='bbox 1232 3964 1294 4000; x_wconf 88' lang='lat' dir='ltr'>um-</span> 
     </span>
     <span class='ocr_line' id='line_1_40' title="bbox 215 4027 1294 4100; baseline 0.005 -18"><span class='ocrx_word' id='word_1_359' title='bbox 215 4045 304 4100; x_wconf 85' lang='lat' dir='ltr'>quam</span> <span class='ocrx_word' id='word_1_360' title='bbox 335 4027 407 4084; x_wconf 88' lang='lat' dir='ltr'>alibi</span> <span class='ocrx_word' id='word_1_361' title='bbox 429 4027 533 4085; x_wconf 85' lang='lat' dir='ltr'>Cicero</span> <span class='ocrx_word' id='word_1_362' title='bbox 561 4029 602 4085; x_wconf 89' lang='lat' dir='ltr'>sic</span> <span class='ocrx_word' id='word_1_363' title='bbox 631 4029 666 4084; x_wconf 89' lang='lat' dir='ltr'>da</span> <span class='ocrx_word' id='word_1_364' title='bbox 689 4029 744 4085; x_wconf 88' lang='lat' dir='ltr'>hac</span> <span class='ocrx_word' id='word_1_365' title='bbox 766 4048 797 4086; x_wconf 91' lang='lat' dir='ltr'>re</span> <span class='ocrx_word' id='word_1_366' title='bbox 820 4028 895 4084; x_wconf 81' lang='lat' dir='ltr'>dixit</span> <span class='ocrx_word' id='word_1_367' title='bbox 922 4031 988 4099; x_wconf 89' lang='lat' dir='ltr'>(nec</span> <span class='ocrx_word' id='word_1_368' title='bbox 1015 4027 1076 4084; x_wconf 86' lang='lat' dir='ltr'>fere</span> <span class='ocrx_word' id='word_1_369' title='bbox 1104 4030 1223 4085; x_wconf 87' lang='lat' dir='ltr'>omnino</span> <span class='ocrx_word' id='word_1_370' title='bbox 1258 4030 1294 4087; x_wconf 89' lang='lat' dir='ltr'>de</span> 
     </span>
     <span class='ocr_line' id='line_1_41' title="bbox 215 4113 1291 4214; baseline 0.003 -46"><span class='ocrx_word' id='word_1_371' title='bbox 215 4113 423 4169; x_wconf 84' lang='lat' dir='ltr'>convenientia</span> <span class='ocrx_word' id='word_1_372' title='bbox 444 4133 501 4170; x_wconf 78' lang='lat' dir='ltr'>esse</span> <span class='ocrx_word' id='word_1_373' title='bbox 522 4115 562 4169; x_wconf 80' lang='lat' dir='ltr'>cul</span> <span class='ocrx_word' id='word_1_374' title='bbox 583 4134 646 4178; x_wconf 81' lang='lat' dir='ltr'>rem</span> <span class='ocrx_word' id='word_1_375' title='bbox 671 4114 726 4170; x_wconf 86' lang='lat' dir='ltr'>nisi</span> <span class='ocrx_word' id='word_1_376' title='bbox 748 4114 809 4170; x_wconf 89' lang='lat' dir='ltr'>lin</span> <span class='ocrx_word' id='word_1_377' title='bbox 824 4115 908 4170; x_wconf 91' lang='lat' dir='ltr'>Verr.</span> <span class='ocrx_word' id='word_1_378' title='bbox 925 4113 983 4169; x_wconf 88' lang='lat'>133</span> <span class='ocrx_word' id='word_1_379' title='bbox 1008 4115 1045 4169; x_wconf 73' lang='lat' dir='ltr'>uri</span> <span class='ocrx_word' id='word_1_380' title='bbox 1059 4116 1291 4214; x_wconf 73' lang='lat' dir='ltr'>perpeudiculum,</span> 
     </span>
     <span class='ocr_line' id='line_1_42' title="bbox 215 4197 1295 4273; baseline 0.003 -20"><span class='ocrx_word' id='word_1_381' title='bbox 215 4197 267 4254; x_wconf 86' lang='lat' dir='ltr'>sed</span> <span class='ocrx_word' id='word_1_382' title='bbox 291 4208 340 4253; x_wconf 87' lang='lat' dir='ltr'>aut</span> <span class='ocrx_word' id='word_1_383' title='bbox 357 4201 422 4271; x_wconf 65' lang='lat' dir='ltr'>lieri</span> <span class='ocrx_word' id='word_1_384' title='bbox 442 4201 482 4255; x_wconf 77' lang='lat' dir='ltr'>acl</span> <span class='ocrx_word' id='word_1_385' title='bbox 504 4200 665 4255; x_wconf 80' lang='lat' dir='ltr'>voirmtatem</span> <span class='ocrx_word' id='word_1_386' title='bbox 690 4207 740 4255; x_wconf 88' lang='lat' dir='ltr'>aut</span> <span class='ocrx_word' id='word_1_387' title='bbox 763 4199 791 4254; x_wconf 89' lang='lat' dir='ltr'>in</span> <span class='ocrx_word' id='word_1_388' title='bbox 816 4198 978 4266; x_wconf 84' lang='lat' dir='ltr'>adiectiris,</span> <span class='ocrx_word' id='word_1_389' title='bbox 1002 4206 1034 4253; x_wconf 89' lang='lat' dir='ltr'>ut</span> <span class='ocrx_word' id='word_1_390' title='bbox 1056 4202 1164 4273; x_wconf 79' lang='lat' dir='ltr'>sopiens</span> <span class='ocrx_word' id='word_1_391' title='bbox 1186 4201 1282 4255; x_wconf 78' lang='lat' dir='ltr'>ado</span> <span class='ocrx_word' id='word_1_392' title='bbox 1245 4205 1295 4256; x_wconf 86' lang='lat' dir='ltr'>olr-</span> 
     </span>
     <span class='ocr_line' id='line_1_43' title="bbox 215 4282 1293 4381; baseline 0.003 -43"><span class='ocrx_word' id='word_1_393' title='bbox 215 4303 297 4357; x_wconf 82' lang='lat' dir='ltr'>quam</span> <span class='ocrx_word' id='word_1_394' title='bbox 322 4287 462 4357; x_wconf 74' lang='lat' dir='ltr'>mororum).</span> <span class='ocrx_word' id='word_1_395' title='bbox 487 4293 516 4340; x_wconf 92' lang='lat' dir='ltr'>et</span> <span class='ocrx_word' id='word_1_396' title='bbox 539 4284 616 4356; x_wconf 89' lang='lat' dir='ltr'>quod</span> <span class='ocrx_word' id='word_1_397' title='bbox 640 4282 733 4340; x_wconf 85' lang='lat' dir='ltr'>Gzius</span> <span class='ocrx_word' id='word_1_398' title='bbox 757 4284 850 4373; x_wconf 91' lang='lat' dir='ltr'>ponit</span> <span class='ocrx_word' id='word_1_399' title='bbox 875 4282 1125 4355; x_wconf 72' lang='lat' dir='ltr'>Handiuslans.</span> <span class='ocrx_word' id='word_1_400' title='bbox 1144 4286 1205 4381; x_wconf 93' lang='lat' dir='ltr'>Ip</span> <span class='ocrx_word' id='word_1_401' title='bbox 1222 4286 1293 4376; x_wconf 74' lang='lat' dir='ltr'>loa)</span> 
     </span>
     <span class='ocr_line' id='line_1_44' title="bbox 216 4359 1294 4445; baseline -0.002 -20"><span class='ocrx_word' id='word_1_402' title='bbox 216 4369 339 4444; x_wconf 87' lang='lat' dir='ltr'>repetit,</span> <span class='ocrx_word' id='word_1_403' title='bbox 369 4388 433 4426; x_wconf 85' lang='lat' dir='ltr'>esse</span> <span class='ocrx_word' id='word_1_404' title='bbox 456 4368 638 4427; x_wconf 90' lang='lat' dir='ltr'>Graecorum</span> <span class='ocrx_word' id='word_1_405' title='bbox 661 4360 736 4444; x_wconf 78' lang='grc' dir='ltr'><strong><em>πρὸς</em></strong></span> <span class='ocrx_word' id='word_1_406' title='bbox 758 4385 861 4440; x_wconf 76' lang='grc' dir='ltr'><strong><em>φυσιν</em></strong></span> <span class='ocrx_word' id='word_1_407' title='bbox 890 4368 956 4441; x_wconf 89' lang='lat' dir='ltr'>quis</span> <span class='ocrx_word' id='word_1_408' title='bbox 979 4368 1086 4425; x_wconf 86' lang='lat' dir='ltr'>dixerit</span> <span class='ocrx_word' id='word_1_409' title='bbox 1109 4359 1184 4445; x_wconf 76' lang='grc' dir='ltr'><em>πρὸς</em></span> <span class='ocrx_word' id='word_1_410' title='bbox 1206 4385 1294 4442; x_wconf 78' lang='grc' dir='ltr'><strong><em>φυσιν</em></strong></span> 
     </span>
    </p>
   </div>
   <div class='ocr_carea' id='block_1_10' title="bbox 1055 4482 1088 4531">
    <p class='ocr_par' dir='ltr' id='par_1_13' title="bbox 1055 4482 1088 4531">
     <span class='ocr_line' id='line_1_45' title="bbox 1055 4482 1088 4531; baseline 0 -12"><span class='ocrx_word' id='word_1_411' title='bbox 1055 4482 1088 4531; x_wconf 62' lang='grc'>5*</span> 
     </span>
    </p>
   </div>
   <div class='ocr_carea' id='block_1_11' title="bbox 0 0 1520 5086">
    <p class='ocr_par' dir='ltr' id='par_1_14' title="bbox 0 0 1520 5086">
     <span class='ocr_line' id='line_1_46' title="bbox 0 0 1520 5086; baseline 0 0"><span class='ocrx_word' id='word_1_412' title='bbox 0 0 1520 5086; x_wconf 95' lang='lat' dir='ltr'> </span> 
     </span>
    </p>
   </div>
  </div>
 </body>
</html>
