3030 5086
253 482 315 547 196
346 544 351 553 ,
645 500 688 545 nu
711 500 842 545 rupinus
865 498 936 544 aaa.

336 669 375 733 X.
399 670 449 733 29.
479 668 547 732 Hoc
570 686 643 732 vero
667 684 728 731 non
747 666 863 745 videre,
885 667 1020 731 marimo
1041 674 1230 749 argumento
1252 684 1332 747 este,

252 770 445 851 voluptatem
467 769 564 847 illam,
592 787 654 849 qua
676 768 801 834 sublata
823 778 915 849 neget
937 790 971 834 se
992 767 1173 850 intellegere
1195 769 1332 849 omnino,

253 872 328 954 quid
356 873 396 937 sit
424 872 537 936 bonum
560 874 643 949 (earn
669 879 775 936 autern
803 872 846 935 ita
873 870 1086 952 persequitur,
1114 890 1196 953 qtae
1223 870 1331 953 palato

253 975 459 1055 percipiatur,
487 992 567 1054 quae
594 973 737 1053 auribus;
768 980 872 1037 cetera
893 973 999 1051 addit,
1027 992 1109 1064 quae
1130 972 1159 1036 si
1179 972 1332 1054 appellas,

215 1077 353 1140 {rhenos
380 1073 573 1157 praefandus
601 1075 655 1155 sit)
684 1111 723 1120 -
751 1074 810 1138 hoc
837 1075 945 1153 igitur,
975 1075 1059 1155 quod
1087 1074 1188 1138 solum
1216 1074 1331 1140 bonurn

254 1196 382 1243 severus
405 1184 437 1242 et
452 1176 558 1258 gravis
575 1175 780 1256 philosophus
803 1176 898 1252 novit,
920 1177 1001 1240 idem
1025 1195 1086 1240 nou
1105 1176 1193 1240 videt
1216 1194 1256 1242 ne
1277 1194 1332 1243 ex·

253 1280 421 1361 petendum
444 1278 569 1361 quidem
591 1296 673 1357 essa,
705 1279 789 1358 quod
819 1297 887 1342 earn
914 1277 1106 1358 voluptatem
1133 1276 1193 1342 hoc
1221 1278 1333 1343 eodem

328 1489 346 1534 Ι,
365 1483 441 1531 tit-L
476 1498 585 1531 aareom
614 1482 733 1531 LPMCR
769 1487 791 1529 2.
811 1479 996 1532 uttamPMCtt
1031 1486 1055 1529 3.
1075 1481 1109 1530 ito
1127 1480 1215 1531 otnL
1248 1498 1332 1545 perre-

255 1553 357 1669 Ξυειῖῶ
376 1559 429 1668 Et.
454 1550 587 1600 additae
642 1556 664 1597 5.
688 1551 758 1599 bonor
778 1550 822 1599 EC
872 1549 1018 1613 prefraudus
1038 1551 1059 1598 E
1075 1549 1238 1615 praetendas
1257 1549 1333 1599 LMC
1383 1561 1386 1565 '

340 1809 413 1884 Cap.
438 1810 478 1873 X,
504 1812 553 1867 29.
595 1810 653 1864 Hoc
683 1826 742 1863 rere
769 1828 819 1863 non
848 1808 950 1881 m'dere)
973 1808 1141 1865 Infinitivus
1164 1820 1210 1865 eat
1231 1808 1335 1865 excla-

255 1896 362 1951 mantis
385 1914 450 1950 eum
474 1893 668 1951 admiratione
691 1894 763 1964 (Hor
786 1913 847 1949 rere
868 1895 992 1949 credibile
1014 1903 1061 1963 eat,
1087 1913 1146 1950 ema
1168 1914 1220 1950 noa
1241 1895 1337 1951 vidae

254 1992 299 2036 eet
319 1985 356 2054 t),
381 1980 409 2035 id
434 1999 521 2035 mtmn
547 1998 603 2033 non
629 1997 748 2052 proruas
771 1978 893 2053 vulgare
916 1979 1041 2038 habens.
1064 1979 1143 2052 quod
1165 1979 1334 2036 subiectum

255 2086 312 2121 mm
330 2066 461 2132 additum
485 2064 572 2139 plane
590 2064 691 2119 eodem
711 2064 797 2119 modo
816 2064 922 2119 dieitur
941 2064 1065 2134 1V,76:
1088 2065 1148 2120 Hoc
1165 2084 1216 2120 noa
1231 2066 1336 2121 videre.

255 2152 331 2208 Nam
366 2151 459 2225 ipsam
494 2169 554 2205 rem
584 2149 720 2205 universe
748 2148 852 2206 Cicero
881 2148 1056 2207 admiratur.
1091 2168 1149 2205 non
1177 2150 1272 2207 solum
1302 2149 1337 2207 in

255 2248 334 2292 eerto
358 2236 484 2291 homine.
531 2235 589 2292 Sed
613 2252 678 2290 cum
702 2234 744 2289 sie
766 2253 850 2290 orsus
873 2244 964 2291 esset.
994 2244 1026 2290 ut
1054 2234 1208 2291 dicendum
1237 2244 1336 2292 esset:

256 2325 370 2376 mimimo
392 2330 547 2393 ‹rrptrrueato
569 2339 640 2381 aare,
669 2322 740 2374 illam
773 2321 932 2393 voluptatem
956 2352 993 2361 —
1018 2339 1050 2375 rte
1071 2321 1248 2394 ‹rppetentlam
1272 2324 1337 2394 qui·

254 2409 312 2463 dem
336 2426 402 2471 aare,
425 2408 499 2479 qrrotl
520 2425 576 2460 eam
600 2424 650 2460 aon
674 2406 853 2461 ‹derideremus
877 2413 941 2467 cet,
965 2405 1102 2477 quioniam
1126 2404 1257 2482 longior,
1281 2405 1337 2462 ad·

255 2492 317 2547 dita
341 2491 523 2564 parenthesi,
557 2490 636 2545 faeta
664 2501 726 2545 erat
755 2490 885 2545 delinitio
913 2489 994 2549 illiue
1015 2489 1189 2563 voluptaria,
1222 2490 1340 2548 omissa

256 2597 290 2632 ea
323 2576 464 2631 matianis
494 2586 653 2630 >tractui-a.
684 2593 770 2647 qtram
801 2575 979 2633 instituerat.
1010 2586 1039 2630 et.
1066 2593 1144 2631 nova
1170 2594 1223 2651 per
1251 2577 1339 2649 :fitur

257 2662 388 2717 imineta.
423 2661 501 2734 quad
535 2669 622 2714 antea
656 2659 818 2714 mirandum
848 2660 1040 2733 significarat.
1075 2678 1152 2715 nuno
1185 2660 1339 2717 narrando

257 2747 458 2821 persequitur:
488 2747 535 2801 ime
562 2747 642 2815 rjqitru·
664 2764 713 2800 mm
738 2747 808 2800 ridet
830 2755 885 2801 eet.
932 2744 1091 2818 Expedivit
1120 2745 1216 2801 locum
1244 2757 1339 2803 antea

255 2832 458 2887 addubitatum
484 2831 677 2898 Matthiaeue,
707 2829 735 2884 in
765 2848 800 2885 eo
829 2849 887 2885 uno
910 2829 1015 2885 leviter
1037 2848 1153 2898 errans,
1182 2830 1260 2903 qrtod
1285 2832 1339 2889 hoc

258 2918 341 2973 initio
371 2916 497 2990 positum
526 2915 662 2989 coniungi
693 2914 756 2970 vult
789 2933 854 2970 enm
885 2934 941 2971 ease
974 2925 1077 2970 eontra
1110 2915 1337 2973 similitudinem

197 2995 201 3003 ’
255 3000 310 3060 loei
346 3002 425 3057 iilius
459 3000 526 3056 libri
561 3000 667 3073 quanti.
719 2999 844 3055 Ponitm·
877 3000 954 3055 enim
988 3000 1017 3055 id
1052 3019 1212 3074 pronomen
1246 3001 1338 3059 initio

254 3088 354 3143 onmia
387 3086 600 3160 complectens,
636 3103 710 3158 quae
744 3084 849 3140 deinde
877 3085 1023 3141 dieantur.
1074 3085 1194 3142 Priores
1223 3086 1338 3161 partim

256 3173 377 3229 laeurme
395 3182 494 3227 notam
513 3180 721 3245 apposuerant,
741 3170 847 3243 partim
866 3170 956 3226 verba
975 3181 1131 3238 mutarunt,
1151 3188 1169 3226 a
1186 3171 1340 3228 sententia

255 3258 343 3313 etiam
367 3257 538 3312 aberrantes
561 3264 678 3330 praeter
702 3255 866 3322 Bromium,
890 3255 939 3328 qui
965 3256 1033 3310 ridet
1056 3255 1189 3330 seripsit,
1219 3266 1338 3314 tanturn

255 3354 362 3398 reetam
387 3340 511 3397 formam
536 3352 563 3395 et
587 3340 797 3397 sententiarum
821 3340 1057 3397 coniunctionem
1082 3341 1211 3397 turbans.
1254 3342 1337 3398 Tum

178 3417 185 3431 ’
255 3428 331 3483 enim
362 3426 418 3482 diei
449 3426 564 3481 debuit:
593 3425 636 3481 Ne
663 3426 731 3481 idad
758 3426 863 3498 quidem
893 3427 971 3481 vertet.
1016 3426 1092 3482 Nam
1117 3426 1177 3482 Hoc
1198 3445 1260 3482 vcro
1282 3446 1338 3483 aea

256 3515 325 3568 ridet
348 3512 503 3587 signifieat.
527 3511 636 3566 dietum
660 3519 728 3566 ante
751 3529 831 3573 esse,
855 3510 913 3565 alia
936 3530 1001 3566 eum
1026 3510 1135 3567 videre.
1179 3512 1252 3568 Eure
1274 3530 1337 3571 om.
1366 3578 1373 3585 ,

255 3598 343 3653 etiam
366 3610 426 3671 χψ,
459 3615 532 3651 unua
563 3596 588 3654 U
617 3606 655 3651 est
685 3595 781 3650 habet.
826 3595 1004 3650 'l'truru'llren
1033 3607 1077 3651 est
1106 3596 1193 3651 etiam
1222 3597 1251 3652 in
1275 3614 1338 3673 mg.

255 3684 349 3747 Crat,
373 3683 436 3737 l'al.
453 3684 478 3746 l,
503 3680 581 3754 Spir.
601 3677 666 3757 [B],
690 3680 720 3736 id
739 3692 781 3735 eet
800 3681 932 3754 optimia3
957 3681 1052 3737 editur
1072 3681 1140 3737 iude
1158 3679 1338 3751 aGrutero;

256 3768 344 3824 ceteri
370 3769 460 3830 uilem,
485 3761 527 3833 Εξ
550 3768 659 3820 attilam.

341 3873 398 3907 eum
426 3861 513 3906 mrtem
543 3854 580 3905 iter
605 3854 791 3925 persequitur)
815 3849 884 3906 Vid.
909 3850 946 3906 ad
970 3855 984 3919 ᾗ
1005 3853 1033 3907 7.
1082 3851 1176 3927 Cetera
1204 3859 1271 3907 suni
1293 3842 1337 3907 ui

256 3929 430 4012 (inpedierit.
461 3937 520 3992 Pro
535 3937 705 4009 pauperatae
718 3933 801 4010 ([A,]
815 3934 878 3991 cod.
889 3935 976 3995 vict..
988 3936 1125 4010 Μοτ.)χψ
1140 3938 1338 4010 praestamina,

256 4034 288 4076 ut
312 4022 400 4077 etiam
425 4031 485 4076 tum
509 4020 589 4078 Crat.
614 4019 655 4097 [Β
674 4017 869 4095 perfruentem]
894 4015 936 4088 E}
955 4022 1077 4095 pandum
1106 4021 1196 4078 ceteri
1224 4030 1336 4082 tacent.

343 4108 390 4162 tna
412 4108 502 4162 aedera
524 4116 631 4162 auctore
654 4125 703 4161 aen
727 4107 921 4177 derideremur)
946 4108 1045 4179 Aliquo
1066 4117 1175 4162 erectore
1191 4107 1233 4175 fit,
1256 4106 1339 4181 quod

256 4192 320 4248 eius
343 4192 374 4246 stt
398 4191 521 4247 consilio
544 4201 572 4247 et
596 4190 739 4265 impulsum
768 4190 914 4264 quomodo
944 4210 1020 4247 nunc
1043 4190 1131 4266 vulgo
1160 4191 1338 4265 loquuntur=

261 4279 382 4351 Epicuro
404 4288 525 4333 erectore.
550 4278 580 4332 di
602 4278 727 4332 inritatam
752 4296 804 4331 iton
826 4285 933 4348 repunt.
957 4286 990 4331 ut
1013 4277 1064 4332 sit:
1088 4279 1113 4331 rr'
1134 4277 1256 4351 Epr'etrro
1277 4296 1337 4334 ere·

256 4365 359 4418 «timus.
389 4362 506 4435 Epicuri
526 4364 638 4423 irata-ie,
662 4372 791 4417 veterae.
820 4361 898 4434 quod
922 4362 1027 4417 seiam.
1056 4362 1145 4418 locuti
1174 4380 1232 4418 non
1255 4370 1335 4421 sunt.

256 4446 389 4524 [Plinius
418 4448 456 4506 ll.
481 4447 519 4503 N.
547 4449 602 4520 lv,
627 4451 643 4502 9
679 4446 720 4502 sic
749 4443 891 4522 Scripsit]
942 4447 1096 4504 Credimus
1129 4458 1160 4503 et
1192 4447 1338 4505 tradimus
