3030 5086
290 483 352 548 608
680 501 722 545 nu
745 498 875 545 rruraua
899 497 970 543 nou.

291 669 395 732 oculos
423 667 621 744 versabatur,
651 685 743 747 quern
770 668 831 731 acia
858 685 951 746 quam
979 665 1117 730 admirer
1144 682 1302 745 quamque
1329 681 1372 728 eo

290 769 433 832 delecter.
478 769 530 832 Mc
552 768 676 847 quidem
700 771 741 832 ad
762 768 903 833 altiorem
922 768 1102 831 memoriam
1116 766 1288 846 (tedipodia
1307 766 1372 829 huc

292 870 445 934 venientis
467 876 499 934 et
520 869 571 932 illo
595 870 775 934 mollissimo
798 868 947 946 carmine,
975 886 1128 948 quaenam
1157 875 1262 931 essent
1288 865 1372 930 hacc

292 971 362 1052 ipsa
388 971 471 1048 loca,
494 971 680 1051 requirentia
703 971 823 1051 species
845 971 999 1051 quaedam
1023 968 1202 1047 commovit,
1230 968 1372 1032 inaniter

253 1072 421 1150 bacilium,
455 1072 510 1135 sed
538 1073 703 1135 commovit
731 1082 842 1135 tamen
888 1073 967 1135 Tum
995 1070 1199 1151 Pomponius:
1229 1072 1271 1135 At
1299 1086 1373 1150 ego,

368 1299 385 1341 1
405 1291 578 1340 αᾱηιίνανενῐ
618 1298 642 1339 2
661 1291 719 1355 quid
736 1301 792 1356 (pro
811 1291 954 1354 quidem)ld
993 1295 1016 1340 8.
1036 1306 1097 1353 quac
1115 1288 1202 1340 iumC
1238 1290 1293 1354 ipsa
1309 1288 1373 1388 hacc

293 1359 737 1410 1PcR0r.ainanaLPctt0r
777 1366 798 1410 5,
818 1360 912 1410 turtcC

378 1552 423 1606 cllo
456 1552 609 1606 mollissimo
636 1554 753 1606 camnine
782 1549 854 1625 cet.)
882 1548 987 1640 Oedip.
1016 1547 1119 1606 Colon.
1153 1546 1252 1604 initio:
1286 1542 1374 1610 τίνας

295 1618 424 1725 Χωρους
447 1625 622 1709 ἀφίγμεθ’
613 1620 736 1709 ἠτινων
759 1626 873 1728 ἀνδρῶν
894 1619 994 1701 πόλινς
1023 1645 1052 1689 et
1076 1632 1130 1688 38:
1162 1624 1217 1697 Τίς
1244 1630 1270 1688 d
1299 1625 1371 1688 ἔσθ’

295 1706 441 1792 ὁχῶρος;
470 1728 499 1774 et
523 1720 577 1774 52:
611 1711 711 1783 Tit-c
736 1711 805 1773 ἔσθ
837 1709 852 1773 ὁ
879 1714 976 1793 χῶρος
1006 1715 1066 1792 ὂῆτ
1097 1710 1126 1773 ἐν
1149 1735 1172 1788 ῳ
1193 1702 1373 1792 βεβήκαμεν;

296 1801 485 1898 Splendidiua
508 1803 603 1859 locum
632 1803 770 1859 describit
799 1813 828 1859 et
855 1813 980 1859 exornat
1001 1803 1109 1858 eliorua
1131 1800 1285 1857 notissimo
1308 1817 1373 1856 car·

298 1886 374 1941 mine
398 1907 425 1943 v.
450 1889 511 1944 668
534 1906 597 1961 sqq.

379 1975 494 2029 inorata·
515 1976 621 2032 scilicet.
644 1974 694 2029 aed
715 1976 851 2029 contmovr't
874 1972 974 2044 manen)
997 1970 1155 2048 [Dixeram
1179 1969 1249 2026 olim
1269 1987 1315 2026 tna
1332 1971 1375 2026 in·

294 2059 395 2124 uniter,
424 2058 503 2130 quod
526 2058 555 2113 in
580 2078 636 2132 mg.
660 2057 739 2114 Crat.
763 2069 792 2112 et
814 2075 830 2111 e
853 2057 916 2113 cod.
940 2058 1015 2113 Mor.
1039 2055 1249 2123 mutabatur,
1278 2053 1375 2130 magia

296 2141 430 2214 probare
454 2143 519 2199 coll
544 2143 636 2200 Acad.
662 2143 703 2207 11
717 2143 766 2201 34
789 2142 867 2215 quod
891 2142 1000 2197 rectius
1022 2140 1170 2197 contraria
1193 2147 1377 2214 ponerentur

297 2227 382 2281 haec:
405 2231 1011 2292 inanitcrcommooit-commooittamcm
1034 2227 1249 2299 quamdudum
1271 2226 1376 2298 speeies

294 2316 487 2367 commovit—
446 2333 590 2370 -comm
605 2323 701 2381 tamea,
724 2311 775 2367 aed
793 2312 970 2368 retinueram
975 2297 1124 2378 alterum,
1143 2308 1247 2383 quod
1239 2328 1268 2365 nn
1281 2308 1376 2384 Spin,

296 2405 374 2451 certe
397 2397 426 2452 in
451 2397 598 2452 Briantae
622 2397 770 2472 putabam.
816 2397 902 2453 Nunc
926 2397 1010 2452 Baite
1004 2414 1062 2452 rua
1085 2398 1200 2452 inaniter
1221 2395 1250 2450 in
1264 2394 1327 2454 Erl
1346 2404 1377 2450 et

297 2479 322 2534 B
345 2498 408 2536 asse
430 2480 579 2557 testatum]
624 2481 803 2538 Particularn
826 2485 925 2538 scilicet
948 2481 1077 2538 Latini'
1069 2498 1098 2536 rn
1121 2479 1310 2537 concedendo
1333 2479 1378 2536 aic

297 2576 419 2637 ponunt,
443 2575 475 2621 ut
497 2566 608 2640 aliquid
632 2566 719 2623 facile
742 2575 771 2621 at
793 2584 830 2621 ex
853 2567 918 2641 ipaa
940 2566 981 2621 rei
1001 2578 1106 2620 natura
1122 2582 1265 2639 apparere
1283 2563 1377 2640 signi-

297 2648 393 2713 ficent,
416 2669 470 2705 nec
493 2651 522 2707 id
545 2670 563 2706 a
585 2670 617 2706 ae
635 2670 692 2708 non
711 2650 841 2725 intellegi
860 2661 909 2707 aut
928 2650 1052 2725 neglegi.
1087 2651 1184 2725 Supra
1196 2649 1219 2711 Ι,
1233 2650 1289 2705 28:
1309 2649 1379 2705 ailu'l

297 2735 395 2791 scilicet
412 2738 480 2805 noui,
498 2756 528 2791 ec
541 2746 636 2794 tumeo.
654 2755 724 2809 quoe
740 2746 764 2791 te
775 2738 862 2809 ipsum
876 2737 1053 2809 probaturum
1070 2753 1127 2791 enoc
1138 2735 1284 2806 confidam
1304 2731 1377 2810 [1v,

299 2819 354 2875 50:
372 2830 446 2877 tuum
462 2824 568 2881 scilicet,
586 2840 637 2876 non
654 2818 789 2896 illorum]
808 2819 863 2877 lroc
875 2820 950 2875 libro
964 2820 1018 2875 ὁδε
1036 2822 1151 2875 manime
1168 2821 1265 2875 scilicet
1282 2822 1311 2874 in
1328 2819 1379 2874 lo·

298 2908 375 2975 iniria,
393 2907 442 2962 aed
457 2909 485 2962 ia
501 2910 572 2961 orani
586 2909 708 2973 animab'3
734 2905 770 2960 de
783 2905 866 2962 Orat.
881 2905 937 2970 ΙΙΙ,
955 2905 1028 2961 128:
1045 2907 1143 2960 scilicet
1159 2906 1238 2960 nimio
1254 2903 1298 2960 liic
1314 2905 1379 2977 qui·
1430 2908 1434 2918 “

298 2991 358 3045 dem
370 3002 408 3046 eat
416 3010 587 3064 procreante,
601 2993 649 3046 aed
660 3010 692 3046 ar
704 3010 732 3046 eo
745 2997 803 3064 ipao
814 3002 853 3045 eat
865 2994 1014 3046 coniectura
1020 2992 1115 3062 facilia
1127 2997 1194 3051 cat..
1207 2986 1292 3047 Orat.
1304 2989 1379 3048 120.

299 3093 352 3148 pro
360 3076 433 3131 Rab.
446 3076 527 3132 Post.
536 3076 586 3143 33,
599 3076 634 3131 ad
650 3077 731 3131 Fam.
740 3076 763 3137 l,
773 3076 801 3144 6,
810 3076 867 3133 ix.
876 3076 925 3143 23,
938 3074 975 3130 ad
984 3075 1019 3148 Q.
1028 3075 1075 3130 ur.
1084 3075 1233 3141 ILGextr.
1245 3083 1275 3129 ct
1291 3073 1339 3142 12,
1348 3074 1379 3137 2,

300 3178 352 3232 pro
360 3161 494 3216 Mur.42:
510 3161 550 3216 Tu
562 3161 923 3231 interenliomue(manena‚
936 3159 1003 3215 dum
1017 3159 1066 3215 ille
1079 3159 1108 3215 in
1122 3157 1283 3233 provinciis
1294 3158 1380 3216 labo·

298 3244 395 3316 rabat)
407 3248 504 3301 scilicet
515 3248 608 3303 conicio
615 3255 727 3320 praesto
737 3247 828 3317 satiati.
864 3246 982 3309 Facem
1004 3246 1053 3300 aad
1069 3254 1156 3300 tamen
1173 3252 1229 3299 cet.
1262 3241 1380 3314 (Facile

299 3327 493 3403 intellegitur,
516 3340 546 3386 te
569 3348 626 3386 non
649 3329 779 3386 desidem
804 3329 894 3386 fuiaaa
918 3347 971 3385 nec
994 3328 1067 3385 nihil
1090 3328 1199 3404 aginam
1223 3327 1324 3401 itaque
1347 3326 1380 3384 id

299 3411 409 3480 fateor3
433 3415 483 3470 sed
507 3419 576 3487 cet.)
612 3414 715 3491 [Corn.
729 3414 804 3489 Nep.
818 3415 954 3489 Epamin.
969 3411 1012 3489 5.]
1040 3412 1207 3470 Annotavit
1224 3412 1278 3469 hoa
1295 3411 1381 3470 locos
1444 3414 1446 3418 ’

300 3497 377 3553 inter
398 3508 526 3567 ceteros,
556 3501 604 3572 qui
635 3518 727 3575 nuper
755 3499 790 3555 de
815 3499 960 3573 particula
981 3501 1080 3555 scilicet
1102 3497 1176 3572 egit,
1204 3497 1250 3553 vir
1272 3505 1380 3553 acutus

300 3583 370 3638 etin
383 3584 582 3657 conquirenda
594 3585 798 3657 quaestionum
811 3583 1067 3658 grammaticarum
1081 3582 1204 3638 materia
1213 3580 1301 3657 longa
1311 3580 1381 3638 dili·

300 3668 498 3741 gentiaaimus,
517 3669 765 3743 Stuerenburgina
777 3668 814 3725 ad
827 3680 901 3727 orat.
915 3688 968 3741 pro
982 3669 1072 3725 Arch.
1085 3687 1114 3742 p.
1130 3668 1169 3724 70
1182 3685 1247 3741 sqq.
1261 3667 1320 3737 (ed.
1339 3667 1379 3740 1).
1451 3687 1454 3695 ·

301 3752 360 3810 Sed
388 3772 422 3808 ea
451 3753 611 3827 disputatio
642 3773 698 3808 non
728 3772 837 3827 pancos
868 3754 957 3809 babet
980 3771 1094 3808 errores
1122 3762 1202 3808 ortoa
1230 3770 1246 3806 o
1268 3769 1380 3827 genere

300 3838 459 3910 quaerendi
489 3857 546 3893 non
575 3849 664 3894 recto.
710 3839 786 3894 Dum
816 3839 893 3894 enirn
922 3857 940 3892 a
963 3838 1043 3894 vocis
1072 3837 1185 3912 origine
1207 3854 1267 3892 non
1289 3836 1381 3893 nimia

301 3935 382 3977 certo
405 3924 563 3979 constituta
582 3924 640 3993 (vel
665 3924 763 3998 potina
782 3922 873 3992 falso3
898 3942 964 3978 nam
988 3926 1085 3978 scilicet
1107 3939 1202 3995 nequo
1224 3921 1263 3977 ab
1284 3919 1382 3997 impa-

301 4007 407 4073 rativo,
431 4017 463 4063 ut
485 4009 548 4081 ipae
571 4009 643 4075 vult,
667 4027 760 4081 neque
784 4009 820 4063 ab
844 4008 1006 4065 infinitivo.
1031 4018 1061 4063 ut
1085 4006 1190 4073 ceteri,
1213 4005 1383 4077 deducitur,

301 4092 352 4148 aed
376 4093 413 4147 ab
436 4093 500 4166 ipae
522 4093 620 4148 radice
644 4093 741 4159 verbi2
765 4094 842 4166 quod
868 4112 944 4148 nunc
967 4102 1011 4149 eat
1034 4095 1117 4158 coire,
1147 4100 1179 4147 ut
1201 4090 1289 4167 longa
1312 4109 1383 4166 pro·

301 4178 367 4252 pius
390 4186 487 4233 teman
511 4178 547 4233 ad
571 4178 723 4234 veritatem
747 4180 897 4241 accedant,
922 4179 971 4251 qui
996 4179 1033 4233 ab
1056 4177 1202 4233 infinitivo
1219 4186 1319 4232 ortum
1337 4174 1384 4232 di·

301 4271 384 4330 cnnt‚
414 4281 467 4318 nec
490 4264 519 4319 in
543 4263 608 4336 ipsa
631 4264 659 4318 vi
683 4264 819 4319 vocabuli
843 4265 1006 4335 aberrent),
1035 4262 1086 4318 aad
1115 4262 1184 4318 darn
1211 4260 1250 4317 ab
1278 4278 1316 4317 aa
1338 4261 1385 4317 aic

302 4347 513 4421 proficiscitur,
542 4359 574 4404 ut
597 4367 683 4404 unam
708 4348 836 4422 aliquam
860 4348 1103 4423 significationem
1133 4346 1200 4403 inde
1222 4344 1385 4420 repetitam

303 4442 333 4487 et
354 4433 488 4507 angustia
510 4433 643 4490 terminia
665 4433 917 4508 circumscriptam
945 4423 1055 4506 ubique
1079 4438 1286 4507 peraequatur,
1317 4447 1385 4499 nac,
