3030 5086
274 506 338 571 244
665 525 711 571 nn
733 526 864 573 nmmos
886 525 958 572 eon.

274 691 336 757 Sed
369 693 461 756 nimis
494 692 600 757 multa.
654 692 859 774 Perspicuum
892 700 941 760 est
973 695 1069 774 enim,
1103 696 1163 761 nisi
1195 697 1354 778 aequitas,

274 792 368 872 fides,
389 794 509 859 iustitia
530 792 769 876 proficiscentur
790 815 810 860 a
832 802 960 876 nature,
983 804 1015 861 et
1036 797 1063 861 si
1086 798 1190 862 omnia
1211 797 1289 864 haec
1310 800 1355 864 ed

273 895 439 960 utilitatem
472 895 662 977 referentur,
701 898 803 962 virum
840 899 954 963 bonum
988 916 1049 964 non
1082 918 1177 979 posse
1210 901 1355 981 reperiri,

273 999 375 1078 deque
397 997 445 1062 his
468 1000 561 1064 rebus
584 1001 663 1065 setis
685 999 782 1065 multa
805 1001 836 1065 in
859 1000 976 1065 nostris
998 1003 1038 1066 de
1060 1020 1095 1067 re
1117 1001 1241 1082 publica
1263 1001 1355 1067 libris

235 1101 348 1167 dsunt
371 1100 455 1164 dicta
476 1119 497 1163 a
518 1101 632 1165 Laelio.

359 1202 443 1266 XIX.
487 1204 537 1267 60.
583 1201 735 1267 Transfer
761 1203 844 1268 idem
870 1205 913 1268 ad
940 1204 1125 1269 modestiam
1152 1205 1201 1270 vel
1231 1212 1354 1286 tempe·

273 1304 423 1382 rentiam,
450 1322 532 1384 quae
559 1311 608 1369 est
634 1305 808 1370 moderatio
830 1306 1035 1386 cupiditatum
1057 1307 1172 1371 rationi
1194 1306 1354 1372 obediens.

274 1405 398 1471 Satisne
425 1424 500 1488 ergo
528 1407 643 1487 pudori
670 1407 825 1486 consulat,
858 1408 885 1471 si
918 1408 987 1489 quis
1021 1408 1089 1473 sine
1120 1416 1200 1473 teste
1232 1407 1354 1473 libidini

274 1508 407 1589 pareat?
434 1527 475 1572 an
503 1514 553 1572 est
578 1508 695 1589 aliquid
724 1527 781 1589 per
809 1528 844 1574 se
870 1510 972 1590 ipsum
1001 1509 1202 1591 flagitiosum,
1230 1510 1354 1575 etiamsi

215 1610 361 1678 10nu11a
387 1610 549 1674 comitetur
575 1608 722 1674 infamia?
773 1611 876 1690 Quid?
903 1609 1001 1676 fortes
1029 1611 1088 1674 viri
1115 1612 1354 1692 voluptatumne

274 1711 399 1777 mlcuns
428 1711 588 1776 subductis
615 1711 767 1792 proelium
794 1714 917 1792 ineunt,
950 1713 1130 1795 sangvinem
1162 1731 1221 1795 pre
1248 1713 1354 1796 petris

343 1941 366 1981 4.
389 1932 433 1981 sed
453 1932 484 1982 de
502 1946 556 1997 tpro
575 1932 660 1995 deque)
679 1933 876 1996 LMCltaeque
901 1934 938 1982 leae
965 1936 1034 1984 rebus
1059 1935 1105 1984 aed
1129 1934 1159 1983 de
1185 1933 1221 1983 hals
1243 1935 1313 1984 noue
1333 1934 1354 1982 P

275 2007 289 2048 ὃ
316 2000 484 2050 molestiamE
527 2001 587 2050 Post
603 2000 641 2049 vel
658 2003 717 2049 add.
740 2001 933 2065 cupiditatumE
975 2006 995 2052 7.
1016 2002 1077 2052 mod.
1095 2011 1129 2052 eat
1148 2002 1223 2053 MCR
1257 2001 1353 2067 capidi·

272 2078 346 2119 tetam
364 2070 505 2186 om'ELS.
525 2071 597 2134 apoll
640 2075 662 2118 9.
672 2069 822 2134 flapdioaam
838 2087 882 2134 per
898 2089 924 2119 ee
943 2071 1056 2134 speum?
1095 2076 1132 2119 11.
1149 2071 1271 2135 proprium
1292 2074 1354 2136 (pro

283 2155 327 2202 pro
344 2146 440 2201 patrea)

275 2345 358 2418 Uxtv,
382 2343 450 2402 Gaii
474 2363 585 2412 omnes,
608 2344 712 2413 idest,
736 2345 851 2419 opinor,
875 2345 1007 2420 exceptis
1025 2340 1077 2414 Εξ,
1101 2364 1202 2403 omnes
1224 2347 1355 2405 omnino.

275 2430 358 2488 Cassi
381 2448 446 2485 eum
471 2430 548 2487 Dav.
572 2440 602 2485 et
624 2428 701 2486 Gzio
724 2430 909 2498 auctoritati,
933 2431 987 2486 etsi
1013 2431 1116 2499 miror,
1141 2449 1193 2487 eur
1215 2432 1271 2488 hoo
1294 2451 1355 2489 uno

274 2515 339 2572 loco
362 2515 466 2573 Cicero
489 2514 544 2570 hac
566 2513 661 2571 forma
684 2533 754 2571 usus
777 2515 829 2583 sit,
858 2533 917 2588 qua
945 2525 1062 2590 praeter
1089 2534 1155 2572 eum
1179 2535 1269 2586 unus,
1301 2517 1355 2592 qui

274 2601 410 2674 supersit.⁴
428 2600 540 2656 Matius
551 2599 600 2673 (ad
613 2601 694 2656 Fam.
708 2601 765 2662 xl,
780 2601 828 2666 28,
843 2600 883 2672 3).
916 2601 992 2657 Turn
1011 2600 1123 2669 eadem,
1142 2619 1217 2674 quae
1235 2611 1355 2660 nostros

274 2685 366 2742 libros
389 2685 558 2750 deteriores,
582 2685 771 2759 interpolatio
794 2685 918 2741 aliorum
942 2703 1058 2759 quoque
1076 2685 1243 2759 inquinavit
1258 2687 1354 2761 (Oxx.

275 2770 357 2844 Πχψ,
381 2770 539 2842 Gaianas);
563 2770 675 2843 primus
693 2770 811 2826 sustulit
829 2769 985 2839 Gruterus,
1008 2771 1085 2828 Pell.
1103 2774 1115 2826 l
1131 2772 1191 2828 et3
1209 2790 1354 2846 sequens;
1418 2796 1424 2805 ·

274 2855 389 2912 accedit
412 2855 491 2930 Spir.
516 2852 581 2932 [B].

264 3008 266 3013 ,
360 2942 445 3014 deque
462 2942 503 2996 lie
521 2939 614 3013 rebare)
628 2939 677 2997 Sic
689 2939 776 2995 etiam
791 2938 869 3013 Spir.
884 2937 949 3016 [B],
963 2940 1192 3014 restitueretque
1205 2941 1354 2999 Gruterus

272 3025 363 3082 tacite
386 3027 414 3099 (e
438 3026 501 3081 Pal.
520 3027 555 3099 l).
601 3023 752 3099 Originem
779 3024 875 3080 mendi
898 3024 1075 3081 deteriorum
1099 3026 1232 3083 codicum
1256 3026 1352 3098 (Oxx.

273 3111 414 3179 omnium,
438 3110 620 3168 Gaianorum
643 3110 820 3183 ceterorum)
846 3110 869 3165 P
893 3121 992 3166 noster
1013 3110 1151 3167 ostendit.
1197 3111 1244 3167 Ex
1266 3113 1355 3186 deque

273 3195 384 3252 factum
412 3215 510 3269 aequm
544 3205 706 3253 correctum
736 3196 785 3251 sed
812 3196 853 3251 de.
903 3195 938 3252 In
967 3194 1043 3250 libro
1072 3196 1159 3252 tertio
1188 3196 1224 3252 de
1252 3197 1288 3254 R.
1317 3197 1353 3254 P.

273 3298 340 3338 curn
364 3280 468 3337 Philus
491 3299 554 3337 eam
574 3280 735 3339 Carneadis
758 3279 998 3354 disputationem,
1021 3298 1080 3353 qua
1102 3280 1216 3337 iustitie
1238 3289 1354 3338 everte·

274 3367 361 3423 batur
389 3376 419 3420 et
446 3375 552 3422 natura
580 3365 661 3422 nulla
689 3383 767 3433 esse,
801 3365 929 3421 utilitate
959 3375 1021 3421 tota
1049 3365 1103 3421 niti
1131 3366 1353 3436 ostendebatur,

274 3451 469 3526 exposuisset,
492 3450 679 3525 respondisse
701 3450 834 3507 Laelium
859 3469 912 3524 pro
935 3450 1057 3519 institia,
1081 3460 1181 3507 notum
1205 3460 1259 3507 est.

360 3535 433 3610 Cep.
453 3536 623 3605 x1x‚-6o.
669 3538 710 3592 vel
731 3534 948 3610 imperantium)
972 3535 1174 3609 Suspiciosum
1198 3554 1256 3592 non
1281 3545 1352 3608 tam,

273 3621 354 3695 quod
371 3620 450 3679 Gud.
466 3622 483 3677 2
502 3621 574 3678 haec
598 3620 716 3681 omittit.
739 3639 826 3694 quam
850 3620 928 3693 quod
946 3620 1007 3676 Eri.
1026 3630 1054 3677 et
1074 3621 1152 3695 Spir.
1168 3618 1224 3697 [B]
1242 3621 1354 3678 habeut

273 3710 315 3764 vel
335 3708 511 3782 cupiditatum
533 3717 611 3780 ternp.
656 3705 714 3763 Sed
737 3705 831 3761 eidem
856 3724 923 3760 mox
942 3706 990 3778 (de
1009 3706 1087 3780 Spir.
1107 3725 1144 3762 ex
1156 3705 1218 3764 Erl.
1243 3704 1288 3783 [et
1310 3704 1352 3783 B]

274 3792 382 3859 coici03
411 3792 506 3850 Gzius
535 3791 571 3847 de
594 3800 718 3864 utreque
742 3790 844 3862 tacuit)
868 3790 1007 3846 omittunt
1029 3793 1205 3866 cupiditatum
1227 3790 1257 3847 in
1281 3791 1353 3848 deti·

274 3878 395 3946 nitione,
420 3877 469 3933 ubi
492 3878 595 3934 abesse
618 3876 699 3932 nullo
718 3876 804 3931 modo
822 3884 934 3949 potest;
958 3876 1057 3948 itaque
1074 3885 1165 3951 patet,
1189 3877 1352 3951 transposi-

274 3964 383 4019 tionem
406 3962 513 4019 factam
538 3980 610 4018 esee.
649 3962 756 4017 Rarius
779 3979 868 4016 unum
891 3964 932 4016 vet
954 3961 1125 4017 aCicerone
1148 3961 1277 4036 ponitur,
1301 3961 1352 4018 ubi

274 4049 337 4104 sine
365 4048 547 4104 correctione
575 4046 655 4102 aliud
685 4065 790 4102 nomen
819 4054 931 4102 tantum
960 4046 1142 4121 adiungitur,
1172 4065 1225 4101 nec
1252 4055 1351 4103 tamen

274 4152 448 4207 numquam
471 4133 502 4190 II
516 4133 554 4190 N.
569 4133 604 4188 D.
621 4135 675 4188 41:
699 4135 725 4187 in
748 4133 846 4186 ardore
868 4133 982 4196 coelesti,
1006 4136 1055 4205 qui
1075 4133 1166 4187 aether
1187 4134 1228 4187 vet
1249 4133 1352 4189 caetum

274 4222 433 4275 nominatur.
479 4218 565 4297 [Alia
589 4217 753 4274 Freundius
776 4217 805 4272 in
830 4236 856 4271 v.
880 4214 944 4292 cet]

360 4308 514 4378 earrpvinem
532 4304 715 4379 profundunt)
740 4303 781 4358 Et
802 4304 954 4374 saupoiuem
978 4301 1023 4359 El.
1049 4303 1066 4356 2
1096 4310 1126 4357 et
1148 4299 1249 4358 Guelf.
1273 4301 1352 4376 apud

275 4390 426 4446 Bremium
450 4385 478 4463 (ξ
500 4399 523 4446 et
541 4409 595 4464 pro
613 4398 689 4463 patr.
712 4407 806 4461 canpe.
824 4388 973 4460 frendunt);
1004 4386 1165 4462 asyndeton
1194 4386 1299 4444 celeris
1321 4395 1353 4443 et

275 4475 439 4533 concitatae
462 4475 605 4532 orationis
628 4474 670 4530 rei
694 4473 888 4529 declarandae
911 4472 1097 4547 aptissimum
1121 4480 1176 4529 est.
