3030 5086
604 502 779 552 nxcuasus
802 503 857 551 vu.
963 476 967 482 ’
1208 483 1271 552 845

195 694 233 734 ex
256 676 311 732 hoc
333 676 398 750 ipso
417 676 493 732 libro
512 677 538 732 V
557 676 592 732 de
611 675 728 744 finibus,
752 675 782 732 in
804 693 863 748 quo
880 674 984 733 Cicero
1001 674 1186 751 apertissime
1205 694 1272 750 pro·
1301 638 1303 643 ·

195 762 302 829 litetur,
325 779 357 817 se
381 780 438 817 non
462 761 669 830 Aristotelem,
693 760 744 817 sed
767 760 947 817 Antiochum
971 760 1072 833 sequi,
1096 769 1155 816 tam
1179 760 1273 816 mani·

195 845 302 904 festum
327 864 390 903 esse
414 855 512 921 putat,
536 865 624 921 quam
648 846 805 921 diligenter
827 855 856 901 et
878 845 1009 902 studiose
1032 843 1136 903 Cicero
1160 845 1272 902 ethicos
1301 848 1302 851 ’

194 931 368 989 Aristotelis
396 930 488 988 libros
516 931 671 1001 lectitarit,
702 939 735 987 nt
762 929 962 1006 disputatione
990 948 1037 986 res
1065 930 1185 987 omnino
1214 948 1272 987 non

196 1026 282 1094 egeat
298 1019 338 1091 (p.
355 1017 436 1089 155).
482 1015 565 1082 Cum,
588 1016 613 1072 si
632 1034 734 1073 omnes
751 1016 838 1072 huius
855 1015 924 1072 libri
942 1015 1106 1072 sententiae
1124 1015 1273 1090 totiusque

195 1101 405 1179 disputationis
432 1099 528 1158 forma
556 1100 748 1158 Aristotelem
778 1100 993 1176 exprimerent,
1023 1109 1120 1157 tamen
1150 1100 1181 1157 id
1209 1102 1272 1157 An·

195 1188 304 1258 tiocho,
329 1205 386 1243 non
405 1185 541 1244 Ciceroni
561 1187 753 1244 Aristotelem
777 1193 988 1260 pertractatum
1011 1204 1076 1243 esse
1098 1194 1272 1243 testatorum

195 1272 294 1338 fuerit,
313 1272 383 1346 quid
398 1271 539 1345 dicemus,
558 1290 623 1328 curn
637 1271 789 1331 Ciceronis
807 1270 925 1328 decreta
942 1271 1028 1347 longe
1040 1271 1078 1327 ab
1091 1270 1273 1328 Aristoteliia

195 1354 407 1414 abhorreanti'
427 1355 664 1415 Consentaneum
688 1365 733 1413 est
750 1356 818 1413 huic
834 1356 953 1428 iudicio,
977 1357 1055 1431 quod
1074 1375 1111 1413 ex
1129 1356 1175 1427 iis,
1199 1374 1274 1430 quae

197 1442 301 1503 Cicero
325 1443 374 1514 (V,
399 1441 452 1513 73)
474 1442 625 1499 transtulit
647 1443 684 1498 ab
707 1441 871 1510 Antiocho,
899 1441 1060 1517 gloriante,
1085 1459 1121 1497 ex
1144 1441 1180 1497 iis
1203 1441 1273 1498 Ari·

196 1528 311 1586 stotelis
344 1526 484 1594 decretis,
518 1545 594 1601 quae
627 1526 690 1602 ipse
717 1535 900 1595 revocasset,
935 1536 1049 1583 ceteros
1082 1526 1274 1602 philosophos

197 1612 358 1689 particulas
381 1611 571 1687 decerpsisse,
596 1611 733 1671 Stahriua
756 1615 796 1687 (p.
814 1612 885 1684 156)
909 1611 994 1669 Erilli
1018 1611 1168 1687 scriptae
1191 1611 1275 1670 Cice·

198 1716 269 1756 rone
297 1698 374 1754 lecta
402 1707 432 1752 et
459 1715 524 1753 curn
548 1697 721 1755 Aristotelis
743 1705 913 1771 comparata
942 1715 1005 1754 ease
1034 1706 1127 1772 putat.
1172 1699 1275 1770 Atque

198 1783 253 1840 hoc
282 1783 317 1839 de
345 1781 450 1838 ethicis
479 1782 562 1839 libris
591 1782 790 1839 testimonium
821 1792 880 1851 est;
910 1801 977 1839 nam
1006 1782 1042 1838 de
1066 1782 1168 1839 Laelio
1196 1781 1275 1856 qnod

198 1868 329 1935 additur,
361 1886 419 1923 non
447 1865 598 1935 refutab03
633 1867 711 1942 quod
739 1867 816 1923 enim
847 1876 877 1923 et
905 1868 1084 1925 Aristotelea
1113 1876 1143 1923 et
1170 1867 1275 1925 Cicero

198 1972 297 2010 veram
321 1952 483 2008 amicitiam
513 1963 624 2009 tantum
654 1953 731 2009 inter
758 1952 852 2009 bonos
880 1971 944 2010 essa
967 1970 1054 2027 posse
1077 1950 1178 2008 dicunt
1200 1962 1229 2008 et
1250 1952 1275 2009 ai

198 2057 257 2113 qua
279 2047 323 2095 est
345 2037 405 2094 alia
427 2037 514 2094 huius
536 2037 653 2113 generis
676 2038 887 2095 sententiarum
910 2037 1093 2105 communio,
1116 2037 1182 2094 ideo
1206 2036 1275 2093 Ari-

197 2123 311 2181 stotelis
333 2123 598 2179 Nicomacheornm
629 2123 721 2179 libros
748 2133 885 2179 octavum
909 2132 938 2180 at
960 2141 1068 2179 nonum
1092 2140 1110 2178 a
1133 2121 1276 2180 Cicerone

197 2209 290 2266 lectos
318 2226 383 2264 esse
411 2217 514 2283 putare
543 2207 631 2265 nimis
659 2217 704 2265 eat
732 2208 952 2269 credulaaum
981 2207 1153 2283 praesertim
1177 2207 1276 2263 Theo·

199 2293 311 2369 phrasti
335 2302 365 2349 et
387 2292 481 2367 ipsius
499 2293 672 2350 Aristotelis
690 2293 846 2368 popularia
864 2292 974 2367 scripta
991 2292 1096 2351 Cicero
1113 2292 1276 2367 legisset.¹)

200 2380 246 2437 De
264 2378 477 2453 Metaphysicis
498 2378 562 2453 ipse
581 2377 717 2437 Stahrius
740 2378 876 2435 dubitare
900 2378 1016 2434 videtur
1032 2380 1073 2452 (p.
1093 2379 1164 2448 160)
1182 2395 1277 2451 neque

200 2464 360 2539 quidquam
382 2463 461 2538 apud
484 2462 657 2522 Ciceronem
685 2463 809 2538 reperit,
838 2463 916 2537 quod
944 2482 979 2520 eo
1007 2461 1131 2529 referat,
1160 2472 1278 2537 praeter

200 2557 456 2606 commemoratam
487 2548 636 2606 levissime
659 2549 766 2620 (Acad.
789 2549 821 2618 I,
846 2548 899 2620 33)
925 2547 1097 2605 Aristotelis
1124 2565 1277 2623 oppugna·

200 2635 309 2692 tionem
333 2633 464 2690 idearum
489 2634 723 2703 Platonicorum,
746 2635 782 2690 de
806 2652 864 2708 qua
886 2632 1005 2702 Cicero,
1028 2633 1144 2690 etiamsi
1167 2633 1277 2690 nullam

200 2719 374 2777 Aristotelis
408 2718 535 2775 litteram
571 2719 708 2788 vidisset,
747 2719 896 2775 inaudisse
929 2719 1040 2793 aliquid
1074 2719 1214 2786 debebat,
1248 2727 1278 2774 et

201 2805 379 2861 mentionem
402 2803 483 2860 illam
507 2805 628 2877 quintae
653 2814 783 2868 naturae,
809 2804 844 2860 da
867 2822 926 2878 qua
947 2813 1016 2859 ante
1040 2803 1110 2860 dixi.
1155 2804 1219 2859 Nec
1242 2802 1278 2859 de

201 2890 338 2966 Physicis
361 2887 490 2945 affirmat
512 2890 552 2963 (p.
572 2890 652 2963 158).
697 2889 757 2945 Eos
780 2889 880 2955 libros,
904 2888 1011 2962 quibus
1034 2888 1212 2945 Aristoteles
1235 2887 1279 2943 hi·

202 2976 322 3032 storiam
347 2973 509 3031 naturalem
533 2974 773 3049 comprehendit,
796 2993 814 3030 a
836 2973 979 3032 Cicerone
1003 2972 1094 3029 lectos
1117 2992 1194 3039 esse,
1220 2990 1278 3029 non

202 3079 273 3118 sane
301 3059 467 3116 necessario
497 3078 535 3115 ex
563 3078 598 3115 eo
625 3060 773 3134 seqnitur,
807 3059 885 3133 quod
915 3057 1067 3115 Historiae
1095 3058 1277 3115 Animalium

202 3155 407 3222 argumentum
435 3144 572 3201 universe
600 3144 711 3202 indicat
738 3145 774 3201 de
802 3144 867 3201 Fin.
890 3144 946 3212 IV,
973 3144 1011 3200 13
1040 3153 1070 3199 et
1097 3144 1134 3210 V,
1162 3145 1198 3199 10
1228 3152 1280 3200 aut

203 3231 281 3306 quod
304 3230 395 3287 semel
417 3241 506 3303 atque
529 3229 634 3286 iterum
657 3230 794 3305 exemplo
817 3229 958 3286 eiusmodi
983 3228 1089 3298 utitur,
1118 3228 1196 3301 quod
1218 3227 1280 3285 illic

204 3317 331 3392 positum
361 3315 414 3384 sit,
448 3315 576 3390 ascripto
606 3316 694 3372 etiam
723 3314 896 3372 Aristotelis
924 3315 1049 3370 nomine.
1100 3314 1177 3370 Nam
1207 3313 1280 3370 haec

202 3419 336 3476 qnoque,
365 3411 398 3456 ut
426 3399 499 3456 illud
530 3400 566 3456 de
594 3401 729 3475 pinotere
752 3400 823 3472 (vid.
846 3400 882 3456 ad
905 3400 968 3468 Ill,
994 3399 1063 3472 63),
1093 3418 1129 3455 ex
1154 3398 1278 3454 aliorum

204 3486 320 3561 scriptis
343 3485 451 3541 habere
475 3494 599 3559 poterat.
643 3486 749 3559 Neque
772 3493 870 3541 tamen
892 3485 1079 3560 negaverim,
1110 3483 1184 3540 illud
1206 3501 1280 3558 opus

203 3590 222 3627 a
244 3570 386 3629 Cicerone
409 3570 526 3639 lectum,
550 3571 600 3644 qui
623 3581 653 3626 at
676 3570 847 3646 multiplicis
870 3570 1010 3628 scientiae
1033 3569 1194 3626 studiosum
1213 3587 1279 3625 eum

203 3654 295 3713 fnisse
324 3666 353 3711 et
381 3654 631 3712 Admirandorum
659 3656 766 3712 librum
794 3655 947 3731 scripsisse
976 3656 1075 3712 sciam.
1121 3653 1199 3711 Illud
1229 3672 1280 3709 ex·

205 3750 329 3797 tremum
353 3740 469 3809 addam,
492 3741 516 3797 si
540 3741 569 3796 id
594 3750 706 3798 tantum
730 3740 867 3800 Stahrius
889 3741 1045 3816 posuisset,
1068 3758 1105 3796 ex
1128 3737 1280 3797 Ciceronis

205 3826 322 3901 scriptis
356 3825 428 3882 satis
457 3843 616 3901 apparere,
651 3826 791 3901 pleraque
819 3825 992 3883 Aristotelis
1020 3825 1144 3899 scripta,
1178 3834 1281 3880 contra

205 3920 293 3984 atque
312 3910 419 3969 Strabo
439 3911 605 3986 significare
624 3911 748 3980 videtur,
772 3930 830 3968 non
853 3910 947 3968 solum
965 3910 1116 3970 Ciceronis
1138 3919 1280 3984 ternpore,

234 4162 255 4224 ¹)
276 4161 386 4210 Ascrihit
405 4172 487 4211 tamen
499 4161 615 4211 Stnhrins
630 4164 666 4228 (p.
681 4166 727 4210 156
746 4163 771 4211 in
786 4165 857 4223 nota)
872 4163 943 4211 locos
960 4163 1083 4226 quosdam
1099 4161 1171 4219 alios,
1191 4162 1281 4224 quibua

273 4229 363 4279 Cicero
387 4230 533 4279 Aristotelis
557 4231 640 4280 ethica
663 4232 780 4293 tetigerit.
823 4230 926 4281 Scilicet
947 4232 995 4290 ita,
1023 4241 1051 4277 ut
1075 4238 1120 4279 ant
1144 4230 1281 4279 Antiochia

273 4298 382 4347 formula
403 4307 488 4348 utatur
512 4308 557 4347 ant
575 4300 715 4351 Carneadia
739 4299 886 4348 divisionem
906 4299 1085 4349 sententiamm
1103 4306 1281 4347 commemoret

273 4375 317 4415 aut
340 4382 378 4415 ras
397 4369 630 4430 pemagatisaimaa,
653 4383 717 4432 quas
740 4369 794 4432 ipae
817 4367 924 4417 fortasse
943 4366 1086 4417 Antiochus
1109 4367 1281 4425 transtulerat,

274 4436 342 4484 velut
360 4439 391 4485 de
410 4435 520 4486 utilitate
537 4439 587 4489 reia
605 4437 711 4500 παθῶν,
729 4439 807 4487 modo
824 4436 959 4486 mediocria
979 4436 1036 4486 sint.
