3030 5086
337 457 401 521 654
727 473 772 518 na
795 472 926 519 rrnrnus
949 472 1020 519 sou.

337 643 388 707 ille
410 641 503 706 animi
526 641 644 722 aliquid
667 642 708 705 ad
731 659 765 705 se
782 640 906 705 trahere
924 639 1062 720 coeperit
1078 639 1229 719 consulto,
1252 641 1340 722 quod
1361 639 1429 705 sibi

338 744 429 822 obsit,
446 745 519 825 quia
536 744 576 808 sit
593 743 651 807 sibi
668 742 819 818 inimicus,
837 759 905 806 cum
923 742 955 805 id
972 760 1031 806 sue
1042 760 1137 807 causa
1148 741 1248 822 faciet,
1265 751 1298 807 et
1314 741 1432 807 oderit

338 865 372 910 se
394 856 426 910 et
448 845 537 910 simul
561 844 677 925 diliget
700 844 785 924 quod
806 840 874 907 fieri
897 861 959 906 uon
982 852 1096 924 potest
1136 844 1339 926 Necesseque
1362 852 1428 920 est.

338 947 362 1011 si
386 947 456 1027 quis
478 947 546 1026 ipse
569 946 626 1009 sibi
649 945 791 1010 inimicus
814 952 875 1024 est,
903 963 988 1022 eum,
1012 963 1094 1025 quae
1116 945 1197 1009 bona
1218 954 1305 1025 sunt,
1335 945 1429 1009 mala

298 1051 319 1115 b
337 1056 458 1129 putare,
481 1047 562 1111 bona
581 1054 699 1124 contra
722 1065 803 1127 quae
821 1046 914 1124 mala,
936 1056 975 1123 et
998 1064 1079 1127 quse
1095 1046 1283 1127 appetenda,
1305 1046 1428 1127 lugere

337 1162 376 1228 et
395 1168 476 1230 quae
488 1147 644 1227 fugienda,
662 1155 827 1229 appetere3
845 1166 926 1229 quae
943 1149 1010 1213 siue
1020 1148 1116 1213 dubio
1128 1148 1212 1213 vitae
1222 1159 1271 1214 est
1281 1149 1427 1214 eversio.

330 1327 333 1333 ’
408 1341 429 1386 l.
448 1334 584 1398 aliquod?
629 1339 651 1384 2.
663 1334 790 1397 jactatll
833 1339 856 1381 3.
876 1334 953 1400 ditabit
970 1336 995 1384 E
1036 1352 1130 1384 necesso
1148 1343 1182 1384 eat
1200 1333 1264 1399 qnod
1280 1338 1345 1399 (mg.
1364 1333 1424 1400 qni·

336 1404 398 1457 deun
416 1403 440 1451 si
455 1403 476 1451 P
493 1420 587 1452 necem
605 1412 639 1451 est
657 1420 714 1466 eque
731 1403 755 1451 si
773 1403 793 1450 L
815 1400 875 1452 Nec.
893 1412 928 1452 est
946 1403 1038 1468 quedem
1056 1404 1080 1452 si
1095 1403 1186 1455 onor.
1222 1411 1243 1450 4.
1264 1402 1313 1468 ipsi
1329 1403 1382 1453 st'bt'
1397 1402 1424 1453 Ε

335 1473 383 1521 sibi
399 1471 446 1536 ipsi
461 1482 517 1522 cett.
560 1480 595 1520 eet
613 1472 703 1521 onnlt]
744 1488 775 1519 ea
792 1488 854 1535 quae
873 1471 916 1521 tc
970 1477 992 1522 5.
1013 1472 1075 1521 Post
1092 1472 1225 1536 appetenda
1243 1474 1301 1523 add.
1320 1481 1380 1523 eunt
1400 1471 1425 1520 L

337 1545 358 1590 6,
377 1541 496 1605 petereE
532 1539 594 1589 vitae
612 1548 779 1599 rotdomum,
799 1539 841 1590 Or.

337 1700 545 1767 everteretur),
576 1695 626 1751 sed
655 1714 771 1769 semper
798 1695 827 1751 id
851 1713 905 1751 sun
927 1714 1017 1752 censa
1038 1696 1101 1753 lieri
1124 1696 1232 1754 dicitur
1259 1708 1289 1754 at
1317 1715 1358 1754 ex
1383 1716 1425 1755 eo

336 1780 528 1836 concluditur.
574 1778 734 1837 Manifesta
764 1791 808 1837 est
835 1780 926 1856 igitur
952 1780 983 1837 in
1012 1801 1071 1838 cnm
1093 1799 1199 1838 causas
1222 1781 1426 1858 significeti03

337 1876 364 1921 et
388 1879 485 1922 tamen
509 1865 642 1939 sequitur
657 1868 758 1938 Jirciet:
781 1865 889 1939 itaque,
913 1866 937 1922 si
956 1866 1029 1923 nihil
1045 1876 1090 1922 est
1108 1866 1215 1931 mendi.
1238 1878 1271 1924 ut
1286 1870 1426 1941 quoniam

336 1951 521 2007 scribendum
546 1949 592 2006 sit.
616 1950 755 2006 utendum
780 1962 824 2007 est
847 1970 882 2006 en
899 1951 1087 2008 excusatione
1106 1951 1134 2007 in
1153 1951 1250 2008 iuturo
1270 1963 1424 2028 tempore,

335 2036 418 2093 cuius
442 2035 539 2092 nullus
562 2046 607 2092 est
624 2035 750 2110 simplex
768 2035 972 2092 coniunctivus
991 2036 1102 2104 modus,
1126 2054 1212 2110 qunm
1237 2055 1424 2094 commemo·

336 2121 399 2177 ravi
423 2119 534 2194 Opusc.
558 2121 652 2179 Acad.
676 2121 707 2177 11
729 2140 759 2196 p.
776 2121 834 2177 102
853 2129 912 2176 not.
929 2121 963 2189 23
987 2122 1088 2177 eadem
1112 2139 1186 2196 opus
1209 2140 1273 2178 esse
1296 2122 1426 2179 videtur

336 2205 373 2261 nd
396 2208 459 2262 nn.
482 2205 668 2271 xl1,·25.1:
692 2206 747 2262 HS
767 2206 826 2262 DC
845 2209 978 2280 esprdrnes
999 2207 1033 2261 ab
1059 2207 1229 2278 Ilermopene,
1251 2226 1311 2264 cum
1331 2226 1424 2283 prae·

336 2295 426 2347 sertim
454 2310 557 2346 necesse
584 2295 647 2348 erit.
682 2291 732 2346 ubi
760 2310 820 2347 cum
849 2291 954 2347 mutari
984 2309 1041 2346 non
1071 2301 1166 2365 potest
1190 2302 1310 2366 propter
1330 2311 1422 2367 prae·

335 2379 434 2432 sertim.
468 2373 625 2451 [Futurum
649 2375 844 2449 compositum
863 2377 1005 2448 (chtnrns
1027 2379 1073 2448 sit)
1093 2375 1219 2432 alienam
1242 2377 1422 2434 habiturum

335 2469 398 2516 erat
421 2459 678 2533 significatione1113
707 2479 774 2516 nam
798 2470 858 2516 turn
882 2461 993 2535 ipsum,
1022 2478 1086 2517 cnm
1109 2459 1213 2522 faciet,
1242 2479 1296 2518 sua
1324 2479 1423 2518 causa

335 2542 451 2620 faciet]

422 2629 588 2703 necesseque
614 2631 667 2703 est)
691 2630 756 2686 Hoc
779 2627 872 2706 [quod
894 2647 972 2686 nunc
994 2639 1110 2687 constat
1132 2648 1196 2687 esse
1219 2630 1248 2687 in
1272 2630 1355 2705 ert,
1386 2631 1420 2689 in

335 2732 393 2788 quo
417 2714 555 2789 putabam
579 2735 631 2788 pne
652 2714 763 2773 omitti.
788 2725 816 2771 et
840 2712 880 2790 B]
903 2715 1123 2789 significabatur
1145 2725 1308 2772 ceterorum
1333 2715 1422 2773 codi-

335 2817 400 2856 cum
425 2799 557 2874 vestigiis
580 2799 656 2873 (Pal.
682 2802 699 2855 6
723 2818 827 2856 necesse
848 2809 887 2855 est
909 2819 973 2873 que.
998 2800 1058 2856 Pal.
1086 2801 1103 2856 2
1127 2820 1231 2857 neeesse
1252 2810 1292 2857 est
1312 2820 1422 2875 aequm

336 2885 428 2945 Gzius
451 2885 480 2941 in
505 2885 638 2959 pluribus
660 2885 810 2942 codicibus
833 2885 939 2958 partim
963 2904 1066 2941 necesse
1093 2895 1132 2942 est
1153 2887 1228 2959 qnod
1248 2886 1339 2942 scribi
1364 2887 1421 2955 ait,

336 2970 440 3045 partim
470 2968 499 3025 id
528 2970 638 3044 ipsum,
668 2970 745 3043 quod
775 2970 874 3042 edidi).
921 2971 989 3035 Est,
1018 2970 1096 3043 quod
1120 2971 1284 3031 exciderat.
1313 2971 1421 3030 aliano

335 3054 399 3111 loco
422 3054 587 3110 restitutum
613 3065 685 3113 erat.
731 3054 766 3110 In
790 3073 840 3122 eo,
871 3055 949 3128 quod
974 3055 1061 3129 vulgo
1084 3055 1194 3119 editur,
1218 3073 1276 3129 quo
1299 3064 1422 3131 spectet

335 3139 479 3214 particula
502 3142 623 3213 prudent,
648 3157 733 3195 nenio
756 3139 879 3203 dixerit;
902 3138 955 3197 cfr.
979 3139 1016 3197 ad
1039 3141 1096 3207 ΙΙΙ,
1116 3142 1165 3197 28.
1210 3140 1326 3197 Deinde
1351 3152 1421 3198 erat

334 3226 385 3280 sibi
400 3227 466 3298 ipsa}
489 3224 611 3281 invertit
628 3222 730 3286 Gaius,
755 3223 832 3299 Spir.
846 3223 901 3301 [B]
919 3234 949 3280 et
966 3225 1027 3281 Erl.
1045 3244 1179 3299 sequens.
1217 3224 1419 3283 scribendum

335 3327 398 3366 esse
421 3313 479 3383 ipse
500 3312 544 3379 (ut
567 3308 655 3383 paulo
679 3318 745 3384 post
766 3312 887 3366 inimicus
909 3313 967 3384 ipse
984 3311 1043 3372 sibi,
1066 3320 1096 3366 et
1114 3329 1197 3367 mox:
1219 3313 1274 3385 ipsi
1289 3312 1343 3367 sibi
1360 3311 1420 3368 tet-

335 3397 388 3450 lmn
410 3395 568 3450 indicissent
591 3403 621 3450 et
639 3395 678 3450 30
697 3399 753 3468 ipsc
775 3414 803 3450 se
825 3396 921 3466 oderit)
940 3395 1054 3452 viderat
1073 3394 1236 3459 Ernestius,
1260 3395 1308 3452 cui
1325 3394 1420 3455 Orel-

334 3479 391 3535 lius
414 3479 526 3553 paruit3
550 3497 615 3535 nam
640 3489 669 3535 et
692 3480 823 3553 postulat
845 3479 1021 3556 significatio
1044 3481 1103 3536 odii
1126 3481 1157 3536 in
1180 3481 1245 3554 ipso
1267 3480 1337 3550 tito,
1362 3481 1419 3556 qui

334 3563 401 3620 odio
425 3563 472 3632 sit,
496 3563 593 3620 sedem
618 3564 753 3620 habentis
776 3564 856 3621 etin
881 3565 952 3634 hoc,
976 3566 1026 3639 qui
1049 3565 1202 3623 restitutus
1225 3573 1285 3623 est.
1308 3566 1419 3623 ordine

334 3667 450 3722 semper
471 3648 513 3705 itn
536 3649 708 3707 Ciceronem
732 3650 822 3723 loqui,
845 3659 925 3706 recte
948 3651 984 3705 ab
1007 3650 1075 3706 aliis
1097 3651 1334 3707 animadversum
1359 3661 1417 3707 est.

418 3754 488 3808 quoe
510 3738 566 3791 sine
587 3735 667 3790 dnbio
691 3739 758 3791 uitae
780 3745 820 3791 est
841 3735 953 3807 eversio)
971 3734 1096 3793 Codices
1114 3744 1144 3791 et
1161 3736 1319 3792 editiones:
1343 3739 1419 3793 vitae

333 3830 394 3875 sum
416 3823 523 3875 eversio.
548 3838 642 3892 neque
665 3820 820 3894 quisquam
843 3820 1056 3877 dubitationem
1082 3821 1180 3877 movit.
1227 3820 1286 3878 Sed
1306 3820 1418 3877 Latine

334 3922 391 3960 non
415 3904 537 3960 dicitur:
561 3906 626 3960 doec
647 3916 709 3961 stitit
730 3909 837 3967 eversio,
861 3923 955 3979 neque
978 3905 1014 3961 ad
1039 3906 1116 3962 hunc
1133 3906 1339 3963 soloecismum
1363 3906 1417 3963 de·

333 3989 510 4046 tendandum
529 3990 688 4063 quidquam
709 3990 807 4046 valent
824 3990 910 4066 pauci
929 3990 971 4046 illi
990 3991 1057 4058 loci,
1082 3992 1110 4047 in
1129 3990 1235 4065 quibus
1252 3990 1417 4065 scriptores

333 4078 399 4146 (nec
428 4084 524 4130 tamen
554 4074 672 4146 Cicero)
700 4086 814 4132 retento
842 4085 947 4132 neutro
975 4095 1082 4150 genere
1110 4075 1269 4151 singularis
1297 4076 1418 4133 numeri

333 4161 391 4233 (nec
413 4179 493 4233 sopor
515 4161 583 4217 illud
604 4170 678 4219 erut:
706 4162 779 4233 quod
800 4164 914 4233 seqnitur
936 4172 1008 4217 erut.
1031 4165 1163 4236 snpientia
1187 4161 1345 4234 vocabatur)
1368 4160 1418 4237 ip-

333 4263 394 4299 snm
419 4244 560 4300 infinitam
585 4246 627 4301 rei
650 4245 798 4302 notionem
822 4246 988 4321 significent
1017 4243 1083 4325 [cfr.
1109 4246 1252 4322 Nipperd.
1277 4246 1315 4303 ad
1337 4247 1417 4307 Tac.

333 4331 412 4386 Ann.
428 4331 452 4396 Ι,
466 4326 531 4408 49],
550 4341 601 4387 aut
618 4331 772 4405 pauciores
790 4331 843 4397 illi,
861 4332 890 4388 in
905 4332 1013 4405 quibus
1030 4332 1151 4388 definite
1168 4349 1312 4407 personae
1329 4332 1418 4390 notio

333 4414 361 4470 in
380 4415 554 4490 pronomine
572 4415 715 4473 retinetur
727 4417 771 4490 (nt
783 4417 862 4491 apud
873 4415 976 4475 Senec.
988 4417 1026 4473 ad
1039 4417 1176 4474 Helviam
1193 4416 1240 4486 19,
1254 4416 1273 4473 3
1291 4426 1421 4493 propter
