3030 5086
706 808 730 880 1.

269 968 287 1044 ξ
306 966 332 1026 1.
368 961 400 1026 Si
423 963 471 1026 cui
494 960 553 1025 boc
575 961 688 1042 negotii
711 962 818 1026 datum
836 961 875 1025 sit
893 961 995 1038 iudici,
1018 967 1060 1039 ut,
1083 980 1160 1040 cum,
1179 962 1254 1043 quid

182 1070 349 1150 aliquando
372 1069 411 1133 ab
435 1068 537 1150 aliquo
560 1069 675 1133 dictum
698 1069 752 1147 sit,
781 1068 867 1133 multi
891 1087 951 1133 non
975 1069 1053 1133 satis
1075 1077 1255 1134 constanter

183 1183 321 1255 narrent,
346 1177 490 1256 reperiat,
508 1176 583 1257 quid
600 1176 631 1241 in
649 1196 687 1242 ea
704 1196 738 1242 re
754 1196 862 1242 verum
880 1177 928 1257 sit,
952 1177 987 1256 is,
1006 1178 1032 1241 si
1050 1179 1188 1258 prudens
1205 1180 1254 1254 sit,

183 1304 244 1350 non
267 1284 366 1349 solum
389 1284 447 1348 boc
469 1290 589 1364 spectet
610 1286 641 1349 in
664 1284 798 1350 testibus
820 1284 993 1363 audiendis,
1015 1304 1106 1365 quam
1124 1285 1256 1366 quisque

184 1412 241 1474 per
263 1410 298 1457 se
320 1392 389 1472 ipse
410 1391 482 1456 fidei
505 1392 680 1473 opinionem
703 1392 828 1470 aflerat,
857 1394 911 1457 sed
939 1400 1012 1457 ante
1035 1393 1138 1457 omnia
1160 1411 1254 1472 quae·

184 1502 315 1566 rendum
340 1499 396 1563 sibi
419 1507 522 1579 putet,
545 1500 615 1580 quis
637 1519 657 1564 a
679 1518 741 1580 quo
763 1500 909 1580 audierit,
935 1509 970 1563 ut
992 1500 1035 1564 sic
1057 1519 1201 1581 magnam
1225 1508 1257 1564 et

184 1608 371 1674 inconditam
395 1607 519 1672 testium
543 1608 663 1672 turbam
687 1609 728 1672 ad
751 1625 867 1688 paucos
895 1615 927 1671 et
948 1614 1050 1673 certos
1074 1607 1207 1688 redigat,
1236 1628 1257 1672 a

185 1715 297 1799 quibus
319 1714 413 1780 ceteri
437 1735 501 1779 rem
524 1715 712 1795 acceperint;
743 1733 810 1779 cuin
834 1722 937 1780 autem
961 1733 1015 1779 eos
1037 1715 1203 1791 invenerit,
1226 1727 1257 1781 et

184 1824 254 1889 ilios
276 1823 393 1889 alteros
416 1822 558 1905 neglegat
585 1830 616 1887 et
643 1821 701 1886 hos
729 1823 817 1902 quasi
840 1824 930 1903 primi
954 1822 1071 1887 ordinis
1095 1832 1190 1888 testes
1213 1825 1258 1889 sic

185 1937 343 2011 comparet
372 1931 615 2011 contendatque,
648 1937 699 2006 ut,
727 1940 874 2010 quantam
902 1931 1033 2012 quisque
1060 1933 1256 2012 sequentium

186 2037 412 2103 multitudinem
437 2036 553 2115 trahat,
584 2035 658 2100 nihil
686 2038 727 2101 ad
755 2057 819 2103 rem
847 2038 1003 2119 pertinere
1025 2038 1147 2104 iudicet.
1192 2040 1257 2105 Nec

185 2145 276 2211 aliter
299 2145 392 2210 faciei
414 2144 534 2225 peritus
556 2144 656 2223 iudex,
680 2163 748 2209 cum
772 2165 808 2209 ex
828 2145 931 2210 multis
954 2146 1131 2212 tabularum
1155 2166 1256 2212 exeni-

185 2254 246 2335 plis
268 2259 450 2334 quaeretur,
478 2251 553 2332 quid
580 2251 611 2316 in
639 2271 701 2317 uno
729 2253 831 2333 aliquo
854 2260 1054 2334 testamento,
1083 2256 1167 2336 quod
1196 2274 1256 2321 non

186 2361 310 2440 extabit,
333 2360 483 2440 scriptum
506 2358 607 2438 fauerit,
631 2360 690 2424 nisi
712 2362 812 2441 quod,
835 2379 914 2442 quae
936 2362 998 2427 illic
1019 2364 1058 2426 de
1080 2363 1163 2428 ianm
1185 2383 1257 2445 per·

187 2475 300 2550 vagata
322 2467 479 2532 hominum
497 2466 690 2533 confessione
707 2467 953 2548 reperiebantur,
975 2471 1023 2536 bic
1045 2472 1084 2537 de
1103 2471 1258 2551 scriptura

188 2582 364 2658 propagata
375 2574 496 2641 indiciis
512 2574 776 2656 deprehendenda
791 2582 865 2640 sunt
881 2578 991 2643 tacitis.
1026 2579 1074 2642 Ab
1089 2579 1149 2643 bae
1164 2599 1259 2660 quae-

189 2684 290 2749 stione
311 2683 456 2747 universo
479 2701 594 2764 genero
615 2700 677 2747 non
701 2682 819 2748 distare
841 2704 923 2763 eam,
947 2704 1038 2767 qnam
1061 2687 1207 2769 philologi
1229 2688 1260 2751 in

189 2799 327 2858 ueterum
345 2808 474 2871 operum
492 2790 647 2855 codicibus
664 2791 884 2872 manuscriptis
902 2793 1075 2873 instituunt,
1099 2813 1154 2860 nec
1170 2794 1262 2859 alitor

189 2917 259 2965 esse
280 2899 490 2975 tractandam,
513 2915 573 2962 non
596 2897 641 2961 ita
662 2897 750 2961 multi
772 2905 845 2963 sunt
867 2901 955 2978 anni,
982 2920 1050 2966 cum
1073 2903 1259 2968 intellectum

189 3014 253 3087 est,
281 3024 381 3087 neque
408 3006 584 3071 etiamnunc
610 3005 650 3069 ab
677 3005 821 3071 omnibus
848 3007 983 3088 intellegi
1011 3009 1140 3074 videtur.
1185 3011 1261 3089 Nos

190 3122 356 3195 antequam
373 3113 417 3178 ita
434 3120 530 3178 testes
546 3113 717 3193 generatim
734 3114 924 3195 distinguere
946 3124 977 3179 et
989 3134 1138 3197 separare
1149 3138 1260 3200 aggre-

190 3223 302 3298 dimur,
325 3221 461 3285 dicemus
478 3220 621 3300 primum,
638 3221 690 3301 qui
708 3221 831 3285 omnino
848 3222 946 3287 auditi
963 3226 1033 3304 sint,
1056 3245 1260 3308 exponemus-

191 3348 261 3411 que,
283 3328 335 3410 qui
358 3328 510 3411 aquibus
533 3333 565 3392 et
587 3328 740 3408 quomodo
763 3328 883 3394 codices
905 3330 1034 3397 adhibiti
1057 3335 1097 3398 ita
1122 3335 1198 3410 sint,
1228 3344 1261 3399 ut

192 3457 228 3502 ex
240 3435 450 3518 perpetuitate
461 3437 604 3516 quadam,
621 3435 764 3516 quamvis
775 3436 900 3503 minimo
911 3439 1012 3520 plene,
1028 3452 1263 3521 cognoscantur,

192 3563 253 3609 non
272 3562 334 3609 nno
352 3543 490 3609 alterove
503 3542 570 3606 loco
587 3552 760 3608 occurrant.
793 3544 873 3609 Nam
890 3545 948 3611 bos
960 3547 1100 3626 lilauutii,
1111 3549 1262 3629 Lambini,

193 3652 323 3717 aliorum
344 3651 440 3715 libros
458 3649 648 3714 commodius
665 3651 695 3714 in
714 3653 917 3731 posteriorem
935 3654 1035 3718 locum
1053 3655 1220 3722 reiciomus.
1235 3668 1262 3735 ²)

224 3913 245 3975 ¹)
265 3914 291 3962 in
313 3914 375 3962 iocis
395 3913 528 3961 Ciceronis
552 3912 710 3962 ascribendis
736 3914 831 3976 ubique
856 3919 987 3967 minorum
1008 3923 1106 3968 lanium
1126 3922 1264 3981 particula·

264 4011 336 4055 runi,
364 4010 427 4059 quas
451 3997 623 4060 pmagrapbos
647 3998 819 4060 appellamus,
845 4013 967 4051 numeros
993 4016 1071 4066 pono,
1096 4007 1145 4055 nisi
1169 4009 1190 4055 si
1215 4020 1264 4068 qua

264 4082 402 4146 singularis
431 4095 508 4131 causa
537 4087 576 4132 est
603 4085 692 4145 ospitis
718 4082 762 4146 (e.)
788 4086 900 4136 iactandi.
946 4090 1050 4152 appello
1079 4097 1166 4140 nostro
1193 4105 1264 4141 mrire

265 4168 403 4222 editionem,
422 4173 569 4225 colatorium,
588 4167 691 4223 similia.
711 4181 822 4232 cumque
838 4183 941 4221 omnem
959 4177 983 4222 in
1000 4175 1039 4224 bis
1055 4180 1263 4239 superstitionem

264 4267 356 4303 sannm
376 4251 491 4308 arbitror.
512 4259 566 4301 tum
586 4252 766 4315 perridicuinm
787 4267 875 4305 rorum
895 4260 920 4306 in
941 4258 1035 4307 iniibus
1054 4273 1155 4314 curam.
1175 4266 1217 4325 qni
1238 4267 1262 4311 in

264 4340 401 4389 uerborum
427 4340 579 4388 usitatorum
609 4351 655 4385 nsu
685 4345 708 4387 ei
732 4341 757 4387 in
783 4345 910 4391 sermonis
934 4345 1051 4393 iunctura
1078 4348 1187 4407 singuiis
1212 4347 1263 4397 iere

264 4424 381 4474 versibus
401 4430 513 4485 peccant.
