3030 5086
468 486 511 530 nr
536 485 615 530 usn.
639 485 700 530 mn.
725 487 745 531 v
768 485 841 531 can.
862 490 901 535 rs,
917 472 1048 545 (ss-er.)
1228 470 1289 533 761

220 653 389 731 Timaeum,
413 653 561 716 Arionem
583 653 716 731 Locros,
738 663 781 730 ut,
804 672 872 718 cum
896 655 1054 719 Socratem
1076 655 1291 735 expressisset,

219 754 406 833 adiungeret
418 753 684 835 Pythagoreorum
705 754 900 835 disciplinam
918 774 1026 836 eaque,
1049 773 1129 836 quae
1145 756 1290 820 Socrates

220 857 419 936 repudiabat,
448 856 645 920 addisceret?
673 873 728 919 cur
756 856 823 936 ipse
844 856 1040 937 Pythagoras
1063 864 1095 920 et
1116 860 1290 939 Aegyptum

218 958 365 1022 lustravit
387 965 418 1021 et
435 957 603 1021 Persarum
620 975 728 1035 magos
745 958 843 1021 adiit?
865 977 921 1022 cnr
938 964 1043 1023 tantas
1060 959 1202 1040 regiones
1219 959 1291 1023 bar·

218 1059 366 1123 barornm
383 1059 516 1139 pedibus
534 1059 618 1136 obiit,
636 1064 681 1121 tot
698 1058 799 1122 maria
814 1059 1008 1123 transmisit?
1025 1077 1081 1124 cnr
1096 1058 1173 1125 haec
1184 1061 1332 1130 eademb

218 1160 436 1225 Democritus?
467 1159 520 1241 qui
542 1162 630 1241 (vere
652 1158 784 1237 bisone,
812 1179 873 1222 reon
895 1162 1096 1242 quaeremus)
1118 1161 1232 1225 dicitur
1258 1180 1292 1226 se
1357 1215 1361 1223 .

293 1336 310 1380 I.
336 1329 460 1378 Aaronem
484 1330 506 1377 F.
534 1329 659 1378 Annonem
686 1328 842 1389 (iunctam.
901 1335 924 1379 3.
948 1348 990 1378 cur
1016 1339 1038 1379 et
1064 1330 1113 1393 ipre
1140 1329 1292 1396 Pytiaqoras

219 1398 389 1463 Aepyptumb
426 1403 440 1445 6
468 1398 559 1447 υενοΟ
586 1414 631 1445 non
650 1412 698 1447 om.
719 1412 813 1455 omnes,
832 1396 874 1448 Or.
904 1415 1068 1461 quaereremus
1088 1399 1232 1456 arcum„
1251 1400 1292 1448 hic

219 1481 275 1515 curn
295 1476 355 1514 nota
374 1467 457 1514 mendi
493 1464 566 1513 oculu
583 1482 609 1513 re
629 1459 760 1514 tremor.

304 1620 364 1677 ‘nme
379 1623 502 1693 JirLsoue.
530 1641 580 1677 raon
609 1622 782 1695 praeeramus)
806 1621 921 1680 Davisii
950 1623 1147 1679 coniecturam
1176 1632 1293 1680 secutus

218 1725 293 1764 snm.
318 1706 403 1779 Quod
417 1706 445 1761 in
458 1706 594 1761 omnibus
606 1706 691 1763 codd.
704 1702 806 1784 [etiam
816 1702 854 1785 B]
868 1716 912 1763 est
924 1706 991 1777 (nisi
1005 1707 1082 1779 qnod
1095 1706 1196 1782 eSpir.
1211 1717 1244 1764 nt
1255 1728 1292 1764 ex

217 1792 244 1848 L
266 1801 403 1847 enotatur
425 1794 610 1864 quaererem),
639 1809 714 1846 unus
737 1790 868 1848 defendit
891 1791 977 1858 Otto;
1005 1811 1193 1865 querereremus
1215 1794 1292 1849 enim

218 1893 296 1932 esse:
320 1877 438 1932 rrrbcbteu
462 1878 511 1931 uir
526 1879 637 1949 Jiupea,
661 1894 736 1949 qnae
760 1877 850 1932 verba
872 1876 1009 1950 qnoniam
1033 1878 1207 1952 significant,
1230 1878 1293 1935 ani·

219 1979 297 2017 mum
322 1980 356 2017 eo
379 1961 530 2030 inclinare,
554 1970 585 2016 ut
603 1971 770 2034 quaeratur,
793 1962 872 2035 quod
895 1963 1057 2018 sententiae
1071 1962 1188 2019 Pisonis
1205 1964 1293 2019 vehe-

219 2055 332 2101 menter
354 2056 507 2120 repugnut,
531 2045 629 2102 neseio
652 2046 729 2102 unde
751 2047 928 2103 contrarium
951 2047 1045 2103 audiri
1064 2047 1159 2103 iubet:
1181 2050 1231 2104 sed
1247 2069 1293 2104 uo-

218 2133 316 2188 lumus.
352 2131 456 2187 Latine
474 2150 662 2205 quaereremus
684 2130 742 2186 diri
761 2149 819 2187 non
839 2141 935 2206 potest
954 2132 1010 2188 nisi
1028 2150 1092 2189 cum
1111 2132 1293 2196 condicione,

219 2216 300 2272 verbi
323 2232 426 2271 cansa:
449 2219 475 2272 ai
496 2218 583 2273 liceret
605 2215 672 2288 (etsi
685 2216 765 2283 Piso,
790 2216 904 2273 etiamsi
925 2217 1021 2282 liceat,
1046 2236 1102 2273 non
1125 2228 1234 2290 curat);
1258 2236 1293 2274 eu

218 2310 315 2357 auteur
339 2300 387 2356 hie
409 2319 504 2374 neque
528 2301 625 2357 verbis
648 2300 824 2374 exprimitur
852 2319 947 2375 neque
970 2302 1159 2376 significatur.
1206 2303 1293 2375 Quod

218 2385 336 2458 quidam
360 2404 548 2459 quaereremus
571 2384 634 2441 tolli
653 2385 763 2447 volunt,
787 2384 863 2441 falso
881 2386 949 2441 huie
965 2386 1091 2442 formae:
1116 2406 1174 2442 nere
1183 2389 1293 2460 Jbleoae

218 2488 282 2526 eam
307 2470 439 2526 tribuunt
461 2470 703 2545 significationem
728 2470 935 2537 dubitationis,
964 2490 1040 2544 qnae
1068 2472 1096 2526 in
1126 2472 1180 2527 bac
1204 2474 1293 2528 inest:

114 2622 117 2626 ¹
217 2558 341 2611 iocansne
362 2574 397 2610 uu
421 2559 458 2610 ita
481 2559 594 2611 sentiens
617 2555 722 2626 (Acad.
746 2556 874 2627 11,63);
897 2556 996 2629 itaque
1022 2557 1171 2612 Victorius
1193 2559 1293 2630 (Varr.

217 2640 312 2697 Leett.
337 2640 408 2705 XV,
432 2641 463 2712 9)
486 2651 515 2696 et
539 2641 699 2697 Lambinus
727 2659 786 2698 vere
807 2643 928 2713 J'ulsoau:
957 2641 1008 2697 sed
1037 2640 1089 2696 ilia
1116 2642 1292 2716 significatio

217 2725 395 2781 discriminis
413 2725 545 2789 tollendi,
568 2744 643 2799 qtrae
661 2725 691 2781 in
710 2746 739 2781 ee
755 2726 900 2801 particula
918 2738 971 2789 est,
996 2726 1024 2781 in
1044 2726 1210 2784 huiusmodi
1227 2747 1293 2783 sen·

218 2809 339 2866 tentiam
369 2810 577 2867 ‹leslarativam
608 2830 664 2866 non
693 2811 785 2877 eadit,
814 2820 844 2866 et
875 2811 1056 2867 subabsurde
1085 2811 1149 2884 ipsa
1177 2831 1224 2869 res
1252 2813 1294 2868 ita

218 2907 368 2961 narratur:
393 2895 520 2963 „dieitur
542 2907 592 2951 ant
615 2914 684 2951 vere
702 2906 754 2952 ant
769 2894 882 2963 falso“;
905 2914 971 2951 nam
989 2895 1068 2952 faura
1086 2915 1185 2969 perse
1202 2897 1292 2972 signi·

217 2979 299 3036 ficari
323 2979 418 3041 debet,
443 2990 503 3036 tum
525 2980 604 3046 addi,
628 2980 700 3036 nihil
723 2981 761 3036 ad
784 2999 844 3036 rem
868 2982 1024 3055 pertinere,
1048 2999 1135 3053 quam
1160 3000 1230 3038 vera
1246 2982 1294 3038 sit.

218 3063 312 3121 Gaius
330 3064 418 3120 scribi
438 3065 514 3121 vnit:
536 3085 596 3122 vere
608 3068 695 3139 salso,
718 3086 750 3121 ue
768 3085 939 3139 assumamus,
963 3066 1104 3134 oratione,
1129 3077 1160 3123 ut
1179 3068 1294 3141 opinor,

218 3167 275 3206 non
291 3150 410 3217 Latina;
435 3150 632 3223 nequeenim.
653 3150 731 3224 quod
748 3152 809 3207 velit
825 3154 889 3207 nolit
908 3169 965 3206 non
984 3150 1078 3207 solnm
1098 3170 1151 3224 pro
1168 3171 1215 3208 seu
1234 3156 1294 3209 uelit

217 3253 264 3290 seu
286 3237 364 3301 aoid,
394 3236 443 3291 sed
468 3235 555 3291 etiam
581 3254 634 3310 pro
657 3237 717 3291 uelit
738 3256 774 3290 ort
797 3238 861 3292 nolit
887 3254 983 3291 sermo
1006 3235 1160 3292 familiaris
1183 3238 1295 3312 recepit

217 3320 267 3392 (ad
290 3319 325 3391 Q.
349 3320 396 3376 Fr.
420 3321 477 3389 ΙΙΙ,
502 3322 530 3390 8,
555 3324 601 3393 4),
625 3317 691 3399 [eir.
716 3321 814 3378 Plaut.
838 3321 923 3377 Asin.
947 3322 988 3383 ΙΙ,
1013 3324 1041 3389 4,
1067 3317 1132 3399 ὁ9,]
1154 3323 1294 3379 continuo

218 3404 293 3460 idem
318 3405 355 3460 orl
377 3405 437 3461 alia
460 3406 550 3461 verba
573 3418 602 3462 et
624 3405 765 3461 adverbia
787 3406 939 3462 traducere
963 3406 1040 3465 iicet.
1064 3425 1158 3480 neque
1181 3426 1218 3463 ex
1242 3408 1294 3463 ilia

217 3489 306 3546 celeri
330 3490 486 3547 multorum
510 3491 722 3547 contrariorum
751 3490 814 3547 sine
843 3491 987 3565 particula
1015 3492 1235 3549 enumeratione
1263 3493 1292 3548 in

217 3575 430 3649 interrogativa
453 3576 595 3644 oratione,
619 3595 694 3649 quae
717 3576 811 3632 Acad.
834 3577 875 3645 ΙΙ,
890 3577 928 3631 92
952 3577 1106 3651 reperitur.
1131 3574 1293 3656 [similique

218 3659 296 3717 Livii
320 3660 384 3716 loeo
408 3662 494 3727 vlu,
520 3662 570 3727 34,
598 3663 634 3718 10
658 3670 687 3717 et
710 3661 843 3721 Terentii
866 3662 974 3719 Heant.
1001 3662 1054 3728 lv,
1083 3666 1106 3729 Ι,
1131 3658 1185 3740 30]
1208 3663 1294 3736 qnid·

217 3762 305 3818 quam
329 3747 489 3802 coniicitur.
534 3746 597 3803 Nec
625 3756 695 3821 apta
718 3746 769 3802 illa
791 3746 964 3803 dehortandi
986 3746 1082 3803 fornia
1104 3759 1158 3804 est.
1204 3747 1293 3804 Vide·

218 3840 266 3886 tur
288 3850 338 3885 uon
362 3842 428 3905 post
450 3852 481 3887 ne
504 3831 649 3888 excidisse
673 3842 702 3888 et
724 3850 760 3887 ex
785 3831 840 3888 hoo
857 3832 922 3906 ipso
942 3851 972 3887 ue
989 3833 1193 3889 coniunctivns
1210 3843 1293 3890 ortus

216 3933 290 3972 esse.
316 3915 474 3989 Expectari
492 3926 589 3972 tamen
608 3936 659 3972 nou
673 3936 775 3990 quaero
790 3928 841 3973 ant
857 3920 1021 3991 praeterimus,
1039 3936 1096 3973 nou
1115 3917 1292 3993 negaverim.

216 3996 293 4078 [Cir.
305 4020 465 4074 quuereruus
482 4022 534 4076 pro
552 4006 706 4076 qreuert'mus
723 4001 864 4076 seriptum
877 3997 1006 4081 1v.31,]
1034 4002 1118 4075 Quae
1135 4003 1171 4059 de
1185 4003 1293 4060 Demo·

217 4085 283 4143 criti
311 4087 454 4142 caecitate
481 4087 636 4160 (Ireme'nr'bua
663 4091 770 4144 amissis
797 4089 886 4143 'ruse
911 4089 952 4152 V,
980 4090 1051 4159 114)
1079 4087 1227 4150 fabulose,
1256 4089 1292 4145 de

217 4170 352 4246 neglecta
380 4173 549 4245 patrimonii
579 4191 649 4228 cura
677 4172 758 4229 varie
792 4172 929 4247 fingendo
956 4182 1098 4228 exornata
1127 4174 1291 4240 truduntur,

217 4256 341 4313 collecta
363 4268 431 4313 sunt
454 4277 471 4312 a
495 4258 633 4332 Menagio
655 4258 691 4313 od
716 4257 802 4332 Diog.
817 4257 913 4315 Laert.
938 4259 995 4325 IX,
1020 4258 1059 4313 35
1084 4267 1111 4313 et
1136 4259 1175 4314 39
1199 4267 1227 4315 et
1252 4259 1292 4314 43

217 4349 246 4397 et
274 4361 291 4397 a
316 4342 418 4397 iiaelio
447 4343 475 4398 in
499 4343 610 4399 Lexioo
640 4343 752 4399 critico.
799 4343 893 4399 Paulo
922 4353 988 4416 post
1016 4343 1201 4418 participium
1225 4360 1291 4400 euru

216 4426 447 4502 interrogatione
476 4428 504 4484 in
534 4446 624 4485 cansa
650 4427 842 4503 significanda
864 4428 1017 4485 absolutae
1045 4430 1102 4485 iam
1131 4429 1174 4485 rei
1196 4428 1293 4486 factae
