3030 5086
403 517 447 562 rrr
472 516 552 563 nnn.
575 516 638 561 nm,
660 517 684 561 n
707 515 779 563 cnr.
803 521 839 566 re.
859 517 902 578 (a
916 517 992 581 45.)
1173 500 1233 564 221

156 686 236 750 dari.
281 685 373 764 Quod
396 684 487 765 quale
509 684 564 762 sit,
587 703 648 749 non
671 694 736 748 tam
759 683 950 762 definitione,
973 702 1127 767 quaeum
1150 703 1236 762 usus,

157 787 293 867 intellegi
320 795 425 867 potest
448 787 650 867 (quamquam
672 786 867 867 aliquantum
889 789 1008 867 potest)
1036 805 1130 867 quam
1153 804 1235 851 com-

157 890 242 953 muni
263 890 399 953 omnium
422 888 535 953 iudicio
558 896 590 953 et
605 888 713 970 optimi
730 890 879 969 cuiusque
895 887 1006 952 studiis
1023 897 1118 969 atque
1135 887 1235 967 lectis

156 990 211 1072 qui
238 990 395 1070 permulta
426 991 465 1054 ob
493 994 566 1054 'earn
595 1009 689 1054 unam
717 1009 843 1055 oausam
870 989 1000 1069 iaciunt,
1034 989 1110 1071 quie
1137 990 1235 1068 decet,

156 1092 232 1173 quia
252 1099 385 1172 reatum,
408 1092 482 1171 quie
504 1092 668 1157 honestum
690 1100 752 1170 est,
774 1091 833 1157 etsi
855 1092 973 1156 nullum
995 1099 1234 1156 consecuturum
1252 1094 1273 1160 5

156 1194 396 1259 emolumentum
408 1194 522 1259 rident.
557 1193 707 1258 Homines
725 1194 815 1271 enim,
833 1194 891 1259 etsi
910 1193 978 1258 aliis
995 1194 1110 1272 mulus,
1133 1204 1235 1258 tamen

157 1296 215 1360 hoo
237 1315 299 1360 uno
321 1296 489 1377 plurimum
510 1296 651 1360 abestiis
669 1295 825 1374 differunt
848 1298 932 1377 quod
950 1297 1102 1360 rationem
1120 1295 1236 1360 habent

156 1417 176 1461 a
210 1405 324 1463 natura
356 1399 462 1462 datam
496 1404 692 1478 mentemque
725 1416 827 1462 aerem
862 1406 893 1462 et
922 1397 1074 1476 vigentem
1109 1397 1234 1463 celerri-

156 1517 268 1579 meque
294 1499 392 1563 mults
419 1500 510 1563 simul
538 1500 708 1579 agitantem
731 1511 776 1578 et,
805 1507 839 1563 ut
865 1500 911 1562 ita
939 1499 1053 1576 dicem,
1082 1517 1234 1580 sagacem,

226 1691 249 1736 8.
269 1686 436 1749 etsactesEll
472 1693 493 1736 t.
514 1686 578 1750 quod
595 1693 651 1750 (pro
670 1686 752 1749 quilla
780 1701 878 1735 caueam
896 1685 1044 1735 uaamEOr.
1063 1702 1135 1734 unam
1153 1685 1234 1736 ornC

156 1754 226 1803 Inter
243 1771 342 1803 causam
360 1765 384 1802 et
393 1753 493 1817 faciunt
510 1770 617 1804 uacuum
637 1757 746 1818 spatium
770 1764 808 1803 ost
829 1755 855 1801 in
875 1753 903 1801 P.
927 1770 999 1802 unam
1022 1771 1121 1803 causam
1143 1754 1235 1804 miseri·

155 1821 262 1872 cordiam
281 1822 489 1884 (urismt'eordiater
508 1822 539 1888 ll)
556 1823 649 1879 faciunt
667 1825 719 1872 MR
764 1828 786 1872 6.
805 1821 882 1870 newis
901 1821 957 1870 aliis
976 1822 1096 1872 LPmcu
1147 1825 1168 1873 7.
1188 1839 1235 1871 uno

155 1906 196 1940 om
229 1891 272 1941 Lc
304 1908 320 1939 a
347 1890 425 1940 bestiis
445 1891 572 1955 plurimum
595 1891 756 1944 LPMOROr.
804 1891 906 1940 habeant
933 1906 1032 1947 omnes,
1061 1901 1168 1954 excepto
1191 1890 1234 1951 (L)

156 1964 179 2007 8.
202 1976 219 2008 a
242 1967 330 2008 natura
351 1961 424 2007 menti
443 1960 526 2008 datam
548 1968 569 2008 et
587 1977 664 2008 amera
685 1961 782 2009 Lucu
808 1978 825 2008 a
848 1967 897 2008 nat.
916 1960 988 2008 mereti
1003 1959 1085 2007 datam
1111 1976 1154 2022 que
1171 1959 1234 2007 lanc

155 2044 203 2076 rem
214 2030 274 2090 (mg.
294 2029 325 2075 ad
344 2030 426 2078 menti:
444 2029 569 2077 venientem
593 2027 720 2092 datarnque
741 2028 802 2077 hanc
820 2045 875 2087 rem,
894 2029 926 2075 ad
945 2044 1004 2090 que:
1022 2036 1044 2076 et
1061 2044 1140 2076 aerem
1158 2037 1181 2076 et
1198 2028 1235 2077 ui·

154 2104 244 2160 perstem
261 2105 283 2145 et
300 2102 357 2156 oet)
375 2096 397 2143 P
420 2113 437 2145 a
455 2106 544 2145 natura
562 2097 644 2145 ᾰαιαιη
662 2105 802 2159 mentemque
825 2105 847 2144 et
871 2113 949 2145 acrem
973 2095 1016 2146 Or.
1057 2096 1171 2161 repentem
1191 2096 1234 2145 Pu

157 2169 181 2212 9.
199 2164 273 2213 simul
288 2165 361 2213 multa
380 2165 403 2212 E

156 2337 252 2410 erant)
275 2345 468 2412 propagatum
492 2347 556 2393 erat
572 2338 776 2410 fructibusque.
801 2336 879 2410 quod
902 2335 989 2395 Grut.
1012 2337 1116 2407 tacite,
1140 2335 1233 2394 Gaius

155 2421 261 2478 iterum
286 2440 403 2478 suorum
428 2422 557 2478 omnium
581 2422 756 2478 auctoritate
774 2423 901 2479 sustulit.
935 2423 1005 2497 Ipsa
1027 2423 1100 2479 haee
1118 2421 1232 2478 honesti

155 2506 342 2563 adumbratio
365 2506 524 2563 simillimis
547 2507 644 2564 verbis
667 2507 827 2582 exponitur
848 2509 864 2564 I
887 2505 946 2565 Off.
972 2512 986 2577 ξ
1008 2510 1042 2563 11
1064 2525 1144 2581 sqq,
1174 2517 1233 2563 tra·

155 2592 245 2649 ducta
267 2591 392 2649 fortasse
415 2601 516 2653 totae
540 2591 699 2668 Chrysippi
721 2593 807 2648 libro.

241 2697 322 2733 unam
343 2676 469 2754 eausam)
496 2677 613 2734 Causam
636 2697 716 2733 uerum
739 2676 833 2735 Gziue
856 2677 944 2734 etiam
968 2676 1076 2752 eSpir.
1101 2686 1130 2732 et
1153 2677 1233 2744 Bas,

156 2760 235 2820 Gud.
259 2771 356 2818 autem
376 2763 393 2818 2
417 2763 448 2818 ob
470 2782 528 2818 earn
550 2781 573 2819 c.
596 2769 688 2832 mlum,
713 2763 802 2819 Mars.
825 2762 857 2818 ob
879 2782 937 2818 eam
960 2781 1044 2818 carisa
1067 2782 1130 2831 ruera,
1154 2761 1233 2819 Oxx.

154 2857 199 2920 χψ
217 2855 251 2903 ut
262 2847 331 2904 MR.
366 2847 461 2904 Paulo
479 2859 546 2922 post
562 2850 623 2904 aliis
639 2850 731 2905 multis
744 2846 890 2906 Gruterus
909 2846 997 2903 tacite
1015 2846 1107 2903 edidit
1119 2843 1169 2926 [ex
1179 2842 1232 2924 A],

155 2939 313 2988 tenuerunt
335 2932 529 3002 recentiorem
559 2942 647 2989 antea
676 2942 737 2989 erat
766 2935 859 2989 riseritis
885 2934 957 2988 eliis.
1003 2932 1078 2988 Tum
1103 2951 1154 2987 urm
1176 2951 1233 2989 om.

156 3033 172 3071 e
195 3015 319 3073 Gaianis
341 3019 421 3088 (nam
438 3017 527 3075 Grut.
546 3028 574 3074 et
588 3019 663 3074 Dav.
682 3020 791 3090 tacent)
815 3014 893 3075 Gud.
912 3020 936 3086 1,
961 3017 1039 3085 Bas,
1064 3016 1107 3072 ed.
1132 3017 1233 3073 Marsi.

155 3102 234 3157 Plur.
252 3122 269 3156 a
292 3103 356 3158 best.
374 3102 451 3171 (edd.
475 3124 492 3158 a
509 3104 573 3160 best.
589 3105 676 3176 pleae)
700 3101 793 3159 Gzius
810 3112 932 3160 annotat
950 3102 1047 3159 eBas.
1066 3112 1095 3157 et
1107 3100 1185 3160 Gud.
1203 3107 1233 3170 l;

155 3185 258 3266 debuit
281 3206 318 3243 ex
341 3188 402 3244 Eri.
427 3199 456 3242 et
479 3188 556 3261 Spin.
580 3187 594 3264 [
622 3186 645 3264 ].

241 3274 316 3345 quod
334 3305 369 3313 —
391 3273 500 3345 liabent)
519 3273 694 3329 Necessaria
711 3271 863 3342 correctio,
888 3290 975 3344 quam
993 3272 1147 3328 Ernestius
1165 3290 1234 3328 oon-

154 3355 268 3412 ieetura
296 3369 502 3432 praeceperat,
536 3367 672 3414 auctores
700 3358 789 3413 habet
816 3375 920 3431 parum
948 3357 1126 3432 locupletes,
1155 3358 1234 3425 Bas,

155 3440 236 3499 Gud.
253 3446 277 3497 l.
312 3443 434 3498 Frustra
457 3444 533 3499 enim
549 3443 683 3499 Bremius
706 3443 868 3499 orationem
892 3442 921 3498 in
940 3442 1090 3517 obliquam
1108 3442 1234 3499 formam

154 3527 281 3584 transire
304 3538 403 3601 putat;
426 3528 484 3596 ΙΙΙ,
509 3529 544 3584 17
569 3529 664 3602 ipsum
687 3530 854 3585 arbitramur
876 3528 1007 3584 ostendit
1024 3527 1146 3585 Catonis
1169 3546 1234 3585 ora·

153 3611 264 3668 tionem
288 3613 411 3668 mixtam
435 3631 498 3670 esse
522 3633 559 3669 ex
582 3632 636 3670 sua
659 3625 748 3669 etex
772 3613 927 3670 universae
950 3612 1078 3669 scholae.

241 3699 337 3754 datam
359 3708 521 3772 mentemque
543 3696 645 3775 aerari)
664 3698 713 3756 Sis
731 3698 820 3754 etiarn
839 3716 895 3771 mg.
909 3696 991 3755 Crat.
1011 3707 1050 3765 et,
1074 3697 1098 3752 si
1116 3696 1234 3753 silentio

154 3781 237 3848 tides,
262 3782 321 3841 Ox.
343 3783 382 3850 E;
406 3782 493 3841 Grut.
516 3793 546 3839 et
568 3782 661 3840 Gaius
685 3783 830 3840 incuriose
853 3782 896 3839 sio
919 3782 1060 3849 scribunt,
1084 3792 1233 3855 tamquam

154 3867 185 3923 in
207 3868 299 3923 Pell
326 3878 357 3923 et
373 3868 451 3943 Spir.
476 3877 544 3925 ante
566 3888 656 3924 aaran
679 3870 718 3924 sit
740 3879 772 3939 et,
797 3868 874 3940 quod
899 3867 1060 3924 retinuerat
1073 3867 1233 3931 Victorius,

154 3969 222 4008 eum
245 3953 358 4029 primus
381 3953 533 4010 meliorum
557 3954 731 4029 scripturam
756 3953 893 4010 restituit.
928 3952 1035 4009 Palis
1053 3961 1083 4007 et
1095 3954 1123 4018 4,
1149 3947 1234 4019 On}

154 4047 320 4112 arenamque
342 4039 435 4094 datam
457 4049 482 4094 et
503 4058 593 4095 aerem
616 4033 644 4111 (ξ
662 4058 719 4096 orn.
734 4042 779 4111 et),
802 4056 820 4112 χ
842 4048 950 4094 eruentem
973 4039 1066 4093 datam
1089 4046 1114 4092 et
1136 4055 1232 4097 aaran,

155 4122 274 4192 Palm,
295 4123 323 4192 5,
344 4124 372 4191 6,
395 4123 452 4196 Πψ
474 4127 555 4180 menti
575 4125 669 4180 dquam
691 4135 715 4179 et
737 4116 834 4180 uerene.
882 4122 992 4179 Eadem
1017 4121 1122 4178 menda
1145 4121 1233 4177 habe·

154 4207 228 4264 bant
252 4207 360 4267 Gziani
384 4209 553 4265 deteriores.

241 4303 273 4356 et.
297 4304 326 4350 ut
348 4300 386 4351 ita
408 4296 506 4362 dicam,
529 4295 665 4367 suquestra)
689 4293 854 4362 Admonet,
877 4293 907 4350 in
931 4311 989 4366 quo
1012 4291 1068 4348 fuir
1091 4291 1142 4365 qui
1165 4292 1233 4348 hae·

153 4389 243 4449 reret,
266 4378 399 4455 legentes
422 4380 534 4454 primae
557 4389 587 4436 et
609 4378 746 4454 propriae
770 4378 906 4436 vocabuli
929 4377 1161 4453 significationis.
