3030 5086
216 474 281 540 432
606 489 651 538 nn
673 491 804 540 nmmos
826 491 897 538 nou.

217 661 269 725 ot.
292 662 380 740 Quae
394 666 500 725 autem
516 660 713 726 aestimanda
728 667 843 740 essent,
865 679 973 725 eorum
990 660 1022 724 in
1038 660 1109 725 aliis
1125 659 1204 725 satis
1221 676 1296 725 esse

217 779 340 840 causae,
363 762 564 841 quamobrem
587 761 771 842 quibusdam
793 769 1074 843 anteponerentur,
1097 762 1184 826 utin
1207 759 1294 831 rele-

217 862 333 942 tudine„
355 872 391 927 ut
412 862 442 927 in
461 862 640 943 integritate
657 881 813 942 sensuum,
835 863 918 928 utin
934 863 1052 929 doloris
1069 864 1236 941 vacuitate,
1257 866 1296 926 ut

290 1090 310 1131 1.
331 1099 375 1162 que
392 1100 454 1200 ρὲαο
472 1084 494 1132 Ε
512 1100 618 1146 paceque
636 1086 746 1148 (queque)
766 1084 905 1136 LPMCOr.
942 1090 965 1137 8.
985 1094 1027 1134 aut
1045 1084 1069 1134 in
1088 1064 1294 1148 intepretatum·

216 1167 284 1200 suurn
301 1160 344 1200 aut
361 1168 385 1200 ut
413 1152 423 1168 ³

305 1375 355 1432 ot.
389 1374 466 1442 Quae
492 1385 579 1432 autem
601 1378 769 1433 aestimanda
790 1375 890 1451 essent)
914 1375 964 1435 Sic
986 1376 1043 1432 iam
1067 1374 1147 1434 Crat.
1172 1384 1201 1431 et
1225 1372 1295 1430 inde

218 1478 236 1516 a
259 1460 393 1517 Manutio
415 1478 516 1517 omnes
538 1459 641 1525 tacite,
664 1460 757 1518 donec
779 1460 872 1519 Gaius
894 1460 1022 1518 restituit
1045 1479 1175 1535 quaeque,
1199 1457 1295 1536 [quod

218 1563 284 1602 cum
307 1544 397 1602 fuerit
418 1546 448 1602 in
472 1544 551 1603 Oxx.
574 1555 604 1601 et
626 1544 695 1603 Gaii
717 1546 867 1616 omnibns,
891 1546 921 1602 in
944 1546 1024 1606 arch.
1047 1545 1139 1603 fuisse
1161 1543 1294 1602 credide·

218 1648 296 1699 ram;
320 1649 397 1687 nunc
420 1630 455 1687 de
478 1632 507 1688 A
530 1638 634 1686 contra
654 1628 842 1707 affirmatur}
877 1631 935 1690 Sed
958 1630 1169 1705 nequeCicero
1192 1629 1295 1686 eiusne

219 1715 358 1789 aequales
380 1720 494 1790 quisque
523 1734 576 1789 pro
599 1718 757 1790 quicumque
779 1724 941 1792 posuerunt
964 1717 1091 1790 (dequo
1114 1713 1239 1791 exposui
1263 1713 1293 1771 in

219 1819 345 1857 excursu
374 1801 411 1857 ad
439 1801 516 1857 huno
544 1800 668 1873 locum),
696 1819 765 1869 nec,
799 1801 823 1858 si
852 1801 881 1857 id
909 1801 981 1857 alibi
1004 1810 1140 1876 poneret,
1173 1800 1204 1857 in
1238 1797 1294 1856 hac

219 1886 346 1961 simplici
373 1885 490 1962 generis
517 1886 778 1959 comprehensione
800 1903 895 1942 novae
917 1885 1071 1942 divisionis
1098 1903 1189 1945 eausa
1216 1883 1295 1943 nllus

220 1981 297 2028 esset
319 1970 401 2028 locus
423 1970 548 2028 relativo
571 1970 732 2028 indefinito.
776 1971 840 2027 Nec
861 1971 955 2028 Acad.
978 1971 1003 2041 Ι,
1028 1971 1067 2027 36
1091 1979 1120 2028 et
1140 1971 1177 2028 at
1202 1968 1294 2027 dixit:

220 2075 402 2130 quaecumque
423 2067 511 2112 camni
532 2057 678 2112 secuudum
699 2066 826 2112 naturam
847 2066 913 2112 aut:
935 2058 984 2114 sed
1005 2075 1187 2131 quaecumque
1208 2064 1294 2112 essent

219 2143 372 2211 astruendae,
395 2142 445 2198 sed
470 2141 515 2198 bis
537 2160 615 2215 quae.

305 2245 394 2283 eorum
421 2230 448 2283 in
475 2229 538 2282 aliis
565 2229 632 2283 satis
654 2238 711 2283 esee
732 2227 842 2296 causae)
866 2226 970 2323 Itaque
993 2243 1051 2282 non
1075 2225 1189 2300 omnia,
1218 2241 1294 2299 qnae

219 2311 347 2386 aliquam
366 2311 485 2368 omnino
502 2303 589 2379 ἀξίαν
606 2311 754 2410 habebant
771 2311 817 2367 vel
841 2310 1001 2375 minimam,
1018 2302 1188 2384 προηγμένα
1199 2319 1293 2378 erent,

220 2406 280 2464 aut,
305 2414 379 2469 qnae
397 2386 572 2464 ἀπαξίανᾘ
554 2389 793 2472 αποπροηγμένα.
827 2395 938 2452 Eodem
957 2393 1095 2493 pertinet,
1117 2394 1196 2468 qnod
1209 2394 1291 2456 Sext.

220 2483 307 2556 E.mp
331 2472 499 2555 προηγμένα
522 2478 672 2554 appellata
694 2480 779 2551 dicit,
809 2499 885 2554 quae
915 2469 1015 2577 ἱκανὴν
1043 2469 1129 2547 ἄξιαν
1151 2479 1294 2538 haberent

219 2567 298 2641 (adv.
321 2563 463 2621 Mathem.
487 2563 543 2631 XI
566 2565 632 2637 62),
655 2574 685 2621 et
708 2564 853 2623 Stobaeus
875 2555 1045 2639 προηγμένα
1073 2562 1188 2628 definit,
1218 2584 1292 2640 qnae

219 2640 329 2724 πολλὴν
358 2640 443 2717 ἀξίαν
474 2649 614 2717 ΙιιιΙιοιιιιι,
649 2640 893 2724 ἀποπροηγμένα,
924 2666 999 2722 quae
1026 2637 1136 2722 πολλὴν
1164 2639 1293 2719 ἀπαξίαν

218 2741 260 2810 (p.
287 2736 345 2790 114
369 2744 398 2790 et
424 2735 504 2806 156).
539 2734 649 2790 Verum
673 2752 748 2808 quae
770 2752 828 2789 non
851 2742 962 2790 tantam
986 2732 1220 2790 aestimationem
1242 2744 1293 2791 eut

218 2819 536 2877 non·aestimationem
561 2821 605 2892 (nt
632 2819 688 2875 hoc
715 2818 835 2893 fingam)
857 2818 1020 2887 habebant,
1050 2825 1083 2873 ut
1109 2817 1139 2874 in
1168 2836 1292 2895 praepo·

218 2905 283 2962 sitis
305 2912 358 2960 aut
378 2904 496 2960 reiectis
518 2903 665 2960 numerari
688 2912 817 2979 possent
841 2921 942 2960 eorum
959 2901 1125 2960 aestimatio
1147 2912 1199 2960 aut
1222 2922 1292 2961 non·

219 2989 386 3047 aestimatio
408 2989 520 3045 nullum
549 3007 669 3063 prorsus
693 2997 869 3045 momentum
893 2987 1035 3056 iaciebat,
1065 2987 1293 3063 recidebantqne

218 3094 256 3132 ex
279 3074 505 3131 aestimabilium
529 3083 557 3129 et
580 3073 838 3130 inaestimabilium
855 3091 962 3149 genere
980 3073 1009 3128 in
1026 3089 1119 3147 genus
1140 3068 1200 3128 τῶν
1217 3074 1291 3129 καθ-

219 3147 300 3226 απαξ
323 3142 506 3231 ἀδιαφόρων
547 3157 652 3232 Itaque
675 3176 770 3232 neque
793 3157 899 3216 Cicero
921 3176 1016 3232 neque
1038 3156 1114 3214 alius
1136 3157 1291 3232 quisquam

218 3243 305 3298 huius
328 3240 436 3316 speciei
454 3242 695 3314 (aestimabitium
717 3260 771 3299 nec
793 3253 891 3299 tamen
915 3241 1148 3318 praepositorum
1172 3252 1202 3301 et
1224 3259 1291 3300 con-

218 3329 278 3401 tra)
295 3326 388 3383 nllum
411 3325 577 3400 exemplum
601 3327 684 3402 ponit
705 3336 756 3384 ant
777 3327 940 3402 appetitum
963 3345 1000 3384 eo
1015 3327 1193 3384 commoveri
1212 3327 1291 3398 dicta

219 3413 369 3512 Diogenes
402 3421 498 3467 eutem
532 3412 669 3469 Laertius
698 3413 789 3487 (vlt,
817 3413 889 3481 105)
918 3411 1091 3487 simpliciter
1123 3413 1223 3469 omnia
1254 3403 1293 3469 τὰ

219 3488 343 3565 οἷ’ξιαν
328 3513 433 3570 έχοντα
456 3494 527 3552 facit
548 3488 731 3571 προηγμένα,
760 3496 809 3571 qui
834 3497 884 3552 vix
912 3496 1170 3583 reprehensionem
1200 3515 1292 3555 mere·

219 3593 266 3637 tur
288 3580 491 3637 Ἰοιιιιοιιιιιιιιιί
514 3582 558 3638 1v
583 3601 611 3656 p
631 3582 669 3637 87
694 3593 768 3650 not,
803 3582 905 3638 saltem
940 3600 997 3638 non
1031 3559 1169 3650 eandem,
1204 3601 1292 3656 quarn

218 3665 407 3725 Ciceronis'
399 3684 428 3721 ιιι
452 3665 639 3722 Academicis
661 3684 751 3722 error.
797 3666 942 3724 Stobaeus
965 3684 1081 3740 qnoque
1104 3676 1188 3724 extra
1210 3667 1291 3724 ιἸΙιιιιι

218 3751 417 3808 definitionem
436 3751 492 3807 tria
503 3759 615 3807 tantum
632 3770 741 3826 genera
756 3751 827 3809 facit
840 3744 1032 3827 (προηγμιᾝνα
1053 3743 1293 3826 ἀποπροηγμένα,

118 3876 120 3881 -
219 3824 287 3891 οέπε
303 3828 472 3909 προηγμένα
489 3823 557 3891 οὔτε
574 3826 812 3912 ἀποπροηγμένα
836 3857 863 3911 p
880 3838 953 3908 146)
972 3835 1165 3908 similiterque
1183 3834 1293 3894 Sextus
1313 3885 1321 3893 .

218 3919 386 3995 Etnpiricns
409 3920 480 3992 (ΧΙ,
505 3918 569 3997 62).

303 4015 332 4061 ut
364 4008 390 4059 in
424 4011 576 4077 irateprrtate
602 4006 741 4080 serranum)
769 4005 876 4064 Gaius:
910 4007 1060 4062 valetudiue
1093 4014 1117 4060 et
1143 4007 1294 4077 intteptitate

217 4110 342 4146 sensuum
364 4089 479 4163 eSpir.,
503 4091 583 4156 Bas,
607 4089 687 4147 Gud.
702 4093 728 4159 l,
752 4092 995 4164 quemadmodum
1019 4098 1063 4146 est
1085 4090 1115 4146 in
1136 4089 1292 4146 eddlnnt.

217 4186 246 4231 et
269 4174 349 4233 Crat.
395 4175 440 4231 De
463 4174 613 4231 codicibus
643 4175 731 4232 miror
761 4177 789 4232 in
820 4184 900 4232 tanto
929 4195 1059 4233 meorum
1089 4183 1118 4231 et
1141 4174 1292 4232 Oxonien·

217 4261 291 4317 sium
315 4278 469 4316 consensu.
513 4256 608 4338 [But
631 4256 706 4339 art]
751 4261 981 4336 Distinguuntur
1010 4261 1082 4317 haec
1111 4259 1291 4328 etiam§56

217 4356 247 4401 et
269 4346 314 4412 ΙΙ,
340 4346 390 4402 34.
435 4345 584 4402 Valetudo
612 4345 649 4401 ad
678 4355 770 4402 totum
802 4363 907 4419 corpus
937 4345 1077 4419 pertinet,
1107 4344 1232 4401 alterum
1256 4342 1293 4400 ed
1326 4391 1331 4400 .

217 4440 332 4504 partes3
356 4430 448 4486 Acad.
471 4431 496 4500 Ι,
525 4431 572 4488 19.
