3030 5086
257 443 322 509 484
652 466 696 512 nu
719 465 850 513 remmus
874 467 946 512 non.

258 629 388 696 virtutes
411 633 475 712 apti
498 652 652 713 essemus,
680 652 762 715 quae
788 645 882 700 notae
903 634 1104 716 illustresque
1125 647 1215 716 suut,
1244 636 1337 702 iusti·

258 733 332 798 tiam
361 733 444 811 dice,
478 735 730 815 temperantiam,
765 744 887 802 ceteras
920 737 1044 817 generis
1072 737 1210 801 eiusdem
1239 741 1337 820 (quae

258 852 363 899 ornnes
386 834 501 900 similes
524 836 638 901 artium
657 837 847 919 reliquarum
864 838 996 903 materia
1018 844 1140 902 tantum
1162 839 1204 903 ad
1227 837 1337 904 melio·

326 1025 348 1072 2.
368 1030 504 1086 ceteraeque
523 1021 613 1073 LPCR

256 1177 366 1251 aliquid
403 1177 457 1233 hoe
490 1178 555 1233 loco
589 1179 776 1235 obversatum
810 1179 908 1235 animo
942 1177 1095 1237 Ciceronis
1128 1197 1201 1237 esse.
1255 1179 1334 1237 Nem

256 1262 396 1319 scientiae
419 1262 625 1337 cupiditatem,
656 1283 732 1338 quae
755 1282 772 1319 a
794 1264 951 1339 prudentia
978 1282 1036 1321 non
1059 1262 1147 1320 facile
1170 1275 1335 1340 separatur,

256 1358 359 1423 postea
387 1360 596 1405 commemorat
630 1360 659 1405 et
688 1350 725 1405 ab
755 1349 799 1404 tris
827 1349 986 1406 virtutibus
1015 1349 1175 1406 seiunctam
1206 1350 1334 1423 quodem

257 1432 343 1489 modo
367 1432 395 1489 in
419 1434 512 1489 altera
531 1432 613 1507 part'e
631 1434 729 1509 ponit;
753 1433 887 1507 idemque
905 1432 977 1490 facit
994 1438 1008 1502 §
1026 1435 1071 1502 18,
1095 1444 1136 1503 ut,
1159 1432 1334 1491 fortitudine

256 1526 342 1574 antea
366 1519 432 1588 (17)
455 1518 633 1588 significata,
663 1528 810 1592 tamquam
835 1527 919 1575 extra
942 1526 1072 1584 coetum,
1103 1537 1218 1575 omnem
1242 1519 1336 1576 hone·

255 1614 371 1672 etatem,
395 1621 470 1676 quae
488 1620 503 1659 e
522 1603 674 1679 principiis
692 1615 814 1660 naturae
832 1603 964 1673 ducatur,
985 1603 1120 1660 absolvat
1137 1604 1244 1677 partim
1263 1622 1335 1661 cou-

256 1687 446 1762 templatione
470 1706 566 1744 rermn
590 1689 769 1745 occultarum
794 1696 821 1744 et
840 1688 1002 1744 disserendi
1021 1688 1190 1762 eupiditate,
1213 1689 1334 1763 partiar,

255 1783 286 1828 nt
300 1771 356 1835 hic,
376 1772 488 1828 iustitia
499 1783 528 1827 et
543 1773 748 1846 temperantia.
775 1773 965 1846 Perspicuum
980 1772 1049 1828 rniiti
1064 1774 1189 1841 ridetur,
1208 1783 1334 1847 utroque

255 1858 320 1915 loeo
343 1857 515 1914 Aristotelis
538 1868 567 1913 et
588 1857 852 1932 Peripateticorum
877 1857 1050 1914 divisionem
1073 1855 1126 1932 τῆς
1148 1854 1335 1931 διανοητικῆς

255 1929 303 1999 καὶ
326 1938 378 2016 τῆς
402 1933 505 2015 ἠθικῆς
528 1933 635 2017 ἀρετῆς
657 1943 835 2018 significari,
858 1942 894 1998 de
917 1960 976 2016 que
998 1941 1045 1998 hic
1068 1941 1218 1999 sanserit
1241 1960 1334 2016 egen·

255 2036 313 2083 tem
337 2025 553 2082 demonstrasse
578 2027 722 2084 Ritterum
745 2028 774 2083 in
799 2026 877 2084 Hist.
903 2027 1013 2083 Philus.
1037 2026 1084 2082 111
1108 2046 1135 2101 p.
1157 2026 1217 2082 302
1236 2035 1334 2100 sq.·et

255 2110 290 2166 de
320 2110 527 2185 Peripateticis
556 2122 621 2186 post
645 2111 836 2170 Aristotelem
861 2110 1019 2170 Stobaeam
1046 2111 1107 2167 Ecl.
1132 2110 1200 2168 Eth.
1222 2129 1251 2186 p.
1270 2111 1332 2167 246

254 2206 284 2253 et
304 2196 374 2252 tet.
419 2193 506 2268 Quod
528 2207 625 2254 autem
649 2197 768 2254 virtutis
791 2197 904 2252 ethicae
927 2195 1000 2252 duas
1023 2196 1196 2271 praecipuas
1218 2195 1333 2270 species

254 2281 352 2357 penit,
376 2299 439 2336 eam
464 2280 527 2337 eius
550 2281 739 2350 divisionem,
762 2300 956 2355 quatrionem,
980 2282 1030 2354 qui
1054 2281 1169 2338 Graece
1192 2298 1256 2337 eam
1280 2299 1333 2337 cx·

255 2365 400 2439 posuerit,
430 2383 486 2420 non
511 2365 604 2424 habeo
627 2367 793 2425 nominare,
822 2365 959 2421 usitatam
984 2376 1080 2421 tamen
1103 2364 1209 2434 faisse,
1238 2365 1333 2421 mani·

254 2448 362 2506 festum
391 2458 435 2505 est
458 2468 495 2505 ex
518 2450 550 2506 11
574 2449 631 2508 Off.
659 2453 709 2511 18.
740 2451 790 2505 ubi
819 2449 914 2506 omnis
936 2449 1030 2506 virtus
1053 2450 1160 2507 dicitur
1181 2449 1257 2506 verti
1280 2460 1333 2506 aut

253 2535 282 2591 in
306 2534 511 2608 perspiciendo
534 2520 727 2610 (διανοητική)
750 2544 801 2591 aut
831 2535 859 2590 in
889 2535 978 2591 animi
1009 2535 1136 2591 motibus
1158 2534 1332 2592 cohibendis

253 2622 340 2694 (eptae
365 2619 558 2694 temperantia
581 2630 639 2685 est,
668 2619 762 2675 altera
789 2637 858 2694 pars
884 2616 936 2692 τῆς
959 2608 1063 2692 ἠθικῆς
1085 2609 1203 2692 ἀρετῆς)
1226 2631 1277 2676 aut
1300 2619 1329 2675 in

252 2703 421 2759 huminibus
444 2703 593 2759 moderate
616 2704 733 2759 utendis
756 2704 896 2774 (iustitia.
920 2703 1014 2758 altera
1037 2720 1105 2776 pars
1127 2699 1179 2776 τῆς
1204 2693 1330 2777 ἠθικῆς).

253 2788 456 2846 Obscuraruut
480 2807 545 2844 eum
569 2788 664 2844 locum
683 2788 863 2861 (doeringius
883 2800 911 2842 et
930 2787 1061 2856 Beierus,
1084 2787 1152 2842 dam
1176 2787 1212 2842 ad
1236 2787 1332 2861 ipsius

252 2873 424 2930 Aristotelis
436 2872 560 2928 sormam
573 2874 795 2929 accommodare
807 2874 934 2940 student,
953 2871 1003 2945 qui
1021 2872 1102 2928 nulla
1119 2883 1199 2927 certa
1215 2871 1331 2929 ethicae

252 2957 369 3014 virtutis
393 2957 550 3032 partitione
574 2958 682 3026 utitur;
711 2958 802 3032 magis
826 2969 923 3014 tamen
947 2960 1064 3012 aberrat
1087 2955 1276 3013 Petersenius
1299 2957 1329 3013 in

254 3042 426 3116 Philosoph.
450 3043 607 3117 Chrysipp.
631 3043 774 3099 Fundam.
798 3062 825 3116 p.
845 3043 922 3109 ⁸260,
952 3060 1078 3115 negans,
1107 3040 1159 3097 illo
1182 3041 1247 3097 loco
1271 3040 1330 3098 rir-

252 3127 323 3184 tutis
347 3127 520 3183 divisionem
546 3127 630 3184 tradi.
666 3127 776 3184 Eodem
800 3139 943 3201 spectant,
966 3144 1042 3200 qnae
1066 3126 1094 3181 in
1113 3125 1330 3183 Partitionibus

252 3210 347 3269 Oratt.
372 3216 385 3280 ξ
411 3213 449 3268 76
465 3212 535 3268 --78
566 3211 735 3280 traduntur,
770 3212 824 3267 etsi
856 3211 895 3267 ibi
924 3211 1022 3268 minue
1050 3221 1186 3265 accurate
1216 3218 1329 3285 tempe·

251 3295 365 3352 raetiae
394 3296 510 3352 nontine
539 3297 634 3353 artinis
658 3297 750 3353 virtus
773 3296 870 3353 ethica
892 3297 979 3370 (quae
1002 3298 1028 3352 in
1050 3296 1154 3367 aperitio
1175 3295 1226 3368 est)
1249 3312 1329 3352 corn-

251 3380 456 3456 prehenditur,
486 3381 630 3455 huiusque
658 3382 752 3437 altera
780 3381 893 3455 species
920 3380 1055 3455 ponitur,
1084 3397 1160 3453 quae
1187 3378 1225 3435 ad
1252 3379 1329 3438 alios

252 3465 396 3540 pertineat
415 3476 443 3520 et
462 3465 489 3521 in
508 3466 712 3522 commuuione
729 3478 869 3523 versetur.
888 3464 1009 3522 iustitia.
1045 3463 1222 3521 Huiusmodi
1238 3464 1330 3540 igitur

152 3581 156 3589 ‹
251 3549 424 3606 divisionem
455 3551 510 3605 hoc
533 3550 597 3606 loeo
620 3551 771 3608 Ciceronis
801 3551 899 3606 aniate
928 3551 1112 3606 obversatam
1143 3567 1207 3605 esse
1229 3550 1329 3611 credo.

250 3635 301 3708 qni
324 3644 426 3691 eeteros
448 3637 563 3692 citantem
584 3639 689 3707 pencris
716 3654 774 3691 non
797 3635 871 3691 alies
894 3635 1062 3709 primarias.
1091 3633 1142 3689 sed
1171 3643 1271 3707 partes
1299 3645 1330 3692 et

251 3719 364 3794 speeies
387 3720 433 3776 his
456 3720 618 3787 subiectas,
648 3721 727 3777 velut
751 3720 944 3794 aequitatem,
974 3719 1212 3785 beneficentiam,
1243 3719 1328 3782 alies,

251 3804 408 3869 intellexit.
432 3805 677 3879 queamdmodum
702 3806 738 3867 V,
763 3805 812 3873 36,
836 3804 994 3860 continetis
1017 3812 1156 3877 quattuor
1178 3802 1329 3877 primariis

184 3888 194 3903 '
251 3889 419 3957 virtutibus,
444 3908 519 3963 qtrae
542 3908 657 3946 onmem
676 3889 794 3946 virtutis
811 3889 870 3946 vim
894 3889 1054 3957 continent,
1078 3898 1175 3944 tamen
1199 3887 1329 3945 addidit:

250 3983 275 4030 et
296 3977 416 4048 reir'prms
438 3976 554 4031 eiusdem
575 3978 688 4048 perieris.
731 3974 774 4031 Ea
796 3985 903 4033 autem.
927 3993 1001 4049 quae
1025 3981 1092 4049 post
1114 3973 1254 4030 scientiae
1277 3990 1328 4031 cu·

251 4058 403 4132 piditatem
432 4070 595 4133 sequantur
622 4060 658 4116 de
686 4060 895 4116 communitate
916 4059 1033 4135 generis
1056 4056 1189 4123 humani,
1218 4058 1329 4115 cadunt

251 4143 305 4199 aab
327 4143 457 4201 iustitiae
474 4144 633 4212 notionem,
656 4144 707 4201 sed
725 4144 896 4202 aCicerone
914 4162 1045 4200 seorsum
1064 4150 1224 4217 ponuntur,
1247 4143 1328 4217 quod

250 4228 438 4295 meminerat,
466 4229 562 4285 locum
586 4229 622 4286 de
644 4230 731 4287 rebus
754 4229 879 4305 publicis
908 4229 1026 4303 copiose
1053 4246 1071 4283 a
1094 4227 1244 4284 veteribus
1266 4227 1328 4285 illis

250 4321 461 4389 pertractatum
484 4331 557 4370 esee.

336 4415 406 4472 quoe
432 4416 521 4456 omnes
547 4400 646 4456 amites
673 4401 773 4457 ortium
799 4401 965 4475 reliquorum
993 4394 1066 4471 cet.)
1095 4395 1327 4456 similitudinem
