3030 5086
662 405 859 453 Paternum.
1211 388 1300 454 XXV

217 560 300 654 erat,
318 575 381 640 orti
391 582 473 641 sunt
505 573 677 640 Declaraut
688 575 748 640 hoc
763 575 897 655 primum
913 574 1113 657 apertissime
1129 582 1161 640 et
1176 593 1300 641 omnem

218 683 359 765 negandi
386 683 589 750 dubitandive
617 685 739 765 copiam
767 683 934 749 excludunt
962 701 1140 748 communes
1163 683 1300 746 omnium

220 791 363 856 codicum
384 790 516 856 lacunae
537 797 569 856 et
590 791 758 856 verborum
779 790 978 870 omissiones,
1005 790 1141 855 maxima
1166 790 1199 854 in
1220 789 1300 855 libro

221 899 246 977 1,
266 900 323 975 ⁴22,
346 897 403 964 sed
425 918 487 964 non
509 899 612 965 minus
634 906 765 980 apertae
786 899 881 978 aliae,
902 906 939 964 ut
959 898 1009 964 lib.
1031 898 1056 977 Ι,
1080 899 1122 962 10
1143 895 1245 978 (suos)
1268 903 1300 963 et

220 1007 266 1071 50
288 1006 344 1088 (sic
366 1005 402 1044 **
423 1005 522 1089 mous)
545 1013 576 1073 et
597 1008 639 1086 11,
657 1009 697 1072 21
722 1004 812 1088 (mou
832 1005 1008 1070 haberemus
1029 1003 1066 1044 ¹¹³*
1088 1006 1170 1086 oum)
1192 1005 1239 1088 [et
1259 1005 1299 1083 Π,

221 1112 296 1196 97],
325 1114 439 1181 deinde
465 1115 617 1180 eiusmodi
644 1116 757 1181 menda
783 1114 940 1196 permulta
966 1131 1025 1194 per
1046 1130 1154 1178 omnes
1177 1112 1300 1177 codices

220 1229 413 1302 pervagata,
442 1240 524 1304 quae
551 1240 627 1288 essu
648 1223 679 1287 in
702 1221 844 1287 omnibus
872 1229 944 1288 orta
971 1237 1131 1287 essenon
1157 1225 1301 1302 possunt,

220 1338 259 1394 ut
281 1331 368 1411 (uam
390 1348 493 1412 panca
514 1330 657 1411 exempla
679 1330 793 1412 eligere
820 1330 899 1395 satis
920 1330 982 1409 est)
1005 1329 1034 1408 1,
1056 1329 1099 1393 34
1120 1326 1300 1407 composti,

220 1437 269 1516 11,
293 1439 335 1503 24
363 1437 398 1502 iu
430 1457 491 1521 quo
523 1437 641 1520 oopnita
674 1443 706 1503 et
738 1439 779 1502 32
811 1436 909 1500 animi
937 1424 1066 1513 statum}
1105 1436 1301 1517 maximeque

220 1543 300 1610 illud
322 1552 454 1627 propter
476 1545 677 1628 exiguitatem
698 1545 844 1623 notabile
866 1543 1017 1633 quodIL
1039 1543 1082 1608 64
1103 1543 1135 1607 in
1157 1542 1300 1607 omnibus

220 1653 341 1717 nostris
363 1652 521 1718 codicibus
541 1652 669 1734 legitur,
692 1653 808 1718 omissa
828 1651 955 1716 lineola:
976 1650 1105 1714 habeba
1125 1654 1227 1713 tomen
1247 1669 1300 1713 ru·

222 1758 312 1838 done,
335 1766 411 1839 tum,
433 1778 515 1842 quae
536 1759 630 1826 Nonii
651 1760 839 1825 auctoritate
860 1765 1002 1825 correcta
1022 1766 1106 1837 sunt,
1126 1758 1167 1835 11,
1184 1759 1225 1822 78
1247 1756 1302 1822 sub

222 1865 318 1930 dubio
339 1885 398 1949 pro
421 1866 578 1945 subducta,
601 1868 638 1947 V,
650 1869 689 1934 31
707 1866 830 1950 sumptis
845 1885 904 1948 pro
920 1885 1063 1949 sonuum,
1086 1866 1123 1945 V,
1135 1868 1178 1931 42
1195 1884 1302 1947 vespas

222 1993 283 2056 pro
300 1995 405 2055 nepos,
428 1975 465 2050 V,
478 1975 519 2041 58
536 1975 688 2039 mammas
703 1993 762 2057 pro
779 1975 966 2056 renouata)
1011 1973 1174 2040 Postremo
1191 1976 1302 2039 eadem

222 2102 349 2165 quoque
371 2083 643 2164 interpretantium
665 2083 880 2149 additamenta
900 2101 1009 2148 omnes
1032 2091 1158 2148 nostros
1180 2083 1302 2148 codices

222 2190 384 2269 obsident,
414 2191 499 2256 velut
520 2193 558 2270 V,
581 2191 623 2257 64
645 2188 790 2268 meretis
816 2196 849 2256 et
868 2190 944 2255 iilud
972 2190 1107 2272 plurium
1134 2190 1302 2255 verborum

220 2315 287 2364 uon
315 2298 417 2363 minus
445 2296 657 2377 manifestum,
684 2299 769 2380 quod
797 2316 815 2363 e
837 2297 874 2377 V,
897 2299 935 2363 21
960 2297 1118 2363 sublatum
1140 2304 1197 2364 est.
1233 2297 1302 2381 [1v,

222 2405 291 2489 63]
336 2406 447 2487 Itaque
468 2406 528 2471 hoc
549 2406 684 2488 primum
706 2411 848 2487 apparet
870 2424 992 2472 omnem
1014 2411 1193 2471 nostrorum
1216 2406 1301 2471 codi-

223 2532 296 2579 cum
317 2513 613 2595 peruestigationem
642 2532 679 2579 eo
707 2513 833 2593 referri,
864 2521 900 2579 ut
926 2513 1056 2593 sciatur,
1089 2513 1164 2595 quid
1190 2513 1222 2577 in
1249 2512 1301 2577 illo

224 2621 333 2686 codice
353 2621 524 2704 archetypo
546 2620 642 2687 fuerit
663 2622 722 2703 (sic
749 2623 830 2687 enim
858 2621 1021 2688 brevitatis
1048 2639 1144 2687 causa
1165 2620 1302 2703 appelle-

225 2731 320 2812 mus),
343 2747 400 2795 uec
421 2747 516 2812 posse
537 2729 639 2811 ipsam
661 2729 782 2810 longius
803 2730 960 2812 progredi.
1098 2723 1104 2738 '

312 2836 375 2903 Sed
395 2836 456 2902 hos
477 2836 600 2903 codices
628 2836 717 2918 ipsos
745 2856 764 2902 a
791 2837 914 2902 duobus
942 2854 980 2901 er
1007 2836 1059 2900 illo
1087 2835 1189 2916 primo
1217 2835 1302 2900 deri·

225 2944 308 3010 vatis
331 2944 488 3010 diuersam
510 2950 542 3010 et
563 2944 718 3025 duplicem
740 2944 870 3026 stirpem
892 2944 1015 3022 ducere,
1037 2961 1099 3007 non
1122 2961 1141 3007 a
1160 2943 1303 3025 pluribus

225 3070 264 3117 ex
281 3052 333 3116 illo
352 3051 430 3117 ortis
448 3051 646 3117 multifariam
665 3051 833 3132 dispertiri,
850 3050 986 3116 ostendit
1001 3057 1173 3133 perpetuus
1190 3070 1303 3116 eorun-

225 3160 298 3224 dem
327 3159 467 3224 codieum
493 3159 526 3223 in
554 3159 592 3223 iis
619 3158 711 3239 loeis,
744 3159 797 3224 ubi
829 3159 974 3224 notabilis
1008 3158 1220 3240 discrepantia
1247 3165 1304 3236 est

225 3284 408 3331 consensus.
452 3266 555 3347 Atque
576 3265 604 3330 is
626 3284 796 3331 consensus
819 3266 970 3330 eiusmodi
992 3278 1053 3344 est,
1081 3272 1130 3344 ut,
1159 3265 1212 3346 qui
1234 3265 1304 3330 dili·

226 3375 351 3455 gentius
372 3372 467 3455 paulo
489 3375 646 3453 attendat,
668 3372 760 3439 facile
782 3374 901 3453 videet,
924 3375 954 3437 in
977 3374 1085 3438 alteris
1107 3390 1208 3454 prope
1229 3391 1304 3437 eon-

227 3489 350 3546 stamer
371 3500 409 3545 ea
431 3499 514 3560 esse,
537 3501 618 3563 quae
640 3502 658 3547 e
680 3483 906 3547 contrariorum
930 3481 1086 3562 scriptura
1107 3499 1208 3561 neque
1231 3498 1305 3545 casu

228 3607 329 3669 neque
350 3590 500 3654 mutando
528 3599 599 3655 orta
621 3608 691 3655 esse
712 3588 849 3671 possint,
879 3588 910 3652 in
939 3589 987 3653 his
1015 3595 1122 3654 autern
1144 3607 1197 3667 ea,
1225 3606 1305 3669 quae

255 3768 279 3826 ¹)
298 3766 396 3816 Nonius
415 3779 503 3818 veram
522 3772 676 3832 scripturum
699 3767 770 3816 dedit
788 3769 865 3816 etiam
884 3765 918 3824 ΙΙ,
936 3766 964 3826 8,
984 3767 1028 3816 ubi
1047 3766 1127 3817 codex
1146 3766 1202 3825 ilie,
1222 3779 1236 3816 e
1254 3778 1305 3829 quo

300 3853 381 3901 nostrl
400 3855 538 3912 ordeum,
559 3866 609 3902 uua
628 3851 713 3902 littera
732 3852 874 3908 oberrabat,
894 3855 920 3901 in
940 3852 1110 3902 deterioribus
1126 3852 1229 3914 lougius
1245 3864 1305 3914 pro·

299 3949 403 3985 cessum
426 3943 474 3987 est.
511 3938 594 3987 Etiam
613 3936 652 3994 ΙΙΙ,
671 3936 705 3989 60
726 3936 870 3986 consuebat
895 3938 920 4005 in
945 3940 1034 4000 paucis
1058 3936 1131 3986 codd.
1156 3938 1306 3985 coniectura

300 4024 448 4071 restitutum
468 4022 576 4072 ridetur.
614 4022 711 4072 Contra
735 4021 828 4071 menda
848 4028 921 4071 erant
946 4024 971 4070 Ιιι
992 4021 1066 4070 Nonii
1086 4020 1187 4076 codiee,
1211 4021 1306 4082 quibus

301 4109 382 4155 nostri
401 4113 497 4166 errent,
517 4107 599 4166 iV,50
613 4113 639 4158 et
651 4105 696 4166 683
717 4121 777 4157 uam
797 4106 825 4165 ΙΙ,
843 4105 875 4159 91
891 4112 916 4155 et
930 4106 957 4164 V,
972 4105 989 4158 3
1007 4106 1112 4162 librarii.
1132 4109 1175 4168 qui
1194 4107 1306 4155 Nonium

302 4191 502 4255 descripserunt.
521 4195 637 4242 accusari
657 4197 773 4256 possunt.
803 4192 899 4242 Eodem
915 4191 991 4240 modo
1011 4196 1150 4253 utrumque
1169 4189 1306 4253 exemplar,

302 4283 327 4326 et
345 4277 418 4327 Nouii
438 4284 463 4326 et
482 4277 519 4335 td,
543 4289 625 4339 equo
646 4284 733 4327 nostre
753 4283 806 4326 orto
825 4283 898 4335 sunt,
918 4276 1086 4338 deprevatum
1106 4277 1199 4334 tuisse,
1218 4279 1307 4323 osten·

302 4361 361 4411 dere
380 4366 490 4411 conatus
508 4374 566 4412 sum
586 4361 604 4419 1,
622 4362 654 4414 sl
674 4367 699 4412 et
718 4363 745 4420 V,
763 4361 805 4413 86.
