3030 5086
266 482 330 546 ‘290
658 497 703 543 nu
726 496 856 543 emaus
878 496 949 541 aon.

266 667 357 732 beate
369 667 536 730 vivendum
554 665 671 745 aliquid
688 664 810 742 afferre,
828 682 883 727 nec
899 663 1049 727 minorem
1061 662 1252 744 voluptatem
1269 680 1345 743 per-

267 768 327 848 cipi
361 768 392 830 in
420 767 572 830 brevitate
600 766 763 846 temporis,
798 784 890 845 quant
925 765 950 828 si
983 764 1036 828 illa
1070 766 1110 828 sit
1142 764 1343 844 sempiterna.

268 870 317 933 88.
348 869 433 932 Haec
461 868 605 931 (licuntur
631 866 925 931 inconstantissime.
976 865 1052 930 Cum
1081 866 1161 930 enirn
1189 883 1343 929 summurn

267 971 382 1034 bonum
411 969 439 1031 in
464 968 625 1048 voluptate
652 975 763 1050 ponat,
792 975 886 1049 negat
914 966 1033 1031 infinito
1062 975 1202 1047 ternpore
1229 966 1347 1031 aetatis

228 1071 458 1151 bvoluptatem
486 1068 555 1134 fieri
583 1072 730 1134 maiorem
759 1088 852 1150 qnam
881 1068 968 1132 finito
991 1077 1085 1150 atque
1108 1069 1236 1133 rnodico.
1284 1067 1344 1147 Qui

268 1174 381 1237 bonurn
404 1190 495 1236 omne
517 1172 549 1234 in
572 1171 688 1235 virtute
710 1172 808 1251 ponit,
830 1171 857 1234 is
880 1178 984 1250 potest
1004 1170 1117 1247 dicere,
1140 1168 1247 1250 perfici
1269 1169 1344 1234 bea-

267 1282 331 1337 tam
364 1274 460 1337 vitain
493 1272 682 1353 perfectione
710 1272 848 1350 virtutis3
882 1279 978 1353 negat
1004 1273 1084 1336 enirn
1114 1290 1233 1335 surnmo
1261 1269 1346 1334 bono

337 1482 360 1525 3.
379 1494 421 1526 nee
439 1472 584 1526 dicunturE
620 1482 642 1522 5.
653 1475 744 1539 fiar‘E
781 1479 803 1527 6.
820 1475 960 1539 perrpier'E
991 1475 1069 1524 dicere
1093 1477 1185 1524 beatum
1202 1474 1345 1539 perjectione

271 1545 337 1610 effici
352 1545 424 1594 uitam
445 1548 505 1608 (om.
525 1545 643 1608 virtutia?)
662 1544 682 1591 L
720 1546 741 1592 7.
762 1544 785 1592 ia
802 1560 889 1592 sumina
908 1544 959 1594 Mc

270 1717 372 1794 signiri
391 1717 591 1773 diuturnitatis
606 1735 710 1773 nomen
724 1735 782 1773 non
794 1725 924 1792 poterat3
943 1718 1042 1791 itaque
1054 1716 1156 1773 Lamb.
1169 1715 1344 1790 particulam

269 1802 349 1858 illam
368 1803 476 1860 omisit.
512 1801 605 1860 Gzius
623 1820 659 1857 ex
672 1802 745 1862 Eri..
764 1802 841 1876 Spir.
861 1799 925 1881 [13],
945 1803 1020 1871 Bas,
1041 1800 1148 1858 Gud.i
1169 1799 1282 1857 addidit
1299 1819 1346 1855 nec

270 1887 369 1958 (rnodo
381 1906 417 1943 ne
430 1887 459 1942 in
472 1888 518 1943 his
531 1887 644 1943 duobus
657 1886 757 1943 itidem
771 1889 923 1957 erraverit,
938 1897 970 1942 ut
982 1887 1017 1942 de
1029 1887 1073 1942 ed.
1087 1885 1180 1956 Crat,
1194 1904 1280 1959 qnam
1294 1903 1346 1959 ap·

270 1972 376 2047 pellat;
400 1972 450 2028 sed
468 1972 582 2028 accedit
598 1971 634 2027 ad
653 1971 720 2028 illos
738 1970 795 2030 Ox.
815 1972 867 2044 Ε);
888 1990 989 2028 verum
1007 1990 1043 2026 ne
1063 1970 1237 2044 sicquidem
1256 1988 1346 2026 causa

269 2057 330 2112 ulla
348 2057 525 2131 perspicitur
542 2057 704 2131 particulae
723 2058 829 2130 quidem
846 2057 894 2112 hic
911 2056 1034 2130 positae,
1053 2074 1086 2111 ac
1104 2056 1202 2131 potius
1219 2053 1316 2111 manif
1333 2086 1343 2096 ·

270 2142 343 2198 stins
355 2142 509 2209 nividuno
522 2141 620 2197 nullus
632 2141 708 2197 enirn
719 2143 881 2216 reperietur
892 2141 984 2211 locus,
997 2141 1025 2197 in
1039 2160 1097 2214 qno
1109 2140 1201 2215 priori
1214 2139 1346 2195 membro

270 2226 459 2283 diiunctionis
471 2227 626 2301 negativae
639 2226 769 2282 additum
783 2226 821 2282 sit
833 2229 948 2300 quidem.
982 2227 1029 2283 Ac
1041 2235 1194 2301 praeterea
1208 2225 1287 2281 aliud
1300 2233 1346 2281 est

270 2311 373 2367 ritiurn
393 2312 550 2380 orationis;
569 2312 617 2384 qui
636 2312 713 2367 enim
732 2311 773 2367 sic
791 2311 935 2384 loquitur:
953 2331 1016 2384 nepo
1033 2330 1079 2367 nec
1098 2343 1134 2352 -
1155 2329 1210 2380 nee,
1229 2311 1254 2366 is
1272 2309 1345 2365 duas

269 2414 317 2453 res
334 2397 472 2469 aequales
490 2397 647 2471 diligenter
664 2396 789 2471 diiungit
806 2397 955 2472 negando;
978 2396 1025 2452 hic
1047 2414 1105 2452 una
1123 2406 1168 2451 est
1184 2394 1346 2463 sententia3

270 2499 305 2537 ea
328 2481 452 2555 primurn
477 2482 519 2537 sic
542 2481 653 2555 posita:
680 2482 747 2536 nilu'l
773 2483 811 2537 od
839 2483 911 2538 beate
932 2484 1072 2537 aiuemlum
1094 2482 1259 2537 diuturnitas
1282 2490 1345 2534 tem·

265 2569 343 2640 poris
371 2569 462 2639 affert,
491 2566 688 2640 amplificatur
715 2565 770 2621 hac
793 2566 1004 2641 explicatione:
1038 2585 1084 2623 nec
1111 2569 1196 2621 minor
1223 2566 1346 2640 voluptas

266 2653 417 2725 percipitur
439 2663 494 2708 cet.
530 2652 612 2706 Hace
635 2650 795 2707 istomodo
813 2652 935 2708 distrahi
954 2670 1011 2707 non
1030 2660 1166 2726 possunt3
1190 2649 1254 2721 (eir.
1266 2650 1291 2719 Ι,
1306 2649 1346 2705 63

271 2745 300 2791 et
328 2736 393 2809 ipsa
420 2736 539 2809 Epicuri
564 2736 667 2805 rerba,
702 2754 777 2809 quae
808 2737 848 2793 ibi
877 2737 982 2811 posui).
1026 2737 1130 2810 Itaque
1160 2736 1188 2792 in
1218 2743 1345 2791 mentam

271 2820 360 2890 venit,
384 2821 569 2876 scribendum
593 2820 719 2877 sortasse
742 2840 820 2878 essa:
843 2833 921 2895 neunt
938 2823 1077 2896 Epicurus
1096 2841 1128 2877 ue
1146 2823 1346 2877 diuturnitatem

271 2907 376 2979 quidem
389 2914 455 2974 oet,
475 2916 507 2961 ut
520 2906 587 2962 huic
599 2906 723 2962 alterurn
736 2906 808 2963 illud
821 2908 1006 2981 adiungatur,
1023 2907 1233 2982 particularum
1247 2916 1345 2962 autem

203 2990 205 2995 '
271 2990 446 3066 significatio
470 3010 504 3046 eo
527 2991 687 3065 pertineat.
717 2992 793 3064 quod
818 2992 962 3065 Epicurus
985 3000 1138 3066 praeterea
1160 2999 1270 3048 motum
1295 3008 1346 3046 vo·

272 3075 393 3149 luptatis
416 3085 445 3130 et
468 3077 640 3132 varietatem
669 3095 726 3132 non
750 3074 905 3133 desideret
949 3078 1116 3133 Pronomen
1140 3078 1246 3150 aliquid
1267 3075 1345 3151 posi·

272 3169 332 3215 turn
358 3161 386 3215 in
410 3162 556 3216 sententia
577 3161 755 3236 generaliter
777 3171 902 3236 negante
931 3158 997 3240 [pro
1027 3180 1085 3235 qno
1111 3162 1141 3217 in
1170 3161 1232 3217 cod.
1255 3161 1346 3216 inter·

271 3244 455 3319 polatissimo
478 3245 671 3321 Glogaviensi
695 3246 833 3302 scribitur·
855 3242 1018 3325 quidquam]
1040 3264 1098 3301 uno
1127 3254 1156 3301 et
1178 3246 1272 3300 altero
1295 3262 1346 3301 ex·

272 3330 369 3403 emplo
389 3329 556 3387 defenditur
573 3332 741 3402 (obscurato
764 3333 936 3406 pronomine
959 3341 987 3386 et
1010 3350 1075 3387 curn
1093 3331 1184 3387 verbo
1202 3348 1294 3405 prope
1317 3330 1346 3386 in

272 3432 359 3469 unam
383 3415 531 3471 notionem
556 3417 709 3488 conflato),
738 3416 819 3473 velut
846 3436 900 3491 pro
923 3416 986 3473 Mil<
1013 3417 1067 3472 88:
1096 3416 1139 3472 Ne
1167 3435 1226 3471 cunt
1248 3416 1349 3471 solebat

273 3500 378 3572 qrddenr
402 3502 432 3555 id
446 3502 554 3572 fucere,
583 3505 610 3556 in
632 3504 742 3575 priuato
769 3504 856 3557 eodem
881 3503 928 3557 lior
950 3503 1055 3575 uiiqru'd
1072 3503 1236 3575 profecerat.
1282 3498 1347 3577 [Ad

272 3586 337 3641 Ate.
362 3585 402 3651 X,
426 3586 455 3653 4,
480 3586 513 3640 2:
536 3605 582 3642 nee
604 3589 712 3642 remittit
733 3588 846 3660 oli'puid.
883 3586 969 3643 Edidi
993 3605 1070 3642 nunc
1092 3607 1123 3642 ne
1145 3588 1348 3642 diuturnitatem

272 3671 388 3742 paridem.
434 3669 459 3724 B
481 3689 597 3743 qnoque
620 3670 820 3748 diuturnitate]

359 3754 407 3808 88.
433 3755 512 3825 finito
534 3767 615 3829 utque
637 3755 751 3828 modico)
773 3746 944 3828 Ὠρισμένον
966 3756 1113 3830 Epicurus
1136 3755 1260 3811 dicebat.
1306 3755 1348 3810 tle

272 3840 374 3893 maduo
398 3838 474 3911 Spin.
498 3836 570 3918 [non
594 3837 633 3918 B]
656 3851 685 3895 et
707 3840 786 3897 Gud.
813 3845 839 3897 l.

353 3925 450 3997 pertici
470 3925 574 3981 beatum
596 3930 676 3981 citum
695 3927 858 3999 perfectione
874 3924 992 3997 virtutis)
1011 3925 1076 3981 Hoc
1093 3934 1146 3988 est,
1171 3943 1236 3980 cum
1254 3925 1348 3979 virtus

272 4009 403 4082 perlecta
426 4008 472 4065 sit.
496 4011 595 4067 statim
619 4010 778 4084 perfectam
802 4027 865 4064 esse
889 4009 1003 4065 beatam
1023 4011 1113 4066 vitam
1137 4028 1189 4065 nee
1208 4009 1349 4083 temporis

272 4093 368 4165 spatio
392 4112 486 4167 egere.
521 4095 579 4152 Sed
598 4095 685 4168 paulo
704 4095 822 4150 brevius
840 4098 944 4150 virtutis
963 4098 1149 4168 prery‘ectionenn
1174 4094 1258 4163 dixit,
1282 4112 1346 4149 cunr

272 4177 390 4251 proprie
409 4178 573 4235 Stoicorum
598 4179 742 4235 sententia
760 4179 853 4235 virtus
870 4199 927 4235 non
947 4180 1123 4255 perficiatur.
1147 4180 1255 4254 quippe
1272 4197 1349 4253 quae

271 4261 379 4335 gradus
402 4281 459 4317 non
484 4265 605 4334 habeat,
630 4265 679 4320 sed
703 4265 766 4338 ipsa
789 4265 886 4338 posita
909 4265 945 4321 sit
969 4266 998 4320 in
1022 4265 1203 4340 perfectione
1226 4273 1349 4320 naturae

273 4353 302 4401 et
324 4347 447 4402 rationis
470 4337 634 4419 (τελειώσει,
659 4349 745 4422 Diog.
760 4350 857 4405 Laert.
871 4351 940 4419 Vll,
955 4351 1003 4406 90.
1028 4350 1090 4410 Cic.
1108 4351 1155 4406 nic
1167 4351 1222 4420 IV,
1237 4350 1285 4417 35,
1309 4350 1347 4405 V.

273 4429 323 4491 38,
347 4431 435 4487 'fuse
451 4432 488 4501 V,
503 4433 552 4501 39,
576 4434 773 4502 Aead.1,2o‚
797 4434 832 4489 de
845 4435 935 4511 Legg.
947 4438 972 4497 Ι,
987 4437 1049 4509 25).
1085 4435 1189 4492 Haesit
1203 4434 1348 4491 Bromius.
