3030 5086
661 395 858 444 rnnnrnmo.
1211 380 1302 446 XVII

216 562 322 627 omnis
338 561 475 629 foeditas
492 569 604 645 aperta
616 565 709 646 est¹)
737 566 841 646 Atque
852 565 1038 630 omissorum
1055 565 1190 646 primurn
1202 567 1302 649 scrip-

216 675 366 735 turarum
383 672 571 754 optimarum
589 690 697 737 eorum
715 671 866 752 codicum,
885 691 964 754 quos
981 672 1051 753 ipse
1067 673 1301 754 praestantissi-

216 796 289 843 mos
306 797 377 844 esse
392 778 595 858 intellexerat,
611 779 745 859 gratiam
764 779 793 844 ei
809 778 975 859 faciamns3
993 799 1095 861 neque
1112 781 1302 846 animaliter

217 883 289 950 fieri
300 892 437 968 poterat,
455 904 524 951 oum
541 887 636 951 semel
655 886 809 952 eiusmodi
826 887 918 953 homo
935 887 995 952 sibi
1013 889 1151 953 delectus
1168 888 1301 954 habendi

216 992 270 1058 ius
292 993 487 1075 sumpsisset.
531 995 695 1076 (Exempla
723 1013 760 1060 ex
787 995 876 1059 initio
903 994 1014 1060 libril
1044 995 1121 1059 haec
1148 1002 1240 1060 sunto
1263 1015 1302 1062 ex

216 1099 301 1165 Eri:
335 1103 440 1184 §dc
470 1101 611 1179 Graecis,
646 1104 686 1168 10
712 1101 757 1166 ool
783 1101 897 1180 dicam,
928 1103 960 1168 in
989 1103 1057 1168 loco
1085 1102 1301 1182 vexatissimo,

216 1214 253 1272 et
273 1228 401 1289 possum
428 1216 460 1274 et
485 1229 524 1273 nc
550 1209 624 1292 (etsi
651 1209 710 1276 hoc
733 1217 782 1276 ost
803 1211 941 1275 omnium
963 1210 1133 1291 codicum),
1165 1212 1205 1274 14
1226 1209 1302 1274 Ari»

215 1313 331 1393 stoteli,
372 1317 412 1381 15
440 1335 508 1399 epo,
551 1319 589 1381 11
620 1315 808 1382 Deowouta
839 1317 925 1397 dicit,
957 1317 1013 1398 al.)
1067 1317 1166 1382 Multo
1199 1317 1302 1384 minus

216 1422 503 1504 reprehendamus,
531 1427 615 1505 quod
638 1445 699 1490 non
723 1425 854 1505 indicat,
882 1424 1034 1506 equibus
1056 1423 1214 1490 codicibus
1244 1425 1302 1490 ali-

217 1531 298 1612 quid
325 1539 436 1613 ponat,
469 1551 538 1598 curn
572 1552 609 1598 ex
638 1533 765 1616 optimis
794 1532 977 1614 sumpserit,
1010 1538 1045 1597 ut
1072 1533 1101 1613 1,
1123 1533 1146 1596 4
1172 1533 1303 1613 (ooodai

211 1640 339 1720 poene).
383 1639 454 1704 Non
478 1641 569 1706 valde
597 1641 774 1706 mirandum
796 1641 915 1718 iudico,
945 1640 1161 1721 quodetiam,
1188 1641 1239 1704 ubi
1262 1641 1302 1705 de

217 1747 378 1828 scriptura
399 1748 549 1828 disputat,
572 1749 695 1813 codices
718 1766 792 1813 suos
815 1747 964 1829 neglegit,
988 1752 1023 1811 nt
1044 1749 1084 1812 ad
1107 1748 1137 1826 I,
1159 1748 1180 1812 5
1201 1767 1301 1813 anno-

218 1855 315 1934 tavit,
348 1861 432 1920 recte
459 1854 617 1920 Bremium
645 1859 710 1918 tom
738 1873 919 1936 revocasse,
952 1855 1036 1937 quod
1066 1874 1086 1919 a
1114 1854 1242 1920 Davisio
1271 1862 1302 1922 et

220 1961 367 2027 Ernestio
388 1962 420 2025 in
443 1966 564 2026 tontum
585 1970 748 2028 mutatum.
762 1968 860 2041 esset,
890 1963 922 2027 in
951 1963 1016 2027 suis
1046 1962 1204 2035 codicibus
1232 1982 1303 2028 esse

219 2073 357 2149 mntem,
390 2070 481 2134 utin
510 2069 654 2135 omnibus
682 2071 818 2135 omnium
845 2068 905 2134 init
932 2078 965 2134 et
991 2069 1139 2135 Davisius
1168 2070 1208 2134 dc
1236 2071 1302 2135 suis

218 2175 354 2254 dixerat,
376 2194 438 2240 non
460 2177 603 2242 attendit.
646 2177 696 2243 Ne
717 2177 868 2242 eiusmodi
891 2177 1017 2258 quidem
1039 2195 1154 2256 graves
1176 2195 1302 2242 errores

217 2283 333 2362 miror,
363 2283 472 2364 quales
499 2302 686 2348 asseverans
714 2292 746 2349 et
767 2285 846 2349 alios
874 2284 968 2348 etiam
995 2284 1153 2365 corrigens
1180 2285 1212 2348 in
1239 2303 1301 2350 uno

218 2391 329 2456 codice
351 2390 413 2454 Erl
442 2391 607 2457 committit
628 2394 679 2473 (ut
699 2391 842 2473 exempla
869 2410 887 2456 e
913 2409 1014 2473 parva
1040 2398 1132 2472 parte
1158 2391 1229 2456 libri
1251 2409 1301 2456 se-

219 2499 316 2564 cundi
338 2500 474 2579 sumam)
496 2499 541 2578 Il,
561 2500 601 2564 18
623 2500 678 2582 (de
699 2503 727 2562 et
748 2499 863 2563 omisso
891 2506 923 2565 et
945 2500 985 2564 de
1007 2498 1155 2580 pedon),
1186 2499 1226 2564 79
1248 2501 1302 2582 (de

220 2607 339 2670 omisso
356 2604 466 2683 stato,
489 2625 557 2670 cunr
576 2605 618 2685 id,
641 2606 726 2687 quod
748 2604 844 2670 habet
859 2607 933 2684 Erl,
955 2626 992 2671 ex
1014 2606 1085 2671 eliis
1107 2605 1250 2687 proferat
1270 2614 1303 2672 et

219 2713 359 2795 probet),
381 2713 424 2779 80
439 2714 485 2795 (in
502 2712 642 2777 amicitiis
658 2712 798 2795 tuendis),
822 2713 863 2778 82
879 2712 997 2794 (molbio
1013 2713 1133 2795 modis),
1155 2714 1196 2778 95
1215 2719 1303 2794 torpe

219 2821 281 2883 ciri
307 2841 369 2884 aon
396 2840 471 2898 esse,
500 2821 553 2885 ubi
579 2820 685 2885 Pat1
717 2839 825 2885 errore
853 2821 1110 2903 comprehendit).
1154 2821 1213 2885 Illa
1240 2821 1302 2886 ianr

221 2926 379 3008 foediora,
401 2929 487 3010 quod
510 2948 571 2993 non
595 2928 694 2999 solum
716 2928 821 2992 omnia
843 2926 1018 3008 confundit,
1040 2936 1077 2992 ut
1097 2929 1122 3007 I,
1144 2927 1200 3007 30,
1222 2947 1303 3010 quae

219 3036 321 3100 verba
341 3036 371 3100 in
394 3036 519 3117 optimis
542 3035 698 3101 codicibus
721 3052 783 3099 uon
801 3053 870 3100 esse
889 3036 1025 3100 scribere
1043 3036 1186 3114 debebat,
1209 3037 1239 3099 in
1263 3036 1301 3100 iis

220 3161 294 3207 esse
316 3143 455 3223 scripsit,
485 3145 516 3208 in
539 3144 651 3208 ceteris
673 3161 735 3207 non
757 3161 841 3221 esse,
871 3150 903 3208 et
924 3143 1022 3222 qnod,
1044 3161 1125 3223 quae
1147 3161 1301 3224 nusquam

219 3248 358 3328 luerunt,
381 3249 535 3330 confinxit,
558 3258 593 3314 ut
614 3251 654 3314 ad
672 3250 728 3330 lll,
743 3251 779 3314 11
801 3250 893 3330 vulgo
909 3249 971 3331 legi
989 3269 1103 3330 quaero
1121 3256 1152 3315 et
1168 3251 1213 3314 ita
1229 3268 1301 3315 esse

219 3357 253 3419 in
277 3357 339 3421 Erl.
363 3363 395 3422 et
417 3356 513 3438 Spir„
537 3359 622 3438 quod
643 3375 744 3438 neque
766 3358 797 3420 in
820 3357 884 3420 ulla
906 3350 1042 3422 editione
1064 3376 1165 3439 neque
1186 3358 1217 3421 in
1240 3357 1300 3421 illis

220 3463 379 3529 codicibus
402 3465 550 3547 scripturn
573 3470 630 3529 est.
664 3463 727 3528 Sed
747 3464 801 3528 illa
822 3463 1009 3542 foedissima,
1032 3465 1062 3528 in
1085 3465 1208 3545 quibus,
1231 3483 1299 3528 cum

219 3569 264 3634 ab
293 3570 362 3635 aliis
390 3573 566 3636 admonitus
594 3577 691 3649 esset,
722 3579 757 3636 ut
784 3580 923 3650 caveret,
953 3577 1057 3636 tamen
1085 3579 1195 3652 aperte
1221 3571 1301 3636 falsa
1347 3620 1349 3625 .

135 3692 141 3702 ·
221 3677 339 3755 scribit,
361 3688 396 3742 ut
418 3678 442 3755 I,
454 3680 494 3742 39
519 3697 587 3743 cum
610 3679 678 3760 ipse
700 3685 865 3743 narrasset
886 3679 916 3743 in
940 3679 1036 3743 Pell
1061 3697 1145 3743 esse:
1168 3699 1221 3742 aec
1236 3678 1300 3741 ullo

213 3804 284 3863 pur
305 3785 470 3863 coecitate,
499 3787 529 3850 iu
557 3787 698 3867 margine
721 3764 806 3850 Crat.
828 3789 864 3848 ot
889 3785 953 3848 tollo
975 3806 1055 3865 pars
1076 3786 1241 3863 coecitate,
1269 3792 1299 3850 et

223 3892 342 3956 Davisii
365 3893 573 3957 coniecturam
595 3895 667 3958 inde
690 3901 795 3958 natam
817 3899 1104 3971 commemorasset,
1129 3911 1190 3956 non
1214 3893 1299 3972 vidit,

251 4149 273 4209 ¹)
295 4147 360 4214 [Uno
386 4156 411 4199 et
432 4151 512 4201 altero
535 4151 593 4201 loco
617 4153 757 4201 Goerenzio
781 4153 902 4201 iniuriam
927 4151 1051 4208 feceram,
1080 4164 1136 4200 meu
1160 4151 1297 4199 collatione

293 4238 372 4284 ulmis
391 4233 482 4293 lldens,
502 4249 554 4285 uno
573 4239 628 4299 ipse
647 4249 744 4285 errans.
780 4237 830 4286 Eos
851 4249 920 4285 nunc
940 4231 1041 4300 deleri]

1075 4334 1090 4370 n
