3030 5086
251 462 314 527 696
642 480 687 525 ps
710 479 841 527 armeus
865 480 936 526 noa.

253 667 291 713 ne
309 647 443 728 patriam
456 648 580 729 quidem
595 654 719 728 captam
737 665 806 712 esse
823 647 969 712 senserit!
989 654 1138 728 quantum
1151 644 1345 711 Aristoxeni

252 749 407 830 ingenium
430 757 647 830 consumptum
671 749 812 815 videmus
834 749 864 813 in
888 749 1027 814 musicis!
1050 768 1111 830 quo
1133 748 1238 814 studio
1257 745 1340 811 Ari·

253 851 437 932 stophaaem
465 860 611 931 putamus
639 859 774 915 aetatem
803 852 832 914 iu
860 850 971 915 litteris
999 851 1139 916 duxisset
1184 848 1271 930 Quid
1293 849 1341 913 de

252 953 448 1034 Pythagora,
478 951 552 1033 quid
582 954 621 1016 dc
648 953 780 1017 Platone
807 961 863 1016 eut
889 954 929 1017 de
951 953 1128 1017 Democrito
1150 950 1285 1032 loquar?
1316 968 1346 1014 a·

216 1057 236 1120 5
254 1055 367 1136 quibus
389 1063 520 1135 propter
542 1054 680 1118 discendi
703 1054 904 1134 cupiditatem
923 1053 1064 1118 videmus
1087 1054 1209 1118 nidmas
1227 1065 1342 1117 terras

254 1174 323 1221 esse
335 1163 530 1236 peragratas.
565 1157 652 1234 Quae
663 1156 714 1235 qui
727 1174 787 1219 non
802 1156 916 1235 vident,
934 1155 1008 1220 nihil
1026 1175 1171 1237 umquam
1184 1172 1342 1236 maguum

255 1276 292 1323 ac
309 1257 483 1338 cognitione
500 1257 626 1337 dignum
639 1264 829 1322 amaverunt.
860 1260 964 1339 Atque
975 1258 1120 1337 hocloco,
1137 1257 1189 1339 qui
1200 1264 1348 1338 propter

254 1360 349 1424 animi
366 1360 543 1440 voluptates
563 1359 621 1422 coli
639 1359 746 1423 dicunt
762 1377 799 1423 ee
822 1360 935 1439 studia,
959 1378 1039 1440 quae
1061 1360 1134 1439 dixi,
1155 1378 1216 1424 nou
1241 1356 1342 1423 iutel-

254 1461 375 1540 legrmt,
402 1460 517 1525 idcirco
540 1479 610 1525 esse
638 1470 830 1541 eapropter
858 1479 892 1525 ee
920 1461 1107 1542 expetenda,
1136 1461 1218 1542 quod
1247 1458 1344 1524 nulla

328 1653 348 1698 l.
368 1647 459 1711 quidem
478 1663 527 1699 om.
547 1647 636 1698 ELPC
672 1653 695 1698 3,
714 1656 815 1697 aetatem
833 1660 890 1712 post
907 1600 1008 1698 daecim0
1023 1648 1043 1696 L
1079 1654 1102 1700 4.
1121 1647 1150 1698 de
1168 1655 1226 1698 aute
1244 1646 1345 1698 Demo·

256 1717 315 1766 crito
333 1732 382 1766 orn.
404 1717 492 1766 til’ea
545 1720 567 1768 6,
584 1724 729 1781 peragratas
747 1734 799 1766 esse
816 1716 845 1775 P,
865 1731 920 1766 curn
941 1718 1121 1782 transponendi
1141 1725 1201 1766 nota
1246 1731 1345 1781 magna

256 1785 384 1850 cognitione
403 1800 497 1844 omnes,
517 1784 553 1834 Or
597 1790 619 1835 9.
639 1801 668 1833 ca
686 1802 737 1834 csse
755 1785 800 1834 LR
818 1802 847 1834 ee
866 1801 913 1835 om.
930 1784 973 1834 Or.

257 1969 487 2031 annoteturnque
511 1977 611 2015 verunt
640 1958 670 2014 iu
700 1977 756 2033 mg.
779 1957 859 2016 Crat.
904 1959 979 2015 'sum
1010 1960 1116 2032 parictem
1138 1958 1222 2014 abest
1246 1957 1345 2014 etiem

257 2062 274 2101 a
298 2042 338 2121 [B
362 2041 405 2120 et]
429 2037 475 2118 ξχ.
499 2061 553 2100 nee
575 2043 626 2099 alii
650 2053 830 2111 tacerentur,
859 2044 884 2099 si
907 2043 1009 2100 saitem
1034 2042 1127 2101 Gzius
1149 2042 1343 2111 attendisset,

258 2129 307 2203 qui
331 2130 361 2195 1,
387 2130 424 2185 39
449 2128 637 2186 omissionem
660 2128 814 2204 probabat.
861 2128 976 2186 Deinde
1004 2131 1102 2202 inperii
1128 2147 1181 2203 pro
1203 2130 1343 2201 ingenium

258 2214 321 2271 cod.
336 2215 421 2280 Mon,
443 2231 469 2287 χ.
514 2215 585 2271 Mox
609 2215 726 2271 (lacerati
746 2213 837 2271 verbo
855 2214 960 2272 Cicero
980 2213 1015 2270 de
1038 2222 1134 2270 aetate
1151 2213 1254 2283 utitur,
1278 2230 1343 2287 que
1390 2244 1394 2253 =

258 2299 471 2374 significatione
494 2299 563 2356 aiibi
588 2301 729 2356 traducere
751 2300 849 2374 pouit;
872 2299 944 2355 iilud
969 2299 1143 2374 Vergilium,
1166 2298 1342 2367 Horatium,

259 2383 398 2443 Ovidium
417 2384 559 2459 posuisse,
577 2385 673 2440 lexiea
691 2384 857 2455 ostendunt,
876 2396 903 2441 et
922 2393 966 2441 est
983 2384 1166 2459 propinquus
1183 2383 1341 2447 transitus,

259 2488 324 2526 eum
347 2479 429 2526 setes
453 2470 536 2543 quasi
560 2469 758 2541 traiectum(
748 2470 847 2543 (Quod
875 2474 902 2526 r'u
925 2472 1018 2527 litteris
1041 2469 1172 2539 additur,
1202 2468 1275 2526 nihii
1301 2468 1341 2525 ad

259 2555 445 2612 insolentiam
474 2554 631 2611 locutionis
660 2554 846 2611 molliendam
875 2556 1024 2630 pertinet.)
1073 2554 1247 2611 Aristoxeni
1277 2554 1341 2611 'le-

259 2640 376 2703 r,cntini
401 2640 571 2697 Aristotelis
595 2639 741 2715 discipuli,
765 2640 893 2697 musicae
916 2640 1054 2707 studium,
1081 2640 1158 2714 quad
1181 2657 1246 2697 cum
1271 2638 1338 2735 phi·

259 2725 395 2801 iosephia
422 2725 617 2802 coniungebat
647 2726 748 2797 (Tusa
773 2724 802 2794 l
832 2726 894 2799 19)
930 2745 1006 2782 nuuc
1040 2744 1155 2799 quoque
1190 2712 1339 2799 ἁρμονικὰ

260 2811 389 2884 στοιχεῖα
412 2822 440 2866 et
464 2810 522 2867 alia
545 2820 704 2879 testantur;
728 2811 938 2886 Aristophanis
964 2810 1095 2887 Byzantii
1120 2809 1217 2866 studia
1240 2827 1340 2884 grem·

260 2895 367 2952 rnatice
390 2896 526 2952 omnibus
549 2905 618 2952 nota
640 2907 717 2953 eunt.

347 2991 395 3037 out
416 2983 450 3038 de
472 2982 637 3051 Democrito)
663 2980 711 3038 Sic
734 2981 821 3037 etiam
840 2980 918 3056 Spir.
937 2976 1002 3061 [B],
1026 2990 1163 3054 reeteque
1181 2980 1276 3037 Gziue
1293 2997 1342 3035 re·

262 3066 366 3123 stituit.
411 3067 505 3123 Paulo
534 3076 599 3141 post
623 3086 693 3140 qarue
720 3068 768 3140 qza'
793 3086 844 3122 arou
867 3068 956 3122 cicleut
979 3066 1067 3140 paulo
1089 3065 1207 3123 brevius
1231 3064 1344 3122 dicitnr

262 3152 317 3208 hae
339 3151 499 3209 sententia:
528 3152 577 3225 qui
602 3151 687 3219 haec,
711 3170 786 3225 quae
809 3151 852 3208 iili
876 3152 931 3208 riri
954 3150 1101 3222 fecerunt,
1125 3148 1342 3207 nou-animad-

263 3246 381 3293 vertunt
393 3255 456 3307 nee,
475 3237 574 3311 qualia
586 3237 654 3307 siut,
673 3236 855 3313 intellegunt.
891 3237 1030 3293 Davisius
1048 3247 1074 3293 et
1093 3235 1144 3293 alii
1161 3234 1342 3293 coniecturis

262 3321 416 3377 inutilibus
439 3321 534 3378 locum
559 3331 713 3378 roxanrnt.
758 3322 815 3381 Sed
844 3323 873 3378 in
898 3342 994 3395 ancyran
1017 3326 1161 3394 copm'tr'oae
1183 3321 1246 3378 iure
1269 3321 1341 3378 hae·

263 3416 342 3468 rent,
377 3425 452 3481 qnae
480 3407 703 3482 perversissime
730 3424 795 3464 curn
826 3408 972 3464 adiectiao
1000 3409 1107 3477 utpium
1137 3407 1343 3483 coniungitttr3

264 3510 330 3548 uem
354 3510 400 3549 res
423 3492 590 3567 cognitione
613 3495 676 3566 (ea,
705 3511 780 3567 quae
803 3493 840 3549 ad
863 3513 926 3550 eam
950 3493 1176 3567 intellegendam
1200 3491 1343 3565 sufficiat)

263 3578 352 3653 digna
374 3590 416 3634 est
441 3586 500 3647 aut,
525 3578 549 3635 si
572 3598 680 3654 augere
697 3579 781 3649 velis,
806 3596 911 3654 magno
928 3597 1016 3653 opere
1034 3578 1131 3654 dignu,
1155 3596 1213 3634 non
1233 3596 1343 3653 magna

263 3663 439 3738 cognitione.
486 3664 611 3734 Deinde,
634 3683 699 3721 cum
723 3663 850 3738 aliquem
874 3663 946 3720 nihii
970 3663 1090 3719 omuino
1113 3662 1171 3719 tale
1193 3663 1345 3720 amavisse

264 3749 360 3823 dicae,
383 3768 522 3823 perverse
545 3750 587 3806 sic
610 3769 669 3806 rem
693 3767 801 3822 augeas
825 3750 904 3819 (nihil
925 3770 1020 3823 rrrnpau
1043 3751 1187 3822 copra'tioae
1208 3749 1342 3821 (liparam),

265 3843 296 3888 ut
319 3833 475 3909 significes,
498 3835 610 3909 aliquid
632 3844 729 3891 tamen
753 3832 878 3892 fortasse
902 3835 1068 3910 cognitione
1086 3834 1215 3910 dignum,
1239 3835 1263 3890 si
1282 3852 1342 3891 non

264 3918 467 3994 dignissimum
491 3938 556 3976 eum
580 3921 735 3977 amavisse.
777 3921 898 3981 Verum,
922 3920 1035 3996 opinor.
1060 3919 1169 3976 invenit
1191 3918 1345 3977 Bromius:
1376 3922 1380 3929 '

264 4023 390 4076 treuguam
417 4024 450 4062 uc
476 4008 620 4078 cognitione
647 4007 765 4077 dignum.
810 4005 927 4062 Erroris
955 4005 1038 4080 origo
1068 4016 1170 4080 aperta
1192 4015 1247 4062 eet.
1292 4000 1344 4085 [ld

265 4107 343 4145 nune
364 4090 472 4165 recepi.
517 4090 592 4146 Dav.
616 4111 739 4163 proprium
762 4101 809 4147 aaa
831 4087 999 4170 captatione]

351 4176 450 4231 idcirco
477 4194 533 4232 esse
560 4173 604 4254 ea)
628 4177 751 4233 Praeter
780 4196 874 4233 meum
899 4176 924 4233 L
951 4175 1077 4234 fortasse
1106 4193 1181 4232 unus
1209 4186 1239 4232 et
1267 4174 1347 4233 alter

266 4260 358 4315 codex
382 4259 483 4316 habuit
508 4279 538 4316 aa
560 4281 625 4330 eme,
649 4271 679 4317 ut
703 4280 739 4317 ex
759 4262 783 4319 R
804 4262 948 4319 editiones
971 4263 1114 4337 quaedam
1132 4271 1201 4318 ente
1215 4261 1295 4319 Vict.
1315 4270 1346 4319 et

268 4346 346 4400 dian.
392 4345 436 4401 Ex
455 4340 506 4415 Εξ,
531 4346 646 4403 Monac.
667 4345 735 4405 Gzii
753 4348 860 4404 excidit
886 4368 925 4415 eu,
950 4366 1023 4423 quos
1041 4347 1134 4406 Gaius
1152 4356 1271 4404 secutus
1288 4355 1347 4419 eet,

266 4429 433 4487 eVindob.
462 4448 532 4498 esce,
561 4431 669 4490 elias,
698 4442 865 4508 utrumque.
910 4434 1018 4492 Noeuit
1047 4431 1207 4491 similitudo
1236 4450 1348 4508 prono-
