3030 5086
627 405 671 452 nr
694 405 774 453 usn.
797 405 861 451 nm.
878 404 899 451 1.
1281 387 1302 452 5

215 574 312 656 qesse't
332 595 363 639 a.
387 576 428 638 65
449 594 480 637 a.
504 571 559 638 Oa.
582 593 613 638 n.
636 573 693 656 (de
715 591 775 655 quo
795 571 911 635 dicetur
927 571 970 634 aet
986 570 1033 652 ΙΙ,
1058 574 1129 655 62).
1166 570 1242 634 Iside
1263 572 1302 635 rib

217 674 430 741 urluleseentio
456 695 525 740 orum
545 681 652 757 patre,
686 675 740 755 qui
771 672 923 760 Ciceronis
954 672 1174 755 emdiso'putns
1198 673 1304 753 fuerat

218 776 346 858 (Com.
368 778 448 860 Nep.
470 779 537 842 Au.
562 779 618 860 1),
647 775 777 840 multum
806 773 946 839 Cicerone
967 795 1041 840 usus
1062 780 1114 851 est,
1135 779 1165 839 et
1184 775 1218 838 in
1240 775 1303 840 eius

218 880 417 945 contubernio
448 880 482 944 in
515 878 674 944 consulatu
703 878 765 958 fuit
791 879 869 959 (qno
895 876 984 942 Sutia
1011 881 1051 940 11
1080 881 1108 940 et
1134 880 1207 961 34).
1263 876 1300 940 L.

220 982 361 1060 Sullam,
381 982 488 1062 patris
512 981 546 1045 in
573 979 732 1045 umerum
759 980 993 1060 competitorem,
1025 999 1092 1042 una
1119 999 1188 1042 eune
1208 983 1303 1059 patre

220 1085 358 1149 artemam
378 1083 532 1149 accusauit
553 1087 582 1146 et
601 1083 761 1146 danrnaoit
782 1080 852 1164 (Π,
865 1085 916 1159 62,
933 1079 1177 1164 qroSuila49),
1193 1085 1303 1160 postea

221 1187 352 1251 madero
372 1208 404 1251 a.
426 1188 469 1251 62
494 1185 531 1250 de
557 1185 763 1249 coniuratione
787 1169 909 1264 frustra
935 1183 1103 1261 uoemooit,
1131 1182 1304 1263 defendente

227 1287 386 1366 Cicerone,
418 1307 498 1370 quoe
524 1286 654 1367 defensio
680 1291 774 1351 estat.
827 1287 870 1350 A.
897 1288 939 1348 49
960 1289 1147 1366 praeturam
1173 1285 1303 1368 qessisse,

220 1390 405 1473 irrtelleqitur
431 1409 469 1454 en
502 1387 644 1454 Caesaris
669 1387 736 1452 libr.
761 1387 784 1450 I
806 1387 849 1452 B.
877 1385 911 1452 C.
929 1391 989 1464 245
1021 1387 1055 1450 in
1086 1387 1141 1452 lios
1167 1407 1303 1452 sermone

220 1493 398 1576 demqrmw
417 1495 548 1572 praetor
573 1490 728 1555 incluoitur
755 1489 830 1553 libro
852 1488 906 1568 ΙΙ,
933 1493 992 1569 74,
1024 1490 1128 1571 itaque
1153 1490 1180 1554 is
1206 1510 1236 1553 a.
1260 1491 1303 1554 50

220 1593 346 1659 habitas
363 1594 500 1676 finqitnr.
534 1591 575 1656 In
597 1591 668 1656 bello
690 1592 767 1656 ciuili
791 1592 966 1674 Torqrrutus
986 1589 1165 1673 Ponrpeinm
1186 1597 1303 1656 menius

220 1699 244 1778 (
244 1697 290 1760 ad
300 1697 392 1760 Ante.
412 1694 486 1773 VH,
497 1698 549 1773 12,
562 1693 627 1772 IX,
648 1696 691 1777 8)
713 1699 741 1757 et
761 1695 795 1757 in
821 1694 985 1758 Graea'um
1008 1700 1213 1778 transqressns
1234 1714 1302 1758 enrrr

219 1820 244 1862 a
273 1797 405 1863 Caesare
419 1802 533 1889 ⁴cap'trrs
554 1798 574 1880 (
582 1795 666 1861 Caes.
689 1795 731 1859 B.
760 1794 794 1860 C.
818 1794 972 1878 111,11)
1000 1796 1198 1878 terratenusque
1219 1784 1301 1875 esset,

220 1901 257 1964 in
283 1901 396 1982 Africo
420 1900 516 1980 periit
548 1899 663 1981 (Brut.
696 1900 774 1976 265,
808 1896 917 1978 Soriqrt.
950 1898 987 1962 ele
1019 1897 1061 1962 B.
1095 1898 1193 1979 Afris.
1227 1900 1300 1976 96).

221 2002 337 2068 Studio
363 2003 427 2067 eius
460 2000 562 2066 Cicero
589 2002 621 2065 in
647 2000 752 2065 Bruto
779 2001 885 2083 (265)
912 2000 960 2064 tiis
985 2001 1080 2064 ambis
1107 1999 1233 2064 larudut:
1264 2002 1300 2066 L.

221 2106 420 2186 Torquatum
443 2123 504 2169 non
527 2110 590 2169 tam
613 2105 674 2169 cito
696 2105 853 2168 rhetorem
872 2102 1014 2182 dixisses,
1037 2103 1096 2168 etsi
1114 2121 1175 2167 non
1192 2103 1303 2168 deerat

223 2208 341 2285 urano,
369 2225 478 2288 quam,
505 2215 541 2271 ut
568 2205 682 2271 Graeci
712 2207 832 2284 dieunt,
864 2195 1022 2269 uolnerata,
1077 2205 1178 2270 Erant
1204 2206 1235 2270 in
1263 2224 1300 2270 eo

221 2308 377 2391 plurimae
398 2308 533 2388 litterae,
555 2327 611 2374 nee
633 2327 689 2373 eae
706 2308 860 2390 vulgares,
883 2306 938 2372 sed
961 2307 1125 2372 interiores
1147 2308 1302 2389 quaedam

222 2420 257 2476 et
278 2411 465 2489 reconditae,
488 2409 594 2475 divina
615 2410 772 2489 momoria,
789 2427 917 2488 ,summa
932 2409 1099 2474 verborum
1116 2417 1148 2475 et
1163 2410 1304 2491 gravitas

222 2523 256 2578 et
278 2512 441 2595 elegantia
497 2514 602 2593 Atque
628 2511 706 2577 haee
734 2512 838 2575 omnia
859 2510 941 2576 vitae
969 2511 1138 2577 decorabat
1163 2513 1303 2592 gravitas

221 2621 257 2680 et
278 2614 452 2695 integritas.
486 2613 539 2677 Eo
555 2614 658 2678 studio
679 2613 892 2696 siqnifieantnr
912 2613 1004 2676 etiarn
1026 2614 1059 2676 in
1080 2613 1135 2677 troo
1155 2613 1230 2678 libro
1251 2615 1304 2691 25,

221 2715 370 2780 nrunoria
391 2714 534 2781 exoriens
554 2715 629 2779 libro
651 2714 699 2793 Π,
721 2719 794 2779 113.
875 2707 880 2717 ’

315 2814 350 2881 C.
379 2816 518 2883 Valerius
542 2818 683 2881 Triarius
704 2818 779 2899 (qui
800 2837 821 2879 a
842 2815 997 2880 nonnullis
1018 2816 1215 2896 uniformiter
1236 2836 1304 2880 euna

221 2941 257 2984 eo
280 2918 418 2997 Triario,
446 2920 513 3002 qui,
541 2939 609 2994 onrrr
631 2917 752 2984 Imeuili
773 2918 888 3001 loqutus
909 2923 996 2994 esset,
1019 2917 1175 2998 infeliciter
1197 2923 1303 2982 contro

223 3020 438 3085 Milli-rietatem
453 3022 623 3105 qiuqnaeit;
644 3021 703 3085 riri.
716 3019 873 3085 Wakmrb.
898 3020 940 3084 ud
961 3018 1028 3083 Lie.
1047 3021 1114 3100 eqrit.
1131 3024 1183 3096 98,
1206 3020 1302 3084 Hein-

223 3123 296 3188 rietr.
319 3123 362 3187 aet
383 3124 494 3188 Asson.
517 3144 636 3206 arqnnu
660 3128 737 3187 orat.
754 3144 818 3204 pro
839 3122 956 3188 Scauro
977 3144 1012 3202 q).
1037 3126 1057 3185 6
1083 3122 1151 3185 ertit.
1175 3121 1302 3205 Kilon.)

223 3226 294 3289 item
314 3223 523 3305 Ponqreianus
541 3226 612 3306 fnit,
628 3226 718 3305 parti
740 3225 843 3290 emssis
859 3224 1066 3305 Ponqreiunae
1081 3224 1255 3305 promemus
1275 3229 1304 3287 et

217 3348 344 3410 puqnae
364 3325 566 3392 Pharsalicus
586 3328 743 3408 partimus
770 3325 882 3410 (Caes.
906 3326 948 3391 B.
978 3325 1011 3390 C.
1035 3326 1108 3405 ΙΙΙ,
1138 3330 1157 3391 5
1179 3333 1208 3390 et
1228 3331 1271 3392 92
1271 3330 1301 3411 ).

230 3427 308 3493 Crem
336 3429 369 3493 in
397 3429 468 3494 bello
488 3431 617 3511 perisset
644 3429 760 3509 (Brut.
788 3433 890 3512 266),
917 3429 1077 3493 liberorum
1104 3430 1167 3494 eius
1199 3428 1302 3493 Cicero

224 3534 305 3594 tutor
330 3530 394 3610 fuit
420 3532 484 3613 (ari
505 3532 598 3596 Attio.
623 3530 712 3609 XII,
733 3534 806 3615 28).
857 3531 961 3597 Huius
989 3553 1107 3614 qnoque
1133 3531 1249 3596 litterae
1275 3537 1303 3596 et

223 3632 325 3697 auria
353 3633 386 3696 in
412 3632 516 3697 Bruto
543 3635 649 3717 (265)
678 3632 864 3697 mudantur:
896 3621 949 3699 Me
981 3636 1106 3717 quidem
1134 3636 1302 3700 adnmdum

226 3735 403 3801 delectabat
420 3737 513 3800 etiam
526 3735 640 3800 Triarii
656 3736 688 3799 in
705 3736 759 3801 illa
775 3743 879 3802 aetate
900 3738 994 3819 plena
1015 3738 1172 3803 litteratae
1194 3756 1302 3803 senec·

224 3839 300 3903 tutis
323 3839 432 3903 oratio.
489 3837 613 3915 Quanta
638 3839 789 3904 severitas
817 3840 848 3903 in
871 3839 972 3904 vmtu!
1006 3847 1156 3920 quantum
1177 3839 1302 3922 pondus

224 3940 255 4004 in
288 3939 407 4005 verbis!
440 3958 533 4021 quani
567 3939 643 4004 nihil
675 3959 738 4005 non
771 3941 1001 4007 consideratum
1035 3941 1138 4007 exibat
1167 3961 1204 4006 ex
1232 3943 1301 4007 orel

227 4041 291 4122 Quo
313 4045 383 4105 teste
404 4040 543 4105 nonnulli
560 4061 628 4104 erem
644 4063 674 4104 a.
694 4045 735 4107 52
751 4043 908 4106 trilrrmmn
923 4043 1020 4124 plebis
1039 4042 1132 4122 fnisse
1152 4048 1302 4121 statuant,

226 4143 338 4221 nesoio;
370 4163 423 4207 neo
454 4144 551 4226 nraqis
582 4144 656 4220 seio,
690 4163 744 4207 our
775 4144 959 4210 Goereneius
992 4145 1055 4225 (orl
1083 4144 1115 4222 I,
1147 4148 1206 4229 13)
1233 4165 1303 4209 erem

225 4245 432 4327 qnadraqinta
455 4249 602 4325 quattuor
623 4245 668 4309 oet
689 4247 824 4329 quinque
853 4268 951 4312 annos
978 4252 1086 4311 notrum
1108 4247 1200 4312 obisse
1221 4247 1302 4312 dioro
