3030 5086
492 486 536 531 as
559 485 639 532 uss.
661 485 725 532 ms.
747 486 784 530 111
806 485 879 532 cer.
902 488 941 537 rs.
960 485 1023 548 (⁴9.)
1233 467 1297 533 427

222 672 276 721 eas
302 653 334 717 in
356 653 472 718 virtute
493 672 593 734 neque
620 653 652 717 in
680 653 792 718 ceteris
814 652 949 732 artibus,
977 654 1017 718 ad
1041 670 1121 734 quas
1143 670 1213 718 esse
1234 654 1298 718 dux

168 759 173 785 ¹
221 755 353 838 pecunia
373 762 492 835 potest,
520 755 679 819 continere
701 764 804 819 eutem
826 773 888 820 nen
910 760 1030 850 potest3
1058 755 1165 836 itaque
1192 755 1220 819 si
1242 772 1297 819 ve·

221 856 325 938 luptas
340 863 403 921 ‘aut
423 855 451 920 si
472 857 555 921 bona
572 856 717 921 valetudo
740 856 782 920 sit
803 856 833 920 in
857 854 958 935 bonis,
980 855 1105 921 divitias
1123 874 1248 938 quoque
1264 856 1297 920 in

293 1083 313 1125 1.
333 1093 374 1125 cca
392 1075 462 1126 etiam
480 1076 503 1124 ia
523 1078 545 1125 R
579 1093 621 1126 nec
639 1075 721 1126 caure
740 1077 761 1124 E
797 1082 819 1126 2.
839 1075 970 1141 uoluptates
988 1076 1032 1128 Lc
1068 1080 1090 1126 8.
1110 1086 1153 1125 aet
1170 1078 1232 1126 boae
1251 1078 1296 1127 EL

219 1286 274 1340 sint
295 1285 334 1340 ad
354 1285 514 1358 voluptutem
536 1293 560 1340 et
581 1284 758 1340 valetudinem
779 1283 888 1355 bonam,
916 1284 966 1340 sed
991 1286 1071 1340 etiam
1099 1293 1127 1340 ut
1155 1302 1186 1340 ec
1213 1288 1295 1341 conti·

219 1378 314 1438 neunt,
341 1388 392 1424 uon
414 1370 484 1424 idem
499 1370 595 1442 facere
617 1388 663 1424 ece
686 1368 855 1440 (concordem
877 1371 928 1442 cst)
950 1377 1007 1425 cet.⁴
1050 1368 1127 1425 Nem
1151 1368 1295 1443 apodosin

219 1451 358 1527 incipere-
378 1453 442 1509 vult
470 1472 487 1509 a
514 1453 613 1509 verbis
641 1472 692 1509 non
719 1454 802 1524 idem,
831 1452 903 1509 illud
932 1460 1029 1509 autem
1058 1473 1110 1509 non
1136 1455 1296 1510 censendum

220 1537 297 1594 sumi
330 1556 367 1595 ex
399 1537 460 1594 illis
497 1557 529 1594 ne
561 1541 595 1595 de
628 1538 720 1594 lorum
754 1540 861 1612 quidem
893 1547 933 1595 eet
965 1540 1074 1594 veritate
1109 1538 1294 1595 dubitandum.

220 1621 326 1679 Dicam
349 1622 536 1697 simpliciter:
559 1623 646 1680 nimis
669 1622 773 1698 supine
796 1631 825 1678 et
841 1622 1031 1698 neglegenter
1047 1622 1094 1679 vir
1115 1623 1295 1680 clarissimus

218 1707 445 1783 interpungendi
469 1716 499 1764 et
520 1706 732 1782 interpretendi
754 1707 879 1764 artificio
893 1706 1010 1787 'abusus
1033 1715 1087 1778 est,
1110 1725 1163 1764 nec
1186 1707 1295 1765 cretio·
1378 1752 1380 1761 .

219 1810 286 1848 nem
308 1810 414 1849 curans
437 1802 467 1848 et
488 1792 661 1859 sententiae,
684 1792 721 1848 ed
744 1810 831 1866 quem
849 1792 969 1848 omnino
992 1810 1050 1849 non
1068 1791 1184 1849 videtur
1200 1801 1295 1850 atten-

219 1877 306 1946 disse,
330 1895 366 1933 ne
389 1878 521 1934 umbram
546 1878 663 1952 quidem
685 1877 865 1952 relinquens.
898 1876 946 1933 Ex
963 1896 1029 1951 nepo
1046 1878 1137 1934 verbo
1157 1878 1295 1954 negetivo

219 1962 250 2018 in
272 1962 366 2019 altero
390 1962 521 2019 membro
544 1973 611 2037 post
628 1964 678 2019 sed
693 1962 788 2018 audiri
806 1962 882 2019 solet
898 1965 955 2031 cr'03
978 1963 1168 2020 Hermannus
1185 1981 1222 2020 ex
1240 1963 1294 2020 hac

220 2047 440 2105 coniunctione:
463 2067 495 2103 ne
516 2049 549 2104 de
572 2049 613 2104 lie
635 2049 742 2120 quiden
765 2057 804 2104 est
821 2047 1008 2118 dubitandum,
1030 2047 1082 2103 ubi
1098 2049 1189 2105 verbo
1212 2048 1294 2105 eddi·

220 2142 268 2189 tur
289 2132 407 2207 negatio
430 2150 523 2206 eaque
545 2132 611 2207 ipse
632 2133 669 2189 ed
692 2131 766 2188 alias
789 2149 876 2189 voces
898 2132 1032 2207 proxime
1054 2133 1191 2207 pertinet,
1215 2132 1294 2190 affir-

221 2217 361 2273 mativam
385 2217 626 2293 significationem
650 2216 725 2274 sumi
749 2216 821 2273 vult.
863 2216 977 2273 Deinde
1000 2235 1057 2274 nou
1075 2217 1294 2291 animadvertit,

219 2301 445 2358 affirmationem
469 2302 544 2358 hanc
566 2320 644 2359 esse:
672 2303 722 2359 sed
743 2302 918 2358 dubitandum
941 2311 994 2371 est3
1023 2302 1187 2360 substituit:
1217 2304 1293 2360 dubi·

219 2389 332 2443 tendum
355 2407 415 2443 nou
439 2397 492 2456 est,
520 2387 625 2462 idque,
654 2387 724 2461 quia
752 2387 820 2443 huic
843 2387 933 2443 verbo
961 2386 1075 2442 infinita
1103 2388 1249 2444 sententie
1276 2408 1294 2445 a

220 2470 363 2530 Cicerone
380 2491 438 2528 non
451 2472 604 2545 subicitur,
621 2480 725 2541 mutet,
742 2482 776 2527 ut
789 2471 841 2528 sit:
858 2473 1017 2529 censendum
1029 2482 1076 2529 est.
1109 2472 1196 2540 Tum,
1216 2473 1294 2547 quod

220 2555 351 2631 proiecto
372 2557 589 2631 apertissimum
614 2567 667 2626 est,
691 2576 735 2624 ea,
759 2575 834 2631 quse
858 2557 893 2613 de
910 2556 1080 2613 divitiarum
1104 2557 1134 2612 vi
1151 2558 1295 2625 dicantur,

220 2641 262 2699 sic
284 2640 442 2698 coniuncta
464 2660 538 2710 esse,
561 2652 593 2698 ut
610 2660 647 2698 ex
666 2653 791 2715 utroque
810 2643 940 2698 membro
958 2660 1047 2698 unum
1061 2640 1206 2699 efficietur
1222 2643 1294 2700 Dio·

219 2725 303 2802 genis
325 2726 481 2797 iudicium,
510 2726 667 2800 omniaque
695 2728 768 2783 hece
795 2727 832 2782 ad
855 2727 977 2783 verbum
1005 2737 1092 2783 censet
1118 2726 1237 2795 referri,
1265 2727 1296 2783 id

220 2811 408 2868 Hermannus
432 2811 561 2887 neglegit
583 2820 611 2867 et
635 2813 797 2886 perturbet.
843 2811 912 2886 Ipse
934 2819 1031 2868 autem
1055 2812 1229 2869 sententiam
1253 2811 1296 2869 ei·
1358 2834 1363 2846 ·

220 2895 281 2952 ficit
301 2895 345 2952 ite
367 2896 543 2972 permixtam
567 2915 604 2952 ex
621 2906 822 2971 separatarum
840 2896 1071 2971 disputationum
1089 2897 1242 2971 particulis
1264 2897 1294 2953 in

217 2999 307 3038 unam
330 2982 486 3038 verborum
510 2981 661 3056 periodum
685 2981 830 3049 confusis,
860 2989 893 3037 ut
920 2999 1013 3056 paene
1036 2981 1093 3037 ioci
1116 2972 1205 3038 cause
1226 2981 1296 3038 ficte

218 3064 313 3122 rideri
331 3066 434 3140 possit.
470 3064 548 3138 Quid
572 3067 648 3123 enim
673 3066 768 3123 minus
790 3066 927 3122 cohaeret
945 3085 1031 3141 quam
1050 3066 1119 3123 hoc:
1146 3066 1232 3132 „Non
1250 3078 1295 3123 est

219 3150 427 3221 dubitandum,
456 3151 526 3225 quin
556 3170 657 3208 omnes
684 3152 833 3227 sapientes
855 3169 948 3225 seque
971 3152 1119 3226 sapientes
1142 3160 1172 3207 et
1194 3170 1295 3209 omnes

218 3235 392 3311 insipientes
414 3255 507 3310 aeque
532 3236 629 3293 miseri
653 3237 720 3304 sint,
744 3237 795 3292 sed
818 3236 995 3292 censendum
1019 3236 1137 3293 divitias
1155 3237 1294 3293 virtutem

217 3338 277 3377 non
299 3319 487 3378 continere?“
531 3321 569 3378 Et
592 3321 687 3394 qualis
710 3321 879 3397 adiungitur
902 3319 1072 3378 concessio?
1098 3340 1294 3396 „quamquem

218 3405 343 3463 virtutes
366 3414 395 3463 et
411 3406 485 3462 vitia
506 3423 639 3462 crescere
662 3413 798 3482 negante‘·
834 3405 912 3479 Quid
930 3406 959 3462 id
977 3406 1013 3462 ad
1032 3406 1200 3463 divitiarum
1214 3404 1294 3464 vim?

217 3490 431 3565 ecquomodo
454 3492 509 3547 hoc
533 3492 721 3547 continuatur
743 3492 773 3547 in
796 3491 869 3547 illis:
892 3492 1011 3548 Divitias
1034 3502 1142 3549 autem
1160 3492 1294 3565 Diopenes

217 3573 292 3632 cet?
337 3576 376 3632 Et
405 3587 501 3632 tamen
525 3576 602 3632 hunc
625 3576 720 3632 locum
746 3577 868 3633 Beierus
890 3576 939 3649 (ad
962 3575 1020 3635 Off.
1043 3578 1106 3648 111,
1132 3578 1149 3633 9
1173 3598 1200 3652 p.
1222 3579 1294 3650 197)

216 3661 255 3717 eb
277 3661 449 3718 Hermanno
475 3660 633 3729 „facillime
657 3662 845 3736 expeditum“
871 3661 996 3732 iudicat3
1024 3671 1186 3737 sequuntur
1209 3661 1294 3722 Orel-

216 3745 274 3802 lius
296 3745 430 3805 et·0ttor
477 3747 539 3802 lem
569 3765 626 3802 non
655 3746 746 3803 miror
774 3766 839 3803 eum
869 3747 958 3822 paulo
988 3748 1134 3805 interdum
1157 3747 1294 3805 licentius

216 3830 332 3902 ludere,
361 3832 411 3906 qui
435 3831 547 3899 videet,
571 3841 630 3887 tam
653 3831 741 3888 facile
764 3831 820 3888 sibi
843 3833 933 3891 credi.
981 3830 1034 3912 [Et
1055 3832 1171 3889 infinita
1193 3832 1292 3890 huius·

216 3917 296 3973 urodi
319 3917 369 3974 ille
389 3917 469 3986 lusit,
493 3916 545 3985 elii
563 3916 711 3973 serviliter
727 3917 820 3974 secuti
838 3928 920 3987 sunt;
943 3918 1042 3993 itaque
1061 3919 1152 3975 totius
1174 3936 1293 3993 perver-

217 4001 313 4059 sitatis
346 4003 375 4059 in
410 4002 490 4058 clero
524 4001 660 4076 exemplo
689 4003 969 4059 demonstrationem
1003 4021 1039 4059 ne
1069 4021 1145 4059 nuuc
1173 4003 1291 4077 quidem

217 4086 346 4164 omitto]

302 4183 350 4229 aut
371 4177 397 4229 ei
418 4174 484 4228 bona
506 4171 643 4245 valetudo)
668 4172 702 4229 Si
717 4191 773 4228 om.
791 4173 879 4229 etiam
893 4171 971 4247 Spir.
986 4170 1050 4249 [8],
1075 4172 1293 4229 creditoribus

216 4257 388 4316 Lambinus.
423 4259 495 4314 Mox
519 4276 573 4332 pro
595 4268 625 4314 at
646 4261 672 4315 ei
689 4258 776 4314 etiem
789 4253 854 4335 [B‚]
873 4251 939 4332 Εξχ,
963 4256 1031 4315 Gzii
1050 4256 1144 4326 codd,
1167 4266 1292 4332 excepto

216 4340 296 4401 Gud.
311 4346 339 4411 1,
361 4361 463 4400 omnes
485 4353 533 4399 aut
554 4347 586 4412 ei,
610 4343 698 4400 etiam
722 4342 786 4397 edd.
799 4341 893 4400 Crett.
918 4342 1037 4399 etVict.
1057 4341 1139 4414 (edit.
1164 4360 1190 4398 e.
1211 4342 1291 4399 1480

216 4430 323 4504 recte);
354 4428 459 4485 deinde
487 4435 609 4503 sequitur
636 4447 690 4503 pro
718 4429 795 4501 sequi
821 4427 884 4484 cod.
908 4427 993 4498 Urs,
1022 4421 1096 4501 Εξχ,
1125 4436 1186 4484 tres
1214 4426 1292 4485 Gzii.
