3030 5086
429 507 473 553 ar
496 507 576 554 usn.
600 508 662 553 nm.
685 508 708 553 11
731 507 1084 569 car.1o-u.(ss-ss.)
1229 489 1290 554 201

217 687 353 760 provata
374 677 459 741 mala
479 677 651 756 disciplina,
674 677 729 740 sed
752 683 867 741 natura
888 693 955 739 sua.
990 675 1057 740 Nec
1078 694 1162 754 vero,
1186 685 1220 740 ut
1237 693 1294 738 vo-

216 778 370 859 luptatem
392 786 528 860 expetat
551 788 664 842 natura
682 786 786 842 movet
801 776 959 857 infantem,
982 780 1037 843 sed
1054 785 1186 857 tantum,
1209 783 1243 842 ut
1259 794 1295 841 se

217 880 431 962 ipsediligat,
459 887 493 945 ut
520 881 675 963 integrum
704 899 738 945 se
760 880 941 961 salvumque
963 880 1045 946 velit
1090 882 1192 945 Omne
1213 879 1293 944 cuim

217 983 343 1063 animal
365 983 457 1047 simul
480 982 539 1065 [et]
564 990 667 1047 ortum
683 992 747 1060 est,
770 990 802 1046 ct
823 999 857 1046 se
878 982 981 1062 ipsum
1003 990 1035 1047 et
1057 999 1164 1060 omnes
1186 987 1294 1064 partes

292 1209 311 1252 l.
331 1205 425 1253 cerel]
448 1220 502 1268 erpo
522 1202 586 1253 uPc
636 1209 657 1253 2,
681 1201 714 1269 [si
730 1205 786 1267 (pro
804 1206 839 1263 sa)
859 1199 905 1267 ΑΙ]
958 1208 980 1253 3.
1001 1203 1076 1267 ipsam
1095 1203 1140 1254 CR
1184 1209 1206 1254 t.
1224 1201 1295 1252 simui

218 1283 243 1322 et
261 1281 336 1322 ortum
354 1273 450 1324 Maur.
486 1270 557 1321 simul
573 1271 687 1328 artemo
722 1279 757 1320 est
774 1286 823 1321 om.
846 1268 956 1338 [A]ELP

305 1480 362 1536 Nec
384 1499 454 1548 vero,
479 1490 507 1536 at
529 1482 688 1554 voluptatem
711 1479 831 1553 expetat)
854 1479 919 1535 Hoc
932 1477 1036 1536 Cicero
1057 1478 1149 1554 magis
1166 1477 1295 1534 instituit

217 1565 367 1640 explicare
391 1584 477 1639 quam
501 1565 645 1640 explicat3
669 1582 734 1619 nam
759 1582 837 1632 mox,
861 1563 970 1619 omissa
992 1563 1104 1620 difficili
1122 1563 1295 1638 quaestione

218 1652 246 1722 (ξ
266 1651 305 1706 34
335 1670 432 1724 mcqnn
461 1654 582 1724 quaestio
608 1654 675 1722 est),
709 1658 822 1705 tantum
851 1649 1077 1705 inconstantiam
1106 1646 1295 1723 reprehendit

219 1735 349 1810 Epicuri.
394 1736 455 1792 Pro
482 1755 544 1792 vero
572 1735 649 1810 Spir.
679 1745 709 1791 at
736 1734 797 1790 Erl.
825 1753 885 1790 vere
914 1732 986 1810 [non
1016 1732 1071 1810 Β],
1103 1731 1182 1790 Gud.
1209 1735 1240 1803 1,
1265 1734 1293 1802 2,

219 1821 305 1890 Bas,
334 1820 413 1894 Οκ.χ
435 1839 505 1894 erpo.
551 1820 622 1877 Mox
652 1838 705 1895 pro
733 1839 761 1875 sc
788 1822 844 1894 ipsc
877 1820 907 1876 in
942 1819 1007 1876 edd.
1035 1830 1103 1875 ante
1127 1819 1236 1875 Aldum
1265 1826 1296 1874 et

218 1905 296 1980 apud
322 1906 484 1964 Victoriam
508 1905 565 1962 suit
587 1926 615 1962 se
636 1909 733 1981 ipsum.

307 1992 390 2049 &aaa
411 1998 480 2048 enim
503 1993 616 2066 arnmot)
646 1991 728 2065 Quae
751 1989 798 2046 hic
822 1989 952 2046 breviter
973 1989 1172 2065 attinguntur,
1200 1987 1295 2045 fusius

219 2076 406 2152 explicantur
428 2077 527 2134 Stoice
550 2077 580 2132 in
604 2076 679 2132 libro
702 2076 759 2143 ΙΙΙ,
787 2076 823 2131 16
847 2094 928 2149 sqq..
960 2074 1223 2150 Peripateticorum
1247 2072 1296 2129 vel

218 2162 316 2236 potius
340 2162 480 2219 Antiochi
504 2181 584 2217 more
606 2162 636 2218 in
660 2161 736 2217 libro
760 2162 797 2230 V,
822 2161 861 2216 24
885 2178 948 2234 sqq.

304 2250 384 2303 amul
405 2245 459 2326 [et]
482 2256 568 2303 ortum
588 2249 639 2317 est)
658 2247 746 2303 Simul
763 2255 792 2302 ut
808 2265 861 2321 pro
879 2247 960 2302 simul
975 2264 1008 2302 ac
1026 2243 1162 2303 Dukerus
1180 2243 1217 2299 ad
1230 2242 1295 2300 niv.

219 2332 273 2390 vl.
290 2336 315 2402 1,
330 2335 347 2389 6
366 2332 538 2391 Ciceronem
557 2351 614 2388 non
632 2350 700 2389 raro
714 2331 846 2406 posuisse
859 2330 938 2395 dicit,
957 2329 1140 2388 Goerenzius
1152 2329 1189 2385 ad
1201 2328 1295 2385 Acad.

219 2419 260 2488 ΙΙ,
281 2419 331 2477 51.
354 2419 481 2494 saepius.
529 2417 592 2493 Ego
616 2418 744 2491 quinque
768 2417 887 2473 omnino
910 2415 990 2472 locos
1014 2433 1077 2471 esse
1100 2423 1182 2489 puto,
1205 2413 1256 2469 ubi
1278 2431 1297 2468 a

218 2503 369 2561 codicibus
401 2512 571 2559 constanter
604 2503 793 2559 confirmetur
825 2501 877 2558 illa
906 2501 1014 2563 forma,
1049 2499 1294 2557 Academicorum

220 2588 312 2654 illum,
336 2590 424 2645 Tusc.
448 2589 502 2655 lv,
516 2588 544 2656 5,
568 2589 654 2645 Verr.
669 2589 693 2653 Ι,
708 2588 757 2656 67,
782 2583 831 2666 [de
843 2586 925 2645 Orat.
950 2587 991 2653 ΙΙ,
1005 2586 1055 2649 21,
1079 2585 1155 2641 Phil.
1174 2584 1231 2652 ΙΙΙ,
1246 2580 1294 2659 2];

219 2676 249 2732 in
272 2674 379 2731 ceteris
402 2674 474 2730 satis
497 2673 614 2728 dubiam
638 2674 736 2729 sedem
761 2672 850 2728 hahet
872 2682 920 2727 aut
945 2671 1026 2727 nullo
1048 2671 1111 2727 iure
1134 2670 1239 2726 editur.
1264 2677 1296 2724 ut

219 2761 265 2817 VI
288 2760 325 2816 ad
349 2760 430 2816 Fam.
453 2760 489 2815 18
513 2758 577 2815 init.
623 2758 686 2815 Nec
709 2757 808 2814 verius
831 2767 894 2813 crat
917 2757 993 2832 apud
1013 2755 1162 2815 Catullum
1177 2757 1225 2820 64,
1241 2755 1295 2822 31'3

221 2845 314 2924 [apud
343 2846 415 2902 Hor.
444 2844 506 2902 Sat.
535 2845 580 2912 ΙΙ,
614 2847 645 2911 1,
670 2845 710 2899 24
744 2843 826 2898 nullo
856 2843 918 2898 iure
946 2860 963 2897 a
992 2843 1053 2898 Fea
1082 2841 1196 2897 illatum
1227 2836 1294 2915 est].

221 2931 367 2990 Universa
390 2941 485 2986 autem
510 2949 545 2985 eo
568 2929 747 2994 defenditur,
778 2928 856 3002 quod
885 2927 967 3001 origo
995 2926 1082 2983 facile
1105 2924 1295 3000 intellegitur.

223 3017 326 3091 Neque
354 3016 431 3072 enim
463 3025 491 3071 nt
519 3024 564 3070 eet
592 3033 645 3089 pro
668 3035 714 3076 oc.
744 3013 794 3069 sed
824 3024 938 3087 tempus
967 3012 1134 3088 significans
1156 3013 1197 3083 (at
1218 3010 1296 3083 vidit)

221 3104 329 3161 coaluit
352 3119 417 3158 cum
441 3103 527 3166 simul,
551 3100 602 3167 sic,
627 3110 659 3155 ut
676 3112 705 3156 et
722 3099 891 3156 consecutio
914 3111 941 3154 et
959 3116 1006 3153 res
1029 3097 1130 3152 eodem
1154 3094 1216 3151 iere
1235 3114 1296 3150 mo·

223 3197 320 3244 mento
342 3194 441 3261 gestae
464 3185 707 3259 significarentur.
755 3185 818 3240 Hoc
846 3184 911 3240 loco
939 3201 1040 3239 omnes
1062 3182 1190 3237 editores
1212 3178 1296 3253 quasi

221 3283 374 3346 compacto
392 3281 498 3335 tacent,
517 3279 547 3325 et
565 3279 671 3332 tamen,
691 3288 755 3326 cum
775 3270 804 3324 in
822 3269 916 3325 tribus
935 3268 1006 3323 meis
1023 3267 1107 3324 codd.
1120 3285 1135 3322 e
1148 3275 1295 3339 quattuor,

221 3359 354 3432 interque
378 3375 428 3412 eos
450 3356 562 3430 optimo
585 3355 635 3410 illo
658 3351 760 3434 [etiam
779 3350 859 3433 AB]³
883 3355 922 3409 sit
943 3356 1023 3409 annal
1044 3363 1077 3419 et,
1100 3351 1187 3408 facile
1211 3350 1294 3406 intel·

221 3445 312 3518 legas,
337 3443 406 3516 qnid
430 3442 458 3496 in
483 3440 549 3496 aliis
571 3439 675 3509 fuerit,
699 3459 714 3495 e
737 3440 844 3513 quibus
867 3438 947 3497 Oxx.
972 3434 1015 3507 Εξ
1037 3456 1131 3511 neque
1154 3447 1179 3493 ct
1201 3453 1297 3510 neque

222 3540 251 3585 ut
272 3530 390 3584 habent.
436 3526 548 3585 Contra
567 3527 604 3585 V.
629 3527 668 3581 24
692 3544 793 3582 omnes
815 3528 926 3594 (casum
950 3526 1037 3590 eninr,
1061 3542 1118 3580 non
1142 3522 1295 3578 consilium

223 3614 431 3688 sequebantur)
443 3621 631 3685 annotarunt,
649 3611 678 3666 in
692 3611 774 3666 codd.
789 3629 852 3667 esse
870 3612 950 3666 simini
965 3622 997 3667 et.
1032 3610 1097 3665 Hoc
1109 3627 1177 3664 num
1191 3607 1297 3666 Cicero

223 3718 276 3774 pro
303 3701 383 3754 ss'mrtl
409 3718 441 3754 oc
464 3697 588 3766 dixerit,
617 3695 703 3752 valde
727 3697 868 3752 incertum
894 3707 980 3770 puto,
1009 3695 1058 3768 qni
1088 3694 1207 3749 omnino
1229 3710 1297 3767 par·

222 3784 329 3840 ticulae
357 3793 381 3840 et
403 3802 457 3857 pro
479 3791 561 3855 atque
582 3800 666 3837 ustam
690 3781 777 3836 certis
805 3791 835 3837 et
862 3782 994 3857 angustis
1017 3780 1123 3834 linibus
1146 3777 1298 3834 terminari

222 3880 337 3944 putem3
370 3868 428 3923 vid.
458 3867 495 3923 ad
524 3871 538 3935 ξ
563 3867 613 3923 21.
660 3866 735 3923 Sunt
763 3866 848 3923 huius
876 3867 992 3938 generis
1020 3864 1157 3938 exempla
1184 3863 1298 3936 aliquot

223 3955 252 4011 in
287 3953 478 4027 epistularum
512 3951 549 4007 ad
579 3953 710 4008 Atticum
745 3952 844 4008 codice
873 3951 1020 4012 Mediceo.
1056 3959 1087 4005 ut
1116 3950 1162 4019 ΙΙ,
1192 3949 1247 4016 20,
1278 3948 1295 4003 2

223 4042 315 4111 (amul
341 4050 364 4093 et
391 4040 459 4111 qaid
491 4041 541 4093 etr't
573 4041 650 4105 certi,
685 4037 772 4093 etiam
807 4037 885 4111 apud
914 4036 1062 4108 Bosium),
1096 4036 1142 4101 X,
1174 4037 1192 4089 4
1222 4044 1297 4089 extr.

223 4127 314 4197 (simrd
340 4133 365 4180 et
392 4125 483 4179 m‘dero
509 4123 662 4179 Cremonen.
697 4122 784 4177 etiam
813 4121 842 4176 in
872 4122 954 4178 Bosii
982 4121 1092 4193 codd),
1128 4120 1173 4182 Χ,
1201 4120 1253 4182 16,
1278 4122 1296 4174 4

223 4212 314 4282 (simul
336 4219 360 4266 ct
381 4211 408 4263 in
435 4209 583 4265 Cremonam
606 4212 672 4276 veni,
696 4208 783 4262 etiarn
807 4207 885 4281 apud
907 4208 1080 4263 Lambinum
1105 4216 1134 4261 et
1154 4204 1297 4279 Bosium),

223 4296 314 4352 XVI.
343 4297 396 4356 ll,
422 4297 438 4349 6
463 4296 555 4365 (strand
581 4304 606 4349 cl
632 4296 810 4362 coristiluetu).
855 4292 912 4349 Sed
937 4293 992 4347 hoc
1015 4292 1126 4367 ipsum,
1161 4290 1238 4364 quod
1266 4289 1297 4345 in

223 4398 282 4436 uno
309 4379 361 4436 illo
389 4379 580 4453 epistularum
609 4377 758 4434 volumine
787 4378 908 4439 totiens,
939 4377 1009 4432 alibi
1039 4394 1197 4449 numquam
1227 4374 1298 4451 legi·

223 4475 285 4533 tur,
313 4464 398 4529 iacit,
427 4475 460 4521 ut
482 4464 628 4539 suspicer,
657 4473 785 4519 vetarem
814 4463 964 4519 librarium
988 4463 1069 4520 amul
1089 4479 1143 4537 pro
1164 4462 1246 4519 umeri
1265 4480 1299 4518 cc
