3030 5086
256 476 322 541 594
648 492 693 537 nn
716 490 846 537 eramus
869 490 943 565 non.¹

262 669 326 725 tuni
350 677 477 726 servare
497 659 607 740 possit,
630 676 737 723 omnes
759 677 859 739 aeque
880 659 1076 724 incontentae
1098 660 1170 738 sint,
1194 661 1239 725 sic
1263 678 1347 741 pec-

331 871 350 913 1.
370 871 491 912 contentae
510 862 577 912 PCR

261 1036 321 1093 Sed
344 1053 409 1092 cum
433 1054 490 1091 non
508 1052 627 1109 prorsus
647 1034 809 1091 inauditum
828 1046 914 1101 esset,
938 1034 1080 1090 citharam
1098 1035 1229 1111 lyramve
1246 1035 1345 1091 etiam

253 1122 338 1194 fldem
351 1120 493 1195 singulari
507 1138 628 1175 numero
640 1119 707 1186 dici,
726 1138 784 1193 quo
797 1119 827 1175 in
840 1120 934 1175 sidere
947 1120 1029 1195 lyrae
1042 1121 1145 1177 Latine
1158 1119 1347 1176 nominando

261 1206 290 1262 in
303 1223 392 1280 prosa
404 1206 537 1261 oratione
548 1205 655 1262 Varro.
673 1205 702 1261 in
715 1204 849 1260 versibus
862 1205 1006 1278 (Arateis)
1019 1204 1123 1262 Cicero
1139 1205 1248 1279 aliique
1261 1223 1345 1261 seur·

261 1309 314 1366 per
335 1300 467 1357 utuntur,
491 1290 637 1346 interdum
662 1289 749 1344 etiam
766 1291 908 1361 Jidicalarn
932 1289 1076 1351 dicentes.
1101 1289 1205 1349 Cicero
1227 1290 1258 1345 in
1282 1289 1346 1344 hac

260 1375 480 1449 comparatione
509 1374 637 1448 plurium
666 1373 844 1430 cithararum
874 1384 903 1429 et
931 1374 1040 1430 nullius
1069 1376 1179 1447 (unius)
1204 1375 1346 1431 citharae

260 1460 364 1516 maluit
392 1459 569 1535 singularem
599 1459 692 1532 sequi.
737 1459 848 1527 (Facile
877 1469 973 1514 autem
1002 1459 1197 1536 intellegitur,
1226 1478 1279 1515 cur
1308 1458 1344 1514 in

260 1546 356 1602 sidere
380 1545 582 1619 significando,
606 1544 635 1599 in
659 1562 717 1617 quo
741 1544 838 1599 unitas
861 1545 1065 1619 spectabatur.
1089 1564 1192 1601 sensus
1215 1544 1345 1601 Latino·

261 1649 324 1686 runi
355 1629 497 1705 pluralem
528 1647 680 1684 numerum
710 1628 860 1704 refugerit.
906 1629 1071 1703 Singularis
1099 1630 1211 1685 nurncri
1240 1630 1344 1686 forma

260 1734 318 1772 non
342 1715 464 1788 antiqua
486 1724 532 1770 est
554 1732 607 1769 nec
630 1713 825 1780 obsoleverat,
849 1714 900 1769 sed
924 1717 1022 1786 nova.)
1067 1716 1168 1772 Restat
1192 1726 1345 1770 annotan-

261 1801 315 1855 dus
343 1818 413 1856 usus
437 1798 664 1875 praepositionis
687 1802 722 1853 tn.
768 1800 844 1854 Nam
869 1799 1011 1855 orationis
1034 1819 1137 1855 severa
1159 1799 1262 1875 regula
1285 1818 1344 1873 po-

260 1884 370 1941 stulare
394 1885 525 1941 ridetur,
554 1894 584 1938 ut
613 1892 663 1939 aut
692 1884 733 1939 sic
757 1884 883 1940 dicatur:
918 1885 954 1939 l-'t
974 1886 1048 1956 fider
1072 1888 1181 1959 plnres,
1210 1887 1234 1941 ri
1261 1886 1344 1939 indta

260 1988 352 2025 earnm
375 2001 425 2025 -.
449 1988 545 2025 murrea.
570 1964 620 2023 aut
643 1967 699 2023 sic:
728 1970 776 2035 to,
801 1972 826 2024 si
846 1988 860 2023 e
879 1970 1004 2042 plan-ibas
1020 1971 1124 2041 „rictibus
1146 1972 1230 2026 nartln.
1276 1968 1343 2026 Sed

261 2057 288 2111 in
310 2065 379 2109 ante
402 2054 575 2110 divisionem
600 2052 705 2109 Cicero
729 2054 841 2127 posuit,
864 2063 897 2110 ut
920 2054 1005 2119 alibi,
1028 2055 1195 2121 materiam,
1223 2054 1254 2109 in
1277 2071 1345 2127 qua

260 2157 308 2195 res
332 2150 489 2213 appareat,
514 2137 698 2211 significans,
728 2138 811 2211 qnasi
834 2138 928 2194 dicas:
957 2138 999 2196 [a
1021 2138 1050 2194 in
1074 2139 1206 2214 pluribus
1229 2138 1344 2195 fidibus

260 2224 301 2293 fit,
319 2233 351 2279 ut
370 2242 462 2297 neque
481 2224 667 2278 incontentae
685 2223 745 2279 sint
761 2233 816 2280 cet.
852 2222 947 2279 Multo
964 2223 1066 2279 durius
1083 2224 1124 2281 ita
1141 2224 1217 2280 dixit
1230 2225 1267 2290 V,
1281 2224 1345 2279 312

259 2312 285 2365 in
303 2312 452 2384 partis-
467 2311 648 2374 ertinwnnrnt,
672 2307 805 2381 pluribus
829 2308 999 2375 interiectis,
1024 2309 1079 2365 hoc
1101 2320 1159 2365 est:
1182 2309 1211 2364 in
1236 2307 1344 2382 parvis

260 2412 348 2468 saepe
377 2393 424 2462 fit,
453 2402 485 2448 nt
513 2393 722 2459 extimescant3
753 2411 818 2448 nam
848 2411 985 2467 perverso
1009 2393 1162 2450 Ernestius
1190 2404 1219 2449 et
1242 2392 1344 2451 Gaius

260 2478 448 2552 partitionem
473 2477 629 2541 inducunt,
658 2488 691 2532 ut
712 2481 738 2532 in
758 2482 868 2551 pcrrtn's.
897 2482 945 2551 qni
966 2478 1019 2534 sit:
1047 2482 1067 2534 a·
1088 2499 1120 2535 en
1140 2482 1249 2553 porois,
1278 2482 1342 2552 qni.

193 2581 197 2589 ·
259 2563 338 2637 quod
361 2563 487 2636 primurn
511 2561 567 2617 dici
592 2561 702 2634 nequit,
726 2562 830 2618 deinde
854 2581 973 2636 prorsus
996 2582 1014 2618 a
1036 2564 1183 2619 sententia
1204 2562 1261 2618 loci
1284 2562 1342 2618 ab·

259 2647 374 2713 horret;
398 2664 492 2719 nequo
515 2646 592 2702 enim
614 2646 684 2702 Piso
707 2647 782 2702 alios
805 2666 911 2721 pueros
934 2648 969 2703 do
993 2648 1029 2704 iis
1051 2650 1148 2710 rebus,
1171 2666 1245 2721 quas
1267 2658 1345 2703 ante

259 2732 436 2800 nominavit,
466 2731 595 2806 cogitare
619 2731 703 2796 dicit,
734 2731 808 2787 alios
836 2751 894 2788 non
918 2734 1062 2809 cogitare,
1091 2734 1143 2789 sed
1171 2732 1341 2807 generatim

259 2835 381 2892 pueros,
410 2816 459 2888 qui
490 2815 560 2871 talia
590 2835 647 2870 non
677 2816 820 2892 cogitent,
849 2818 887 2871 ab
915 2818 1023 2874 adultis
1051 2818 1186 2893 seiungit.
1239 2816 1343 2892 Supra

261 2902 317 2961 [II.
342 2901 381 2957 63
405 2904 446 2973 (nt
469 2906 494 2956 in
518 2902 641 2955 inerudita
656 2902 718 2956 'alio
740 2912 802 2958 aunt
825 2904 891 2974 cet.)
914 2912 943 2957 et
966 2904 1003 2964 V,
1029 2904 1067 2959 36
1094 2906 1132 2971 (in
1154 2903 1276 2959 tarsidus
1300 2912 1344 2959 eat

258 3006 309 3043 arra
332 2990 461 3059 cuiusque
483 2988 579 3051 cirtns')
602 2995 630 3040 et
656 2986 693 3041 N.
708 2986 745 3043 D.
771 2989 811 3047 ll,
831 2990 888 3042 1⁴23
912 2989 953 3061 (nt
975 2992 1001 3043 in
1023 2990 1157 3044 araneolis
1178 2990 1249 3043 oliae
1270 2996 1342 3045 eet..

258 3071 309 3145 qui
337 3071 419 3127 locus
448 3070 563 3126 illorum
588 3072 807 3144 caniparatione
838 3072 909 3128 satis
932 3072 1111 3146 defenditur)
1134 3072 1254 3147 partitio
1277 3083 1343 3139 est;

257 3174 352 3229 neque
376 3166 533 3221 tamenea
554 3155 736 3229 significatur
763 3157 828 3229 ipsa
851 3158 1083 3231 praepositione,
1112 3176 1149 3214 cx
1178 3174 1237 3231 qua
1263 3157 1344 3214 haec

258 3239 385 3297 efficitur
408 3240 569 3295 sententia:
592 3239 685 3297 Utin
710 3241 848 3298 membris
871 3242 903 3297 tit
926 3243 1093 3317 (videmus),
1117 3254 1148 3298 ut
1165 3261 1202 3298 ex
1220 3242 1263 3298 eis
1282 3252 1341 3299 cet

259 3323 370 3405 [Simili
393 3324 580 3400 neglegentia
603 3324 707 3380 Livius
730 3326 787 3393 IX,
807 3328 856 3393 34,
878 3328 915 3383 25
941 3327 1072 3402 scripsit:
1095 3339 1123 3383 nt
1145 3330 1256 3385 cannitiis
1277 3346 1343 3383 cen·

259 3413 347 3475 soriis,
373 3443 409 3451 -
434 3413 539 3465 conuitio
561 3406 745 3488 statuantur]

344 3514 431 3549 ornantes
454 3514 538 3567 acqtec
560 3499 736 3567 incontentae)
760 3495 930 3552 Delationes
953 3496 1069 3552 codices
1092 3506 1227 3553 contentae
1243 3495 1341 3567 (Oxx.

258 3582 386 3651 ornnes);
405 3588 465 3634 tum
484 3579 512 3635 in
531 3580 656 3652 repetito
675 3580 765 3635 verbo
782 3582 937 3655 ctiacrcpnnt
953 3583 1129 3639 aberrarunt
1144 3599 1245 3637 eorum
1262 3599 1341 3637 non·

259 3665 341 3722 nulli.
365 3664 447 3719 velut
468 3659 543 3738 Εξχε
566 3668 631 3737 qaia
653 3667 816 3739 (increpant,
838 3670 919 3739 paria
942 3678 1004 3722 sarrit
1026 3669 1091 3736 (sint
1112 3669 1150 3743 χ).
1185 3668 1273 3737 luitur
1290 3667 1343 3723 loc

257 3750 312 3807 (sic
335 3750 423 3805 etiarn
443 3753 481 3819 ψ)
498 3750 621 3819 nrndinno
639 3751 755 3805 lznlr'mna
773 3751 872 3819 (etiam
891 3753 939 3823 ψ).
974 3751 1011 3807 Et
1029 3753 1130 3808 eodem
1150 3753 1237 3808 modo
1249 3752 1341 3817 Mor„

258 3844 370 3889 tanturn
396 3834 473 3906 quod
498 3835 540 3889 ln'c
559 3844 587 3889 et
605 3837 735 3891 titillatur.
770 3835 824 3891 Ed.
840 3834 920 3893 Crat.
939 3836 968 3891 in
981 3848 1123 3893 contextu
1140 3837 1243 3893 habet:
1265 3847 1341 3893 merit.

260 3920 346 3991 lpitro·
363 3922 411 3974 troc
428 3919 551 3990 arrrbrprno
569 3922 640 3975 tratis
657 3939 711 3985 nte,
729 3920 758 3974 in
778 3938 834 3993 mg.
847 3930 1020 3978 annotatur:
1041 3924 1118 3989 „aaa
1146 3921 1225 3979 Alii:
1249 3922 1343 3977 Paria

257 4014 319 4059 ortnt
336 4009 427 4076 initian
462 4005 521 4060 Hoc
538 4005 660 4077 arnlrrpno
678 4008 824 4061 trulr'rnnr.“
850 4002 1001 4085 [EtlatnB
1023 4009 1075 4064 sibi
1092 4026 1145 4081 pro
1162 4010 1244 4079 ipitnr
1260 4006 1342 4063 miro

259 4090 374 4144 mendo.
420 4089 478 4147 Sed
509 4089 630 4146 tollendi
661 4090 718 4145 tria
742 4091 832 4146 verba
856 4095 939 4165 paria
967 4103 1030 4146 nnn
1057 4095 1138 4163 ipitnr
1164 4091 1246 4147 nulla
1268 4091 1344 4149 hine

258 4192 348 4230 causa
360 4175 499 4230 nascitur.
527 4176 616 4231 Recte
629 4175 841 4251 comparationi
854 4175 972 4232 additur
984 4176 1148 4252 argumenti
1160 4172 1344 4257 conclusio]

258 4259 353 4315 Paulo
378 4270 442 4333 post
466 4271 591 4332 sequeno·
614 4260 745 4317 Orellins
768 4279 804 4316 ex
829 4261 893 4316 edd.
912 4261 992 4319 Crat.
1016 4262 1057 4328 (in
1082 4265 1174 4336 cont.)
1193 4272 1223 4317 et
1239 4262 1344 4327 viere

258 4344 372 4399 accedit
394 4362 471 4399 nnnc
494 4345 623 4417 (praeter
647 4347 682 4417 L)
707 4346 767 4401 Erl.
791 4342 854 4424 [Bl.
905 4348 940 4403 L't
964 4352 1043 4403 ettam
1066 4346 1160 4405 Gzius
1183 4364 1220 4403 ex
1243 4346 1347 4403 omni-

258 4429 313 4483 bns
336 4429 397 4484 suis
420 4424 489 4507 [Rp
512 4429 634 4486 alterum
659 4431 754 4487 tenuit
777 4431 828 4488 0r.
