3030 5086
332 430 394 494 142
722 447 766 493 na
789 447 919 493 rruruus
943 447 1014 493 sou.

329 615 415 692 linis,
446 616 521 696 quid
543 616 636 680 etiam
660 617 700 679 sit
720 616 823 696 ipsum
845 615 982 680 bonum?
1026 617 1055 680 ὃ.
1089 615 1185 696 Atqui
1212 614 1289 678 hacc
1316 623 1407 696 pate-

330 717 423 783 factio
442 718 532 798 quasi
548 736 654 783 rerum
672 725 860 798 operturum,
882 736 960 797 cum,
983 717 1058 799 quid
1075 717 1212 798 quidque
1229 717 1279 791 sit,
1302 717 1408 811 aperi·

330 827 390 899 tur,
413 818 552 884 definitio
576 828 637 898 est;
661 838 723 901 qua
745 829 779 885 tu
796 819 889 884 etiam
905 820 1087 900 imprudens
1105 820 1235 884 utebare
1253 837 1406 883 nonnum-

330 941 432 1002 quam.
477 921 558 985 Nam
585 921 668 986 hunc
694 922 796 1002 ipsum
825 921 892 986 sive
918 921 1011 986 finem
1044 923 1111 986 sive
1138 929 1307 986 extremum
1341 920 1407 985 sive

291 1023 471 1088 bultimum
494 1022 664 1088 definiebas
687 1024 719 1087 id
741 1042 825 1101 esse,
848 1042 909 1105 quo
932 1024 1049 1100 omnia,
1078 1042 1158 1104 quae
1180 1031 1265 1088 recte
1287 1022 1407 1100 fierent,

329 1125 522 1190 referrentur
550 1144 651 1206 neque
678 1126 711 1189 id
738 1126 840 1206 ipsum
863 1144 995 1207 usquam
1018 1124 1195 1190 referretur.
1241 1125 1406 1190 Praeclare

330 1227 388 1291 hoc
410 1228 543 1309 quidem.
587 1227 709 1291 Bonum
732 1229 835 1309 ipsum
858 1228 951 1293 etiam
980 1228 1056 1309 quid
1078 1235 1174 1305 esset,
1201 1226 1351 1306 fortasse,
1379 1227 1406 1290 si

328 1347 408 1409 opus
431 1328 549 1407 fuisset,
572 1329 745 1409 definisses,
767 1337 823 1394 aut
844 1331 928 1411 quod
951 1339 1034 1394 esset
1057 1339 1168 1394 natura
1185 1330 1406 1413 appetendum,
1488 1411 1489 1415 Ἰ

328 1442 383 1494 aut
410 1431 495 1512 quod
522 1431 701 1511 prodesset,
734 1440 790 1496 aut
817 1433 901 1513 quod
928 1432 1064 1510 iuvaret,
1097 1440 1153 1495 aut
1185 1432 1268 1513 quod
1295 1431 1407 1495 liberet

271 1537 311 1600 to
328 1533 429 1596 modo.
474 1532 564 1596 Nunc
586 1533 682 1610 idem,
716 1533 775 1598 nisi
802 1535 967 1598 molestum
989 1541 1052 1612 est,
1085 1533 1230 1614 quoniam
1258 1532 1313 1597 tibi
1342 1551 1405 1597 nou

328 1633 452 1698 omnino
476 1634 619 1715 displicet
640 1635 771 1699 definire
793 1643 825 1700 et
846 1635 878 1699 id
901 1634 991 1711 tacis,
1025 1654 1095 1700 cum
1117 1635 1180 1713 vis,
1214 1635 1305 1699 velim
1327 1633 1404 1699 defi-

327 1735 410 1812 nias,
445 1736 519 1816 quid
548 1736 589 1800 sit
611 1738 770 1818 voluptas,
804 1739 844 1802 de
871 1756 933 1819 quo
962 1737 1061 1801 omnis
1083 1736 1161 1801 haec
1183 1737 1324 1818 quaestio
1347 1742 1404 1801 est

327 1838 356 1902 6.
381 1837 466 1916 Quis,
489 1856 617 1918 quaeso,
640 1838 748 1919 inquit,
772 1845 829 1916 est,
852 1840 918 1920 qui,
941 1839 1018 1920 quid
1040 1838 1082 1904 sit
1103 1838 1262 1920 voluptas,
1286 1838 1405 1903 nesciat

218 2114 222 2120 ι
400 2064 419 2106 l.
440 2075 490 2107 esee
508 2063 565 2123 (pro
585 2058 665 2121 fiam)
685 2059 706 2107 Ε
725 2060 786 2109 etC
823 2059 957 2125 [patefacio
977 2060 1021 2127 Al]
1074 2065 1095 2109 2.
1119 2059 1236 2124 quidquid
1252 2058 1310 2123 quid
1326 2059 1358 2108 ait
1375 2059 1404 2108 M

225 2168 229 2177 .
327 2125 385 2189 quid
402 2126 530 2190 quidquam
548 2127 619 2176 sitL
641 2128 672 2175 sit
689 2129 780 2177 omE
825 2134 847 2178 3.
871 2127 990 2195 [diffinitio
1009 2127 1043 2195 A]
1090 2135 1112 2178 4.
1134 2127 1269 2194 [extrenum
1286 2127 1336 2177 sive
1354 2143 1403 2178 om.

328 2192 373 2261 A¹]
413 2199 434 2247 6.
454 2212 527 2259 aeque
541 2223 572 2234 -
585 2199 714 2254 referretur
728 2197 809 2246 om.L
831 2197 978 2264 [afferretur
995 2197 1029 2264 A]
1049 2197 1208 2261 reseraturC
1247 2200 1268 2250 7.
1291 2196 1403 2260 ᾳαοηιΕ

330 2267 365 2312 10.
387 2261 460 2312 Nunc
479 2262 529 2317 om.
547 2264 668 2315 LPMCR
708 2270 744 2316 ll.
754 2266 831 2327 fiain
851 2265 919 2332 [All]
960 2265 1058 2328 desinire
1076 2268 1133 2331 (pro
1152 2264 1265 2331 desiniat)
1284 2264 1404 2316 LPMCR

329 2335 367 2381 12.
389 2331 481 2395 quidem
498 2333 529 2381 sit
547 2333 571 2390 Ε4
608 2332 718 2398 voluptas
737 2335 828 2383 omR
866 2334 925 2383 laec
943 2335 1017 2383 omasi
1034 2336 1058 2384 R
1100 2338 1137 2383 la.
1157 2334 1210 2397 qais
1229 2333 1301 2397 quasi
1319 2332 1403 2401 [ΜΕ

328 2398 391 2466 [quta
410 2417 481 2464 quom
500 2399 553 2468 A’]
591 2402 664 2465 quasi
679 2401 732 2465 quis
749 2405 824 2452 ceteri
864 2401 951 2469 [unquis
969 2401 1017 2470 Al]
1041 2402 1178 2470 [voluptatis
1197 2400 1231 2468 Α]

413 2607 440 2665 5.
488 2605 588 2686 Atqui)
610 2608 679 2666 vid.
704 2609 741 2666 ad
764 2611 793 2679 Ι,
818 2611 867 2667 58.
912 2611 983 2668 Mox
1012 2611 1042 2667 in
1065 2610 1164 2667 verbis
1194 2611 1404 2684 quidquidque

325 2693 370 2765 (ut
398 2692 538 2768 scriptum
573 2703 617 2750 est
650 2694 738 2751 etiam
770 2696 799 2751 in
828 2694 906 2770 Spir.
930 2694 986 2773 [B]
1009 2704 1039 2752 et
1061 2715 1118 2772 mg.
1141 2694 1234 2769 Crat.)
1263 2696 1402 2752 aberrant

325 2777 413 2834 etiam
437 2778 560 2836 aliorum
579 2779 663 2835 codd.
681 2780 852 2851 deteriores,
875 2789 908 2837 ut
928 2800 946 2856 χ
963 2783 1107 2855 quidquid,
1130 2796 1156 2852 ψ
1174 2782 1310 2855 quidquid
1326 2782 1401 2855 quid.

325 2862 371 2922 De
399 2862 449 2932 iis,
484 2881 559 2937 quae
588 2874 764 2938 sequuntur,
799 2865 876 2938 quod
907 2866 943 2922 ad
973 2866 1115 2923 orationis
1137 2865 1263 2923 formam
1287 2866 1402 2937 attinet,

325 2946 383 3004 vid.
406 2948 443 3004 ad
467 2949 491 3019 Ι,
516 2950 564 3017 42,
588 2949 725 3019 derel,
750 2951 799 3007 29.

410 3032 491 3090 Nunc
512 3032 596 3111 idem)
619 3034 700 3092 Num
722 3036 835 3092 addidit
857 3035 1006 3094 Gruterus
1028 3055 1044 3092 e
1067 3036 1133 3094 Pal.
1161 3039 1192 3103 13
1221 3046 1285 3093 erat
1312 3036 1400 3093 etiam

300 3117 353 3174 'itt
378 3118 455 3193 Spir.
479 3117 534 3196 [B]
558 3129 588 3177 et
611 3119 690 3178 Gud.
715 3122 748 3189 2;
772 3121 802 3177 in
825 3121 931 3178 ceteris
954 3121 1060 3194 (Pall,
1083 3121 1175 3186 Dav„
1199 3119 1296 3190 Oxx.,
1320 3120 1401 3193 Gaii)

323 3204 439 3273 aberat;
475 3205 574 3278 itaque
605 3205 674 3262 olim
704 3205 953 3282 distinguebatur:
988 3207 1085 3263 liberet.
1138 3208 1223 3264 illudo
1249 3208 1319 3263 idem
1346 3215 1401 3264 cet

323 3288 416 3346 iidem
448 3290 583 3347 meliores
610 3290 688 3363 (Pal.
717 3294 747 3357 1,
776 3289 841 3369 [B,]
870 3311 927 3367 mg.
953 3292 1048 3360 Crat,
1084 3292 1148 3349 cod.
1172 3292 1260 3364 Mor.)
1288 3293 1401 3364 definias

323 3374 480 3443 dederunt,
510 3394 687 3450 quamquam
710 3378 833 3450 dejlar're,
863 3378 941 3451 quod
969 3377 1111 3434 edebatur
1138 3387 1206 3433 ante
1229 3376 1401 3442 Gruterum,

322 3478 381 3515 non
409 3470 553 3518 annotant
576 3461 652 3519 Dav.
683 3472 713 3518 et
736 3462 843 3530 Gaius,
872 3462 952 3519 Oxx.
982 3471 1080 3519 autern
1110 3471 1223 3519 tantum
1252 3481 1267 3518 e
1289 3480 1315 3538 χ.
1362 3464 1400 3536 (ψ

323 3545 432 3602 omittit
454 3555 478 3601 et
499 3548 530 3602 td
552 3579 590 3589 -«
615 3548 750 3621 definias.)
794 3545 904 3624 [Paulo
927 3556 995 3604 ante
1018 3549 1044 3605 B
1066 3556 1100 3604 ut
1122 3546 1215 3604 AErl.
1231 3545 1339 3625 finire]

409 3633 436 3686 6.
488 3630 568 3701 Quis,
597 3651 712 3706 quaeso,
739 3636 840 3706 inquit,
868 3631 920 3706 est)
949 3633 984 3689 In
1013 3651 1070 3688 uno
1093 3632 1238 3690 vocabulo
1261 3633 1401 3689 aberrant

322 3716 391 3773 boni
415 3717 544 3781 codices,
569 3736 623 3791 pro
646 3737 746 3791 quaeso
768 3726 833 3779 aut.
856 3727 889 3774 ut
911 3718 1012 3773 multis
1035 3718 1101 3775 aliis
1123 3718 1198 3775 locis
1220 3720 1246 3791 (ξ
1266 3718 1320 3786 80,
1344 3719 1399 3786 IV,

324 3802 373 3871 72,
398 3803 481 3859 Brut.
507 3803 578 3870 289,
602 3803 734 3878 Philipp.
758 3802 849 3871 Xlll,
874 3803 922 3867 32,
946 3803 984 3858 ad
1006 3804 1098 3861 Attio.
1113 3805 1149 3864 V,
1166 3807 1190 3871 l,
1205 3804 1233 3871 4,
1256 3804 1293 3860 ad
1317 3805 1398 3860 Fam.

322 3887 359 3956 V,
388 3889 438 3947 15,
464 3890 508 3961 2),
537 3892 619 3962 quusi
644 3889 787 3945 habentes
815 3888 888 3962 (Erl.
918 3886 963 3964 [et
986 3886 1040 3965 B];
1068 3887 1147 3946 Gud.
1172 3890 1189 3944 2
1219 3893 1299 3962 quusi
1325 3892 1399 3963 quis)

321 3981 372 4027 aut
394 3992 469 4046 quae
493 3973 560 4029 inde
584 3974 690 4030 leviter
712 3974 883 4040 deflectant3
908 3973 985 4049 Spir.
1009 3977 1156 4048 qm'squesi.
1192 3975 1282 4030 Recte
1302 3993 1398 4031 emen·

322 4057 403 4114 davit
437 4058 539 4117 Gzius.
594 4059 736 4115 Davisius
770 4058 834 4115 Pal.
868 4062 881 4114 1
924 4060 1135 4115 correctionem
1170 4072 1286 4115 secutus
1321 4071 1399 4115 erat:

326 4142 489 4217 Quisquam,
529 4146 628 4218 inquit,
667 4155 720 4213 est,
755 4145 801 4217 (eo
835 4144 1017 4219 pronominis
1050 4145 1162 4219 positu,
1202 4146 1252 4218 qui
1291 4155 1336 4201 est
1368 4145 1398 4200 in

321 4228 461 4298 Verr.1,
489 4232 564 4298 142,
599 4230 634 4286 de
665 4230 736 4288 Div.
760 4231 788 4293 Ι,
814 4230 869 4298 23,
904 4231 1011 4286 Parad.
1038 4233 1085 4295 14,
1109 4230 1182 4303 ull).
1227 4231 1398 4286 Deteriores

320 4325 482 4371 ceterorum
507 4325 540 4370 ut
562 4315 669 4385 nostri,
693 4315 769 4371 unde
793 4315 919 4372 Manutii
943 4326 972 4371 et
995 4315 1167 4383 Lambinus,
1192 4316 1397 4372 soloecismum

322 4398 350 4453 in
385 4401 467 4456 verbi
503 4401 588 4456 modo
622 4401 769 4457 vitantes:
819 4400 906 4468 Qrtast'
939 4404 1000 4474 quis
1034 4402 1149 4472 (Lamb.
1182 4402 1290 4458 rectius
1324 4404 1399 4475 quis-
