<?xml version="1.0" encoding="UTF-8"?>
<!DOCTYPE html PUBLIC "-//W3C//DTD XHTML 1.0 Transitional//EN"
    "http://www.w3.org/TR/xhtml1/DTD/xhtml1-transitional.dtd">
<html xmlns="http://www.w3.org/1999/xhtml" xml:lang="en" lang="en">
 <head>
  <title>
</title>
<meta http-equiv="Content-Type" content="text/html;charset=utf-8" />
  <meta name='ocr-system' content='tesseract 3.04.00' />
  <meta name='ocr-capabilities' content='ocr_page ocr_carea ocr_par ocr_line ocrx_word'/>
</head>
<body>
  <div class='ocr_page' id='page_1' title='image "./mtulliiciceroni35cicegoog/mtulliiciceroni35cicegoog_0450.png"; bbox 0 0 3030 5086; ppageno 0'>
   <div class='ocr_carea' id='block_1_1' title="bbox 450 505 1260 584">
    <p class='ocr_par' dir='ltr' id='par_1_1' title="bbox 450 505 1260 584">
     <span class='ocr_line' id='line_1_1' title="bbox 450 505 1260 584; baseline 0.005 -18"><span class='ocrx_word' id='word_1_1' title='bbox 450 522 492 566; x_wconf 83' lang='lat' dir='ltr'><strong>eu</strong></span> <span class='ocrx_word' id='word_1_2' title='bbox 517 522 596 567; x_wconf 78' lang='lat' dir='ltr'><strong>mun.</strong></span> <span class='ocrx_word' id='word_1_3' title='bbox 620 521 683 565; x_wconf 80' lang='lat' dir='ltr'><strong>me.</strong></span> <span class='ocrx_word' id='word_1_4' title='bbox 705 522 741 566; x_wconf 88' lang='lat' dir='ltr'><strong>rn</strong></span> <span class='ocrx_word' id='word_1_5' title='bbox 764 521 837 567; x_wconf 71' lang='lat' dir='ltr'><strong>cur.</strong></span> <span class='ocrx_word' id='word_1_6' title='bbox 858 525 880 567; x_wconf 81' lang='lat' dir='ltr'><strong>e.</strong></span> <span class='ocrx_word' id='word_1_7' title='bbox 896 525 994 584; x_wconf 68' lang='lat' dir='ltr'><strong>ts-r.)</strong></span> <span class='ocrx_word' id='word_1_8' title='bbox 1197 505 1260 570; x_wconf 85' lang='lat'><strong>349</strong></span> 
     </span>
    </p>
   </div>
   <div class='ocr_carea' id='block_1_2' title="bbox 183 688 1299 1583">
    <p class='ocr_par' dir='ltr' id='par_1_2' title="bbox 183 688 1299 1583">
     <span class='ocr_line' id='line_1_2' title="bbox 183 688 1260 771; baseline 0 -17"><span class='ocrx_word' id='word_1_9' title='bbox 183 709 261 768; x_wconf 91' lang='lat' dir='ltr'><strong>rum,</strong></span> <span class='ocrx_word' id='word_1_10' title='bbox 285 709 366 771; x_wconf 84' lang='lat' dir='ltr'><strong>quae</strong></span> <span class='ocrx_word' id='word_1_11' title='bbox 387 689 462 753; x_wconf 92' lang='lat' dir='ltr'><strong>mihi</strong></span> <span class='ocrx_word' id='word_1_12' title='bbox 479 688 654 752; x_wconf 84' lang='lat' dir='ltr'><strong>communia</strong></span> <span class='ocrx_word' id='word_1_13' title='bbox 671 695 770 752; x_wconf 88' lang='lat' dir='ltr'><strong>tecum</strong></span> <span class='ocrx_word' id='word_1_14' title='bbox 790 699 871 764; x_wconf 85' lang='lat' dir='ltr'><strong>sunt,</strong></span> <span class='ocrx_word' id='word_1_15' title='bbox 894 689 1136 758; x_wconf 79' lang='lat' dir='ltr'><strong>existimatorem</strong></span> <span class='ocrx_word' id='word_1_16' title='bbox 1159 698 1192 754; x_wconf 89' lang='lat' dir='ltr'><strong>et</strong></span> <span class='ocrx_word' id='word_1_17' title='bbox 1211 691 1260 754; x_wconf 94' lang='lat' dir='ltr'><strong>iu·</strong></span> 
     </span>
     <span class='ocr_line' id='line_1_3' title="bbox 184 789 1260 872; baseline 0.002 -17"><span class='ocrx_word' id='word_1_18' title='bbox 184 792 291 856; x_wconf 91' lang='lat' dir='ltr'><strong>dicem.</strong></span> <span class='ocrx_word' id='word_1_19' title='bbox 326 793 477 854; x_wconf 82' lang='lat' dir='ltr'><strong>Attendes</strong></span> <span class='ocrx_word' id='word_1_20' title='bbox 493 790 598 871; x_wconf 85' lang='lat' dir='ltr'><strong>igitur,</strong></span> <span class='ocrx_word' id='word_1_21' title='bbox 621 797 656 852; x_wconf 91' lang='lat' dir='ltr'><strong>ut</strong></span> <span class='ocrx_word' id='word_1_22' title='bbox 672 789 763 868; x_wconf 90' lang='lat' dir='ltr'><strong>solos,</strong></span> <span class='ocrx_word' id='word_1_23' title='bbox 787 790 961 871; x_wconf 69' lang='lat' dir='ltr'>diligenter,</span> <span class='ocrx_word' id='word_1_24' title='bbox 983 809 1114 872; x_wconf 91' lang='lat' dir='ltr'><strong>eamque</strong></span> <span class='ocrx_word' id='word_1_25' title='bbox 1135 800 1260 857; x_wconf 90' lang='lat' dir='ltr'><strong>contro-</strong></span> 
     </span>
     <span class='ocr_line' id='line_1_4' title="bbox 184 891 1260 972; baseline 0.001 -16"><span class='ocrx_word' id='word_1_26' title='bbox 184 894 319 959; x_wconf 85' lang='lat' dir='ltr'><strong>versiam</strong></span> <span class='ocrx_word' id='word_1_27' title='bbox 336 892 528 968; x_wconf 75' lang='lat' dir='ltr'><strong>diiudicabiS,</strong></span> <span class='ocrx_word' id='word_1_28' title='bbox 551 909 631 972; x_wconf 86' lang='lat' dir='ltr'><strong>quae</strong></span> <span class='ocrx_word' id='word_1_29' title='bbox 650 891 724 955; x_wconf 91' lang='lat' dir='ltr'><strong>mihi</strong></span> <span class='ocrx_word' id='word_1_30' title='bbox 741 891 799 955; x_wconf 87' lang='lat' dir='ltr'><strong>fuit</strong></span> <span class='ocrx_word' id='word_1_31' title='bbox 815 910 884 955; x_wconf 87' lang='lat' dir='ltr'><strong>cum</strong></span> <span class='ocrx_word' id='word_1_32' title='bbox 900 892 1052 956; x_wconf 83' lang='lat' dir='ltr'><strong>avunculo</strong></span> <span class='ocrx_word' id='word_1_33' title='bbox 1070 902 1133 972; x_wconf 90' lang='lat' dir='ltr'><strong>tuo,</strong></span> <span class='ocrx_word' id='word_1_34' title='bbox 1156 893 1260 958; x_wconf 89' lang='lat' dir='ltr'><strong>divino</strong></span> 
     </span>
     <span class='ocr_line' id='line_1_5' title="bbox 183 992 1260 1076; baseline 0.002 -18"><span class='ocrx_word' id='word_1_35' title='bbox 183 1013 221 1058; x_wconf 84' lang='lat' dir='ltr'><strong>ec</strong></span> <span class='ocrx_word' id='word_1_36' title='bbox 243 994 394 1076; x_wconf 79' lang='lat' dir='ltr'>singulari</span> <span class='ocrx_word' id='word_1_37' title='bbox 416 993 492 1055; x_wconf 90' lang='lat' dir='ltr'><strong>viro.</strong></span> <span class='ocrx_word' id='word_1_38' title='bbox 544 992 571 1054; x_wconf 82' lang='lat'><strong>7.</strong></span> <span class='ocrx_word' id='word_1_39' title='bbox 599 992 678 1055; x_wconf 88' lang='lat' dir='ltr'><strong>Nam</strong></span> <span class='ocrx_word' id='word_1_40' title='bbox 706 993 738 1056; x_wconf 91' lang='lat' dir='ltr'><strong>in</strong></span> <span class='ocrx_word' id='word_1_41' title='bbox 766 993 1038 1057; x_wconf 78' lang='lat' dir='ltr'><strong>Tusculanorum</strong></span> <span class='ocrx_word' id='word_1_42' title='bbox 1067 1013 1167 1060; x_wconf 90' lang='lat' dir='ltr'><strong>essem</strong></span> <span class='ocrx_word' id='word_1_43' title='bbox 1195 995 1260 1060; x_wconf 88' lang='lat' dir='ltr'><strong>vel·</strong></span> 
     </span>
     <span class='ocr_line' id='line_1_6' title="bbox 183 1093 1299 1176; baseline 0.003 -16"><span class='ocrx_word' id='word_1_44' title='bbox 183 1097 306 1176; x_wconf 89' lang='lat' dir='ltr'><strong>lemque</strong></span> <span class='ocrx_word' id='word_1_45' title='bbox 328 1115 345 1160; x_wconf 95' lang='lat' dir='ltr'><strong>e</strong></span> <span class='ocrx_word' id='word_1_46' title='bbox 367 1093 551 1158; x_wconf 77' lang='lat' dir='ltr'>bibliotheca</span> <span class='ocrx_word' id='word_1_47' title='bbox 567 1093 657 1173; x_wconf 90' lang='lat' dir='ltr'><strong>pueri</strong></span> <span class='ocrx_word' id='word_1_48' title='bbox 670 1093 789 1157; x_wconf 83' lang='lat' dir='ltr'>Luculli</span> <span class='ocrx_word' id='word_1_49' title='bbox 807 1094 992 1175; x_wconf 88' lang='lat' dir='ltr'><strong>quibusdam</strong></span> <span class='ocrx_word' id='word_1_50' title='bbox 1011 1095 1097 1161; x_wconf 85' lang='lat' dir='ltr'><strong>libris</strong></span> <span class='ocrx_word' id='word_1_51' title='bbox 1114 1097 1167 1174; x_wconf 89' lang='lat' dir='ltr'><strong>uti,</strong></span> <span class='ocrx_word' id='word_1_52' title='bbox 1189 1096 1299 1163; x_wconf 72' lang='lat' dir='ltr'><strong>venio</strong></span> 
     </span>
     <span class='ocr_line' id='line_1_7' title="bbox 183 1195 1261 1278; baseline 0 -17"><span class='ocrx_word' id='word_1_53' title='bbox 183 1198 214 1261; x_wconf 91' lang='lat' dir='ltr'><strong>in</strong></span> <span class='ocrx_word' id='word_1_54' title='bbox 238 1198 304 1261; x_wconf 93' lang='lat' dir='ltr'><strong>eius</strong></span> <span class='ocrx_word' id='word_1_55' title='bbox 328 1197 439 1273; x_wconf 87' lang='lat' dir='ltr'><strong>villam,</strong></span> <span class='ocrx_word' id='word_1_56' title='bbox 461 1203 571 1259; x_wconf 90' lang='lat' dir='ltr'><strong>utens</strong></span> <span class='ocrx_word' id='word_1_57' title='bbox 593 1195 673 1275; x_wconf 91' lang='lat' dir='ltr'><strong>ipse,</strong></span> <span class='ocrx_word' id='word_1_58' title='bbox 697 1200 732 1257; x_wconf 88' lang='lat' dir='ltr'><strong>ut</strong></span> <span class='ocrx_word' id='word_1_59' title='bbox 753 1195 899 1274; x_wconf 88' lang='lat' dir='ltr'><strong>solebam,</strong></span> <span class='ocrx_word' id='word_1_60' title='bbox 921 1196 1148 1277; x_wconf 77' lang='lat' dir='ltr'><strong>depromerem.</strong></span> <span class='ocrx_word' id='word_1_61' title='bbox 1192 1201 1261 1278; x_wconf 86' lang='lat' dir='ltr'><strong>Quo</strong></span> 
     </span>
     <span class='ocr_line' id='line_1_8' title="bbox 184 1297 1262 1378; baseline 0.001 -16"><span class='ocrx_word' id='word_1_62' title='bbox 184 1317 253 1362; x_wconf 89' lang='lat' dir='ltr'><strong>cum</strong></span> <span class='ocrx_word' id='word_1_63' title='bbox 276 1299 445 1375; x_wconf 78' lang='lat' dir='ltr'><strong>venissem,</strong></span> <span class='ocrx_word' id='word_1_64' title='bbox 468 1297 510 1362; x_wconf 90' lang='lat' dir='ltr'><strong>M.</strong></span> <span class='ocrx_word' id='word_1_65' title='bbox 534 1297 697 1373; x_wconf 86' lang='lat' dir='ltr'><strong>Catonem,</strong></span> <span class='ocrx_word' id='word_1_66' title='bbox 720 1315 810 1377; x_wconf 92' lang='lat' dir='ltr'><strong>quem</strong></span> <span class='ocrx_word' id='word_1_67' title='bbox 833 1297 874 1360; x_wconf 92' lang='lat' dir='ltr'><strong>ibi</strong></span> <span class='ocrx_word' id='word_1_68' title='bbox 897 1316 967 1361; x_wconf 90' lang='lat' dir='ltr'><strong>esse</strong></span> <span class='ocrx_word' id='word_1_69' title='bbox 989 1299 1173 1378; x_wconf 76' lang='lat' dir='ltr'><strong>nemimem,</strong></span> <span class='ocrx_word' id='word_1_70' title='bbox 1196 1298 1262 1363; x_wconf 87' lang='lat' dir='ltr'><strong>vidi</strong></span> 
     </span>
     <span class='ocr_line' id='line_1_9' title="bbox 184 1396 1261 1474; baseline 0.002 -10"><span class='ocrx_word' id='word_1_71' title='bbox 184 1400 215 1464; x_wconf 91' lang='lat' dir='ltr'><strong>in</strong></span> <span class='ocrx_word' id='word_1_72' title='bbox 232 1400 417 1464; x_wconf 84' lang='lat' dir='ltr'><strong>bibliothece</strong></span> <span class='ocrx_word' id='word_1_73' title='bbox 434 1399 603 1474; x_wconf 88' lang='lat' dir='ltr'><strong>sedentem,</strong></span> <span class='ocrx_word' id='word_1_74' title='bbox 620 1397 724 1462; x_wconf 92' lang='lat' dir='ltr'><strong>multis</strong></span> <span class='ocrx_word' id='word_1_75' title='bbox 741 1396 958 1462; x_wconf 83' lang='lat' dir='ltr'><strong>circumfusum</strong></span> <span class='ocrx_word' id='word_1_76' title='bbox 974 1400 1145 1464; x_wconf 83' lang='lat' dir='ltr'><strong>Stoicorum</strong></span> <span class='ocrx_word' id='word_1_77' title='bbox 1164 1401 1261 1466; x_wconf 90' lang='lat' dir='ltr'><strong>libris.</strong></span> 
     </span>
     <span class='ocr_line' id='line_1_10' title="bbox 185 1499 1260 1583; baseline 0.002 -19"><span class='ocrx_word' id='word_1_78' title='bbox 185 1502 264 1565; x_wconf 84' lang='lat' dir='ltr'><strong>Erat</strong></span> <span class='ocrx_word' id='word_1_79' title='bbox 280 1502 369 1579; x_wconf 92' lang='lat' dir='ltr'><strong>enim,</strong></span> <span class='ocrx_word' id='word_1_80' title='bbox 387 1511 422 1565; x_wconf 93' lang='lat' dir='ltr'><strong>ut</strong></span> <span class='ocrx_word' id='word_1_81' title='bbox 435 1501 505 1578; x_wconf 86' lang='lat' dir='ltr'><strong>sois,</strong></span> <span class='ocrx_word' id='word_1_82' title='bbox 522 1499 554 1563; x_wconf 93' lang='lat' dir='ltr'><strong>iu</strong></span> <span class='ocrx_word' id='word_1_83' title='bbox 572 1516 609 1563; x_wconf 94' lang='lat' dir='ltr'><strong>eo</strong></span> <span class='ocrx_word' id='word_1_84' title='bbox 626 1499 761 1563; x_wconf 82' lang='lat' dir='ltr'><strong>aviditas</strong></span> <span class='ocrx_word' id='word_1_85' title='bbox 773 1499 905 1580; x_wconf 80' lang='lat' dir='ltr'><strong>legendi,</strong></span> <span class='ocrx_word' id='word_1_86' title='bbox 923 1518 979 1564; x_wconf 91' lang='lat' dir='ltr'><strong>nec</strong></span> <span class='ocrx_word' id='word_1_87' title='bbox 995 1503 1103 1566; x_wconf 88' lang='lat' dir='ltr'><strong>satiari</strong></span> <span class='ocrx_word' id='word_1_88' title='bbox 1120 1510 1260 1583; x_wconf 66' lang='lat' dir='ltr'><strong>poteram</strong></span> 
     </span>
    </p>
   </div>
   <div class='ocr_carea' id='block_1_3' title="bbox 186 1652 1260 1785">
    <p class='ocr_par' dir='ltr' id='par_1_3' title="bbox 186 1652 1260 1785">
     <span class='ocr_line' id='line_1_11' title="bbox 258 1652 1259 1721; baseline 0.006 -21"><span class='ocrx_word' id='word_1_89' title='bbox 258 1658 276 1703; x_wconf 90' lang='grc'><strong>1,</strong></span> <span class='ocrx_word' id='word_1_90' title='bbox 296 1662 369 1702; x_wconf 85' lang='lat' dir='ltr'><strong>tecum</strong></span> <span class='ocrx_word' id='word_1_91' title='bbox 388 1653 549 1702; x_wconf 69' lang='lat' dir='ltr'><strong>commumhl.</strong></span> <span class='ocrx_word' id='word_1_92' title='bbox 585 1653 744 1702; x_wconf 72' lang='lat' dir='ltr'><strong>extimatorum</strong></span> <span class='ocrx_word' id='word_1_93' title='bbox 757 1654 779 1699; x_wconf 87' lang='grc' dir='ltr'><em>Μ</em></span> <span class='ocrx_word' id='word_1_94' title='bbox 800 1652 956 1701; x_wconf 77' lang='lat' dir='ltr'><strong>eetimutorem</strong></span> <span class='ocrx_word' id='word_1_95' title='bbox 967 1652 1011 1702; x_wconf 82' lang='lat' dir='ltr'><strong>CR</strong></span> <span class='ocrx_word' id='word_1_96' title='bbox 1048 1659 1069 1703; x_wconf 79' lang='lat'><strong>2.</strong></span> <span class='ocrx_word' id='word_1_97' title='bbox 1087 1654 1220 1719; x_wconf 73' lang='lat' dir='ltr'><strong>[attendens</strong></span> <span class='ocrx_word' id='word_1_98' title='bbox 1230 1654 1259 1721; x_wconf 80' lang='grc' dir='ltr'><strong>Α]</strong></span> 
     </span>
     <span class='ocr_line' id='line_1_12' title="bbox 186 1721 1260 1785; baseline 0.003 -16"><span class='ocrx_word' id='word_1_99' title='bbox 186 1721 279 1769; x_wconf 80' lang='lat' dir='ltr'><strong>attende</strong></span> <span class='ocrx_word' id='word_1_100' title='bbox 298 1722 318 1769; x_wconf 89' lang='lat' dir='ltr'>L</span> <span class='ocrx_word' id='word_1_101' title='bbox 371 1727 395 1769; x_wconf 81' lang='lat'><strong>3.</strong></span> <span class='ocrx_word' id='word_1_102' title='bbox 410 1721 463 1782; x_wconf 73' lang='lat' dir='ltr'><strong>juti</strong></span> <span class='ocrx_word' id='word_1_103' title='bbox 485 1733 579 1785; x_wconf 86' lang='lat' dir='ltr'><strong>trunsp.</strong></span> <span class='ocrx_word' id='word_1_104' title='bbox 600 1732 657 1784; x_wconf 86' lang='lat' dir='ltr'><strong>post</strong></span> <span class='ocrx_word' id='word_1_105' title='bbox 680 1721 730 1770; x_wconf 74' lang='lat' dir='ltr'><strong>uim</strong></span> <span class='ocrx_word' id='word_1_106' title='bbox 750 1721 770 1768; x_wconf 83' lang='lat' dir='ltr'>E</span> <span class='ocrx_word' id='word_1_107' title='bbox 825 1729 845 1767; x_wconf 77' lang='lat'><strong>4.</strong></span> <span class='ocrx_word' id='word_1_108' title='bbox 865 1737 917 1768; x_wconf 88' lang='lat' dir='ltr'><strong>cum</strong></span> <span class='ocrx_word' id='word_1_109' title='bbox 939 1737 1012 1768; x_wconf 70' lang='lat' dir='ltr'><strong>meere</strong></span> <span class='ocrx_word' id='word_1_110' title='bbox 1035 1721 1058 1769; x_wconf 85' lang='lat' dir='ltr'><strong>in</strong></span> <span class='ocrx_word' id='word_1_111' title='bbox 1082 1721 1221 1772; x_wconf 82' lang='lat' dir='ltr'><strong>Tusculano</strong></span> <span class='ocrx_word' id='word_1_112' title='bbox 1240 1724 1260 1771; x_wconf 81' lang='lat' dir='ltr'>L</span> 
     </span>
    </p>
   </div>
   <div class='ocr_carea' id='block_1_4' title="bbox 185 1788 1261 1907">
    <p class='ocr_par' dir='ltr' id='par_1_4' title="bbox 185 1788 1261 1907">
     <span class='ocr_line' id='line_1_13' title="bbox 187 1788 1261 1852; baseline 0.004 -16"><span class='ocrx_word' id='word_1_113' title='bbox 187 1795 208 1840; x_wconf 78' lang='lat'><strong>5.</strong></span> <span class='ocrx_word' id='word_1_114' title='bbox 229 1788 318 1838; x_wconf 78' lang='lat' dir='ltr'>Lucilli</span> <span class='ocrx_word' id='word_1_115' title='bbox 334 1791 355 1837; x_wconf 86' lang='lat' dir='ltr'>E</span> <span class='ocrx_word' id='word_1_116' title='bbox 392 1795 414 1836; x_wconf 84' lang='grc'><strong>6.</strong></span> <span class='ocrx_word' id='word_1_117' title='bbox 433 1789 550 1847; x_wconf 83' lang='lat' dir='ltr'><strong>solebam,</strong></span> <span class='ocrx_word' id='word_1_118' title='bbox 570 1789 624 1838; x_wconf 81' lang='lat' dir='ltr'><strong>r&#39;nde</strong></span> <span class='ocrx_word' id='word_1_119' title='bbox 640 1806 769 1852; x_wconf 77' lang='lat' dir='ltr'><strong>propterem</strong></span> <span class='ocrx_word' id='word_1_120' title='bbox 788 1788 951 1838; x_wconf 81' lang='lat' dir='ltr'><strong>LPMCROr.</strong></span> <span class='ocrx_word' id='word_1_121' title='bbox 990 1794 1011 1837; x_wconf 81' lang='grc'><strong>9.</strong></span> <span class='ocrx_word' id='word_1_122' title='bbox 1032 1791 1055 1837; x_wconf 82' lang='lat' dir='ltr'><strong>t&#39;n</strong></span> <span class='ocrx_word' id='word_1_123' title='bbox 1073 1807 1100 1839; x_wconf 84' lang='lat' dir='ltr'><strong>eo</strong></span> <span class='ocrx_word' id='word_1_124' title='bbox 1119 1791 1261 1840; x_wconf 75' lang='lat' dir='ltr'><strong>inexhausta</strong></span> 
     </span>
     <span class='ocr_line' id='line_1_14' title="bbox 185 1857 472 1907; baseline -0.007 -1"><span class='ocrx_word' id='word_1_125' title='bbox 185 1857 290 1906; x_wconf 61' lang='lat' dir='ltr'><strong>almum</strong></span> <span class='ocrx_word' id='word_1_126' title='bbox 310 1857 472 1907; x_wconf 71' lang='lat' dir='ltr'><strong>upliciter.</strong></span> 
     </span>
    </p>
   </div>
   <div class='ocr_carea' id='block_1_5' title="bbox 163 1986 1372 4528">
    <p class='ocr_par' dir='ltr' id='par_1_5' title="bbox 163 1986 1322 2999">
     <span class='ocr_line' id='line_1_15' title="bbox 270 1986 1261 2070; baseline 0.003 -18"><span class='ocrx_word' id='word_1_127' title='bbox 270 1996 488 2069; x_wconf 68' lang='lat' dir='ltr'><strong>existimatorem)</strong></span> <span class='ocrx_word' id='word_1_128' title='bbox 513 1995 563 2054; x_wconf 85' lang='lat' dir='ltr'><strong>Sic</strong></span> <span class='ocrx_word' id='word_1_129' title='bbox 585 1995 710 2070; x_wconf 87' lang='lat' dir='ltr'><strong>primus,</strong></span> <span class='ocrx_word' id='word_1_130' title='bbox 741 2008 773 2050; x_wconf 94' lang='lat' dir='ltr'><strong>ut</strong></span> <span class='ocrx_word' id='word_1_131' title='bbox 796 1995 925 2063; x_wconf 89' lang='lat' dir='ltr'><strong>videtur,</strong></span> <span class='ocrx_word' id='word_1_132' title='bbox 950 1986 1125 2066; x_wconf 87' lang='lat' dir='ltr'><strong>Lambinus,</strong></span> <span class='ocrx_word' id='word_1_133' title='bbox 1155 1998 1261 2055; x_wconf 87' lang='lat' dir='ltr'><strong>deinde</strong></span> 
     </span>
     <span class='ocr_line' id='line_1_16' title="bbox 186 2080 1261 2150; baseline 0.002 -13"><span class='ocrx_word' id='word_1_134' title='bbox 186 2080 334 2138; x_wconf 83' lang='lat' dir='ltr'><strong>Gruterus</strong></span> <span class='ocrx_word' id='word_1_135' title='bbox 356 2081 459 2150; x_wconf 86' lang='lat' dir='ltr'><strong>tacite;</strong></span> <span class='ocrx_word' id='word_1_136' title='bbox 483 2082 560 2139; x_wconf 83' lang='lat' dir='ltr'><strong>Dav.</strong></span> <span class='ocrx_word' id='word_1_137' title='bbox 580 2082 607 2136; x_wconf 92' lang='lat' dir='ltr'><strong>in</strong></span> <span class='ocrx_word' id='word_1_138' title='bbox 622 2081 706 2138; x_wconf 88' lang='lat' dir='ltr'><strong>Parr.</strong></span> <span class='ocrx_word' id='word_1_139' title='bbox 725 2082 781 2146; x_wconf 88' lang='grc'><strong>1,3</strong></span> <span class='ocrx_word' id='word_1_140' title='bbox 805 2080 860 2136; x_wconf 90' lang='lat' dir='ltr'><strong>hoc</strong></span> <span class='ocrx_word' id='word_1_141' title='bbox 883 2080 923 2136; x_wconf 87' lang='lat' dir='ltr'><strong>eit</strong></span> <span class='ocrx_word' id='word_1_142' title='bbox 943 2100 1016 2149; x_wconf 89' lang='lat' dir='ltr'><strong>esse,</strong></span> <span class='ocrx_word' id='word_1_143' title='bbox 1041 2080 1134 2139; x_wconf 87' lang='lat' dir='ltr'><strong>Gzius</strong></span> <span class='ocrx_word' id='word_1_144' title='bbox 1153 2082 1261 2140; x_wconf 82' lang='lat' dir='ltr'><strong>insule</strong></span> 
     </span>
     <span class='ocr_line' id='line_1_17' title="bbox 186 2165 1261 2240; baseline 0.001 -18"><span class='ocrx_word' id='word_1_145' title='bbox 186 2166 336 2234; x_wconf 89' lang='lat' dir='ltr'><strong>omnibus;</strong></span> <span class='ocrx_word' id='word_1_146' title='bbox 358 2170 553 2222; x_wconf 80' lang='lat' dir='ltr'><strong>aestimatorem</strong></span> <span class='ocrx_word' id='word_1_147' title='bbox 576 2166 621 2221; x_wconf 83' lang='lat' dir='ltr'><strong>El.</strong></span> <span class='ocrx_word' id='word_1_148' title='bbox 646 2167 678 2229; x_wconf 79' lang='lat'><strong>2,</strong></span> <span class='ocrx_word' id='word_1_149' title='bbox 703 2177 742 2234; x_wconf 81' lang='grc' dir='ltr'><strong>ψ;</strong></span> <span class='ocrx_word' id='word_1_150' title='bbox 770 2174 841 2240; x_wconf 55' lang='lat' dir='ltr'><strong>put</strong></span> <span class='ocrx_word' id='word_1_151' title='bbox 867 2167 896 2222; x_wconf 88' lang='lat' dir='ltr'>M</span> <span class='ocrx_word' id='word_1_152' title='bbox 952 2165 1010 2238; x_wconf 83' lang='lat' dir='ltr'><strong>Qui</strong></span> <span class='ocrx_word' id='word_1_153' title='bbox 1034 2166 1069 2222; x_wconf 90' lang='lat' dir='ltr'><strong>de</strong></span> <span class='ocrx_word' id='word_1_154' title='bbox 1092 2167 1261 2223; x_wconf 86' lang='lat' dir='ltr'><strong>discrimine</strong></span> 
     </span>
     <span class='ocr_line' id='line_1_18' title="bbox 186 2250 1261 2327; baseline 0.003 -22"><span class='ocrx_word' id='word_1_155' title='bbox 186 2252 268 2307; x_wconf 89' lang='lat' dir='ltr'><strong>verbi</strong></span> <span class='ocrx_word' id='word_1_156' title='bbox 291 2251 432 2326; x_wconf 87' lang='lat' dir='ltr'><strong>simplicis</strong></span> <span class='ocrx_word' id='word_1_157' title='bbox 456 2263 485 2307; x_wconf 92' lang='lat' dir='ltr'><strong>et</strong></span> <span class='ocrx_word' id='word_1_158' title='bbox 501 2250 656 2324; x_wconf 83' lang='lat' dir='ltr'><strong>compositi</strong></span> <span class='ocrx_word' id='word_1_159' title='bbox 674 2250 820 2305; x_wconf 89' lang='lat' dir='ltr'><strong>dixerunt.</strong></span> <span class='ocrx_word' id='word_1_160' title='bbox 844 2262 1016 2307; x_wconf 88' lang='lat' dir='ltr'><strong>enumerant</strong></span> <span class='ocrx_word' id='word_1_161' title='bbox 1033 2251 1261 2327; x_wconf 87' lang='lat' dir='ltr'><strong>Oudendorpius</strong></span> 
     </span>
     <span class='ocr_line' id='line_1_19' title="bbox 186 2334 1261 2394; baseline 0 -2"><span class='ocrx_word' id='word_1_162' title='bbox 186 2336 223 2392; x_wconf 86' lang='lat' dir='ltr'><strong>ad</strong></span> <span class='ocrx_word' id='word_1_163' title='bbox 246 2335 331 2394; x_wconf 83' lang='lat' dir='ltr'><strong>Caes.</strong></span> <span class='ocrx_word' id='word_1_164' title='bbox 356 2337 391 2394; x_wconf 91' lang='lat' dir='ltr'><strong>B.</strong></span> <span class='ocrx_word' id='word_1_165' title='bbox 411 2337 449 2394; x_wconf 88' lang='lat' dir='ltr'><strong>G.</strong></span> <span class='ocrx_word' id='word_1_166' title='bbox 472 2337 512 2394; x_wconf 94' lang='lat' dir='ltr'><strong>Il.</strong></span> <span class='ocrx_word' id='word_1_167' title='bbox 541 2337 586 2392; x_wconf 83' lang='lat'><strong>17.</strong></span> <span class='ocrx_word' id='word_1_168' title='bbox 611 2335 743 2392; x_wconf 86' lang='lat' dir='ltr'><strong>Kritzius</strong></span> <span class='ocrx_word' id='word_1_169' title='bbox 765 2334 1020 2393; x_wconf 72' lang='lat' dir='ltr'><strong>adseuerate.</strong></span> <span class='ocrx_word' id='word_1_170' title='bbox 1065 2337 1193 2392; x_wconf 79' lang='lat' dir='ltr'><strong>&#39;lantum</strong></span> <span class='ocrx_word' id='word_1_171' title='bbox 1218 2349 1261 2392; x_wconf 92' lang='lat' dir='ltr'><strong>te·</strong></span> 
     </span>
     <span class='ocr_line' id='line_1_20' title="bbox 163 2420 1262 2498; baseline 0.002 -23"><span class='ocrx_word' id='word_1_172' title='bbox 163 2423 329 2487; x_wconf 76' lang='lat' dir='ltr'><strong>mendum,</strong></span> <span class='ocrx_word' id='word_1_173' title='bbox 359 2422 408 2477; x_wconf 93' lang='lat' dir='ltr'><strong>ubi</strong></span> <span class='ocrx_word' id='word_1_174' title='bbox 433 2422 568 2498; x_wconf 87' lang='lat' dir='ltr'><strong>universe</strong></span> <span class='ocrx_word' id='word_1_175' title='bbox 591 2420 627 2475; x_wconf 89' lang='lat' dir='ltr'><strong>de</strong></span> <span class='ocrx_word' id='word_1_176' title='bbox 652 2420 781 2475; x_wconf 87' lang='lat' dir='ltr'><strong>bonitate</strong></span> <span class='ocrx_word' id='word_1_177' title='bbox 805 2439 903 2475; x_wconf 89' lang='lat' dir='ltr'><strong>earum</strong></span> <span class='ocrx_word' id='word_1_178' title='bbox 927 2440 1038 2476; x_wconf 90' lang='lat' dir='ltr'><strong>rerum.</strong></span> <span class='ocrx_word' id='word_1_179' title='bbox 1068 2439 1143 2494; x_wconf 88' lang='lat' dir='ltr'><strong>quae</strong></span> <span class='ocrx_word' id='word_1_180' title='bbox 1167 2441 1262 2496; x_wconf 89' lang='lat' dir='ltr'><strong>neque</strong></span> 
     </span>
     <span class='ocr_line' id='line_1_21' title="bbox 187 2505 1322 2582; baseline 0.001 -21"><span class='ocrx_word' id='word_1_181' title='bbox 187 2506 430 2580; x_wconf 80' lang='lat' dir='ltr'><strong>permutationem</strong></span> <span class='ocrx_word' id='word_1_182' title='bbox 460 2516 489 2562; x_wconf 89' lang='lat' dir='ltr'><strong>et</strong></span> <span class='ocrx_word' id='word_1_183' title='bbox 517 2505 693 2579; x_wconf 85' lang='lat' dir='ltr'><strong>emptionem</strong></span> <span class='ocrx_word' id='word_1_184' title='bbox 717 2522 812 2577; x_wconf 91' lang='lat' dir='ltr'><strong>neque</strong></span> <span class='ocrx_word' id='word_1_185' title='bbox 834 2505 1100 2561; x_wconf 82' lang='lat' dir='ltr'><strong>remunerationem</strong></span> <span class='ocrx_word' id='word_1_186' title='bbox 1124 2506 1262 2576; x_wconf 79' lang='lat' dir='ltr'><strong>habeant,</strong></span> <span class='ocrx_word' id='word_1_187' title='bbox 1319 2578 1322 2582; x_wconf 15' lang='grc' dir='ltr'><strong>Δ</strong></span> 
     </span>
     <span class='ocr_line' id='line_1_22' title="bbox 186 2589 1263 2665; baseline 0.002 -19"><span class='ocrx_word' id='word_1_188' title='bbox 186 2590 221 2646; x_wconf 91' lang='lat' dir='ltr'><strong>de</strong></span> <span class='ocrx_word' id='word_1_189' title='bbox 244 2603 325 2647; x_wconf 88' lang='lat' dir='ltr'><strong>recto</strong></span> <span class='ocrx_word' id='word_1_190' title='bbox 348 2601 377 2646; x_wconf 91' lang='lat' dir='ltr'><strong>et</strong></span> <span class='ocrx_word' id='word_1_191' title='bbox 399 2609 491 2665; x_wconf 89' lang='lat' dir='ltr'><strong>pravo</strong></span> <span class='ocrx_word' id='word_1_192' title='bbox 513 2591 673 2658; x_wconf 89' lang='lat' dir='ltr'><strong>iudicetur,</strong></span> <span class='ocrx_word' id='word_1_193' title='bbox 701 2589 787 2663; x_wconf 90' lang='lat' dir='ltr'><strong>pretii</strong></span> <span class='ocrx_word' id='word_1_194' title='bbox 811 2589 976 2656; x_wconf 88' lang='lat' dir='ltr'><strong>notionem,</strong></span> <span class='ocrx_word' id='word_1_195' title='bbox 1006 2609 1080 2664; x_wconf 90' lang='lat' dir='ltr'><strong>quae</strong></span> <span class='ocrx_word' id='word_1_196' title='bbox 1109 2592 1186 2665; x_wconf 92' lang='lat' dir='ltr'><strong>apud</strong></span> <span class='ocrx_word' id='word_1_197' title='bbox 1210 2610 1263 2647; x_wconf 86' lang='lat' dir='ltr'><strong>nos</strong></span> 
     </span>
     <span class='ocr_line' id='line_1_23' title="bbox 186 2674 1284 2753; baseline 0.001 -22"><span class='ocrx_word' id='word_1_198' title='bbox 186 2674 248 2731; x_wconf 84' lang='lat' dir='ltr'><strong>iere</strong></span> <span class='ocrx_word' id='word_1_199' title='bbox 270 2676 456 2742; x_wconf 76' lang='lat' dir='ltr'><strong>admiscetur,</strong></span> <span class='ocrx_word' id='word_1_200' title='bbox 480 2675 559 2750; x_wconf 87' lang='lat' dir='ltr'><strong>apud</strong></span> <span class='ocrx_word' id='word_1_201' title='bbox 578 2674 699 2731; x_wconf 89' lang='lat' dir='ltr'><strong>Latinos</strong></span> <span class='ocrx_word' id='word_1_202' title='bbox 721 2684 862 2730; x_wconf 89' lang='lat' dir='ltr'><strong>remotam</strong></span> <span class='ocrx_word' id='word_1_203' title='bbox 887 2693 965 2740; x_wconf 79' lang='lat' dir='ltr'><strong>esae3</strong></span> <span class='ocrx_word' id='word_1_204' title='bbox 989 2676 1088 2749; x_wconf 86' lang='lat' dir='ltr'><strong>itaque</strong></span> <span class='ocrx_word' id='word_1_205' title='bbox 1111 2677 1284 2753; x_wconf 64' lang='lat' dir='ltr'><strong>existima·v</strong></span> 
     </span>
     <span class='ocr_line' id='line_1_24' title="bbox 187 2758 1263 2836; baseline 0.002 -21"><span class='ocrx_word' id='word_1_206' title='bbox 187 2761 260 2816; x_wconf 90' lang='lat' dir='ltr'><strong>toris</strong></span> <span class='ocrx_word' id='word_1_207' title='bbox 283 2780 334 2816; x_wconf 89' lang='lat' dir='ltr'><strong>eae</strong></span> <span class='ocrx_word' id='word_1_208' title='bbox 357 2772 456 2836; x_wconf 85' lang='lat' dir='ltr'><strong>portes</strong></span> <span class='ocrx_word' id='word_1_209' title='bbox 478 2769 560 2826; x_wconf 92' lang='lat' dir='ltr'><strong>sunt,</strong></span> <span class='ocrx_word' id='word_1_210' title='bbox 590 2777 649 2815; x_wconf 91' lang='lat' dir='ltr'><strong>non</strong></span> <span class='ocrx_word' id='word_1_211' title='bbox 672 2758 878 2816; x_wconf 89' lang='lat' dir='ltr'><strong>aestimatorie.</strong></span> <span class='ocrx_word' id='word_1_212' title='bbox 924 2759 1019 2816; x_wconf 81' lang='lat' dir='ltr'><strong>Paulo</strong></span> <span class='ocrx_word' id='word_1_213' title='bbox 1042 2772 1109 2834; x_wconf 84' lang='lat' dir='ltr'><strong>post</strong></span> <span class='ocrx_word' id='word_1_214' title='bbox 1123 2764 1182 2834; x_wconf 78' lang='lat' dir='ltr'><strong>suit</strong></span> <span class='ocrx_word' id='word_1_215' title='bbox 1204 2780 1263 2835; x_wconf 90' lang='lat' dir='ltr'><strong>qno</strong></span> 
     </span>
     <span class='ocr_line' id='line_1_25' title="bbox 187 2839 1263 2922; baseline 0.001 -22"><span class='ocrx_word' id='word_1_216' title='bbox 187 2845 252 2900; x_wconf 88' lang='lat' dir='ltr'><strong>loeo</strong></span> <span class='ocrx_word' id='word_1_217' title='bbox 275 2846 350 2902; x_wconf 83' lang='lat' dir='ltr'><strong>Erl..</strong></span> <span class='ocrx_word' id='word_1_218' title='bbox 382 2846 483 2902; x_wconf 87' lang='lat' dir='ltr'><strong>eodem</strong></span> <span class='ocrx_word' id='word_1_219' title='bbox 512 2845 617 2900; x_wconf 87' lang='lat' dir='ltr'><strong>hebuit</strong></span> <span class='ocrx_word' id='word_1_220' title='bbox 638 2843 716 2917; x_wconf 83' lang='lat' dir='ltr'><strong>Spir.</strong></span> <span class='ocrx_word' id='word_1_221' title='bbox 739 2839 802 2922; x_wconf 80' lang='lat' dir='ltr'><strong>[B].</strong></span> <span class='ocrx_word' id='word_1_222' title='bbox 849 2844 895 2900; x_wconf 87' lang='lat' dir='ltr'><strong>De</strong></span> <span class='ocrx_word' id='word_1_223' title='bbox 922 2845 1097 2919; x_wconf 79' lang='lat' dir='ltr'><strong>cognatione</strong></span> <span class='ocrx_word' id='word_1_224' title='bbox 1122 2845 1206 2902; x_wconf 91' lang='lat' dir='ltr'><strong>Bruti</strong></span> <span class='ocrx_word' id='word_1_225' title='bbox 1234 2855 1263 2901; x_wconf 90' lang='lat' dir='ltr'><strong>et</strong></span> 
     </span>
     <span class='ocr_line' id='line_1_26' title="bbox 188 2928 543 2999; baseline 0 -13"><span class='ocrx_word' id='word_1_226' title='bbox 188 2928 309 2986; x_wconf 85' lang='lat' dir='ltr'><strong>Catonis</strong></span> <span class='ocrx_word' id='word_1_227' title='bbox 333 2930 392 2987; x_wconf 87' lang='lat' dir='ltr'><strong>vid.</strong></span> <span class='ocrx_word' id='word_1_228' title='bbox 416 2930 453 2985; x_wconf 85' lang='lat' dir='ltr'><strong>ed</strong></span> <span class='ocrx_word' id='word_1_229' title='bbox 476 2936 490 2999; x_wconf 71' lang='lat'><strong>5</strong></span> <span class='ocrx_word' id='word_1_230' title='bbox 515 2931 543 2986; x_wconf 92' lang='lat'><strong>8.</strong></span> 
     </span>
    </p>

    <p class='ocr_par' dir='ltr' id='par_1_6' title="bbox 187 3010 1372 3679">
     <span class='ocr_line' id='line_1_27' title="bbox 273 3010 1372 3088; baseline 0 -18"><span class='ocrx_word' id='word_1_231' title='bbox 273 3016 301 3070; x_wconf 80' lang='lat'><strong>7.</strong></span> <span class='ocrx_word' id='word_1_232' title='bbox 329 3035 343 3070; x_wconf 89' lang='lat' dir='ltr'><strong>e</strong></span> <span class='ocrx_word' id='word_1_233' title='bbox 371 3016 524 3071; x_wconf 84' lang='lat' dir='ltr'><strong>bibliotheca</strong></span> <span class='ocrx_word' id='word_1_234' title='bbox 550 3015 632 3088; x_wconf 81' lang='lat' dir='ltr'><strong>pueri</strong></span> <span class='ocrx_word' id='word_1_235' title='bbox 652 3010 777 3086; x_wconf 81' lang='lat' dir='ltr'><strong>Luculli)</strong></span> <span class='ocrx_word' id='word_1_236' title='bbox 806 3013 835 3067; x_wconf 87' lang='lat' dir='ltr'><strong>in</strong></span> <span class='ocrx_word' id='word_1_237' title='bbox 867 3013 938 3069; x_wconf 87' lang='lat' dir='ltr'><strong>villa</strong></span> <span class='ocrx_word' id='word_1_238' title='bbox 961 3013 1145 3069; x_wconf 80' lang='lat' dir='ltr'><strong>Tusculana.</strong></span> <span class='ocrx_word' id='word_1_239' title='bbox 1175 3032 1262 3087; x_wconf 86' lang='lat' dir='ltr'><strong>quem</strong></span> <span class='ocrx_word' id='word_1_240' title='bbox 1366 3038 1372 3048; x_wconf 91' lang='lat'>·</span> 
     </span>
     <span class='ocr_line' id='line_1_28' title="bbox 187 3095 1264 3175; baseline -0.001 -20"><span class='ocrx_word' id='word_1_241' title='bbox 187 3108 280 3174; x_wconf 86' lang='lat' dir='ltr'><strong>pater,</strong></span> <span class='ocrx_word' id='word_1_242' title='bbox 305 3099 446 3155; x_wconf 86' lang='lat' dir='ltr'><strong>Ponticus</strong></span> <span class='ocrx_word' id='word_1_243' title='bbox 464 3099 523 3155; x_wconf 90' lang='lat' dir='ltr'><strong>ille.</strong></span> <span class='ocrx_word' id='word_1_244' title='bbox 546 3095 812 3171; x_wconf 86' lang='lat' dir='ltr'><strong>splendidissimum</strong></span> <span class='ocrx_word' id='word_1_245' title='bbox 832 3108 1005 3153; x_wconf 83' lang='lat' dir='ltr'><strong>extruxerat</strong></span> <span class='ocrx_word' id='word_1_246' title='bbox 1016 3098 1068 3169; x_wconf 91' lang='lat' dir='ltr'><strong>(II,</strong></span> <span class='ocrx_word' id='word_1_247' title='bbox 1087 3100 1165 3168; x_wconf 80' lang='lat'><strong>107).</strong></span> <span class='ocrx_word' id='word_1_248' title='bbox 1202 3097 1264 3175; x_wconf 86' lang='lat' dir='ltr'><strong>[De</strong></span> 
     </span>
     <span class='ocr_line' id='line_1_29' title="bbox 189 3179 1263 3258; baseline 0.001 -20"><span class='ocrx_word' id='word_1_249' title='bbox 189 3185 368 3240; x_wconf 85' lang='lat' dir='ltr'><strong>bibliotheca</strong></span> <span class='ocrx_word' id='word_1_250' title='bbox 390 3184 566 3240; x_wconf 87' lang='lat' dir='ltr'><strong>Plutarchus</strong></span> <span class='ocrx_word' id='word_1_251' title='bbox 590 3183 660 3239; x_wconf 92' lang='lat' dir='ltr'><strong>Luc.</strong></span> <span class='ocrx_word' id='word_1_252' title='bbox 679 3179 744 3258; x_wconf 65' lang='lat'><strong>42]</strong></span> <span class='ocrx_word' id='word_1_253' title='bbox 790 3183 835 3237; x_wconf 91' lang='lat' dir='ltr'><strong>De</strong></span> <span class='ocrx_word' id='word_1_254' title='bbox 858 3182 927 3251; x_wconf 81' lang='lat' dir='ltr'><strong>filio,</strong></span> <span class='ocrx_word' id='word_1_255' title='bbox 952 3183 1001 3255; x_wconf 80' lang='lat' dir='ltr'><strong>qui</strong></span> <span class='ocrx_word' id='word_1_256' title='bbox 1025 3183 1053 3238; x_wconf 89' lang='lat' dir='ltr'><strong>in</strong></span> <span class='ocrx_word' id='word_1_257' title='bbox 1078 3183 1263 3258; x_wconf 78' lang='lat' dir='ltr'><strong>Philippensi</strong></span> 
     </span>
     <span class='ocr_line' id='line_1_30' title="bbox 187 3267 1265 3342; baseline -0.002 -17"><span class='ocrx_word' id='word_1_258' title='bbox 187 3270 250 3325; x_wconf 88' lang='lat' dir='ltr'><strong>acie</strong></span> <span class='ocrx_word' id='word_1_259' title='bbox 280 3269 400 3337; x_wconf 86' lang='lat' dir='ltr'><strong>cecidit,</strong></span> <span class='ocrx_word' id='word_1_260' title='bbox 431 3288 505 3342; x_wconf 82' lang='lat' dir='ltr'><strong>quoe</strong></span> <span class='ocrx_word' id='word_1_261' title='bbox 535 3267 642 3323; x_wconf 84' lang='lat' dir='ltr'><strong>tradita</strong></span> <span class='ocrx_word' id='word_1_262' title='bbox 670 3277 752 3333; x_wconf 87' lang='lat' dir='ltr'><strong>sunt,</strong></span> <span class='ocrx_word' id='word_1_263' title='bbox 772 3267 906 3339; x_wconf 32' lang='lat' dir='ltr'><strong>‚collecte</strong></span> <span class='ocrx_word' id='word_1_264' title='bbox 934 3279 1002 3323; x_wconf 87' lang='lat' dir='ltr'><strong>eunt</strong></span> <span class='ocrx_word' id='word_1_265' title='bbox 1029 3268 1058 3323; x_wconf 91' lang='lat' dir='ltr'><strong>iu</strong></span> <span class='ocrx_word' id='word_1_266' title='bbox 1083 3268 1265 3324; x_wconf 87' lang='lat' dir='ltr'><strong>onomastico</strong></span> 
     </span>
     <span class='ocr_line' id='line_1_31' title="bbox 189 3351 1265 3426; baseline -0.003 -15"><span class='ocrx_word' id='word_1_267' title='bbox 189 3354 304 3411; x_wconf 87' lang='lat' dir='ltr'><strong>Orellii.</strong></span> <span class='ocrx_word' id='word_1_268' title='bbox 361 3355 502 3410; x_wconf 86' lang='lat' dir='ltr'><strong>Tutorem</strong></span> <span class='ocrx_word' id='word_1_269' title='bbox 538 3353 566 3408; x_wconf 93' lang='lat' dir='ltr'><strong>ei</strong></span> <span class='ocrx_word' id='word_1_270' title='bbox 599 3362 683 3426; x_wconf 86' lang='lat' dir='ltr'><strong>peter</strong></span> <span class='ocrx_word' id='word_1_271' title='bbox 716 3351 858 3425; x_wconf 80' lang='lat' dir='ltr'><strong>Catonem</strong></span> <span class='ocrx_word' id='word_1_272' title='bbox 893 3352 1265 3425; x_wconf 79' lang='lat' dir='ltr'><strong>avunculum&#39;reliquernt</strong></span> 
     </span>
     <span class='ocr_line' id='line_1_32' title="bbox 188 3434 1265 3510; baseline -0.001 -17"><span class='ocrx_word' id='word_1_273' title='bbox 188 3441 287 3508; x_wconf 85' lang='lat' dir='ltr'><strong>(Varr.</strong></span> <span class='ocrx_word' id='word_1_274' title='bbox 313 3439 347 3494; x_wconf 89' lang='lat' dir='ltr'><strong>R.</strong></span> <span class='ocrx_word' id='word_1_275' title='bbox 373 3439 409 3495; x_wconf 88' lang='lat' dir='ltr'><strong>R.</strong></span> <span class='ocrx_word' id='word_1_276' title='bbox 434 3439 496 3506; x_wconf 91' lang='lat' dir='ltr'><strong>Ill,</strong></span> <span class='ocrx_word' id='word_1_277' title='bbox 522 3439 549 3506; x_wconf 78' lang='lat'><strong>2,</strong></span> <span class='ocrx_word' id='word_1_278' title='bbox 577 3439 624 3505; x_wconf 84' lang='lat'><strong>17,</strong></span> <span class='ocrx_word' id='word_1_279' title='bbox 654 3434 768 3493; x_wconf 88' lang='lat' dir='ltr'><strong>Colum.</strong></span> <span class='ocrx_word' id='word_1_280' title='bbox 794 3437 886 3510; x_wconf 86' lang='lat' dir='ltr'><strong>VIII,</strong></span> <span class='ocrx_word' id='word_1_281' title='bbox 913 3438 965 3504; x_wconf 90' lang='grc'><strong>16,</strong></span> <span class='ocrx_word' id='word_1_282' title='bbox 991 3438 1024 3506; x_wconf 84' lang='grc'><strong>5,</strong></span> <span class='ocrx_word' id='word_1_283' title='bbox 1055 3437 1117 3496; x_wconf 83' lang='lat' dir='ltr'><strong>Cio.</strong></span> <span class='ocrx_word' id='word_1_284' title='bbox 1140 3437 1177 3493; x_wconf 88' lang='lat' dir='ltr'><strong>ad</strong></span> <span class='ocrx_word' id='word_1_285' title='bbox 1200 3440 1265 3494; x_wconf 84' lang='lat' dir='ltr'><strong>Att.</strong></span> 
     </span>
     <span class='ocr_line' id='line_1_33' title="bbox 189 3520 1266 3594; baseline 0 -16"><span class='ocrx_word' id='word_1_286' title='bbox 189 3523 278 3589; x_wconf 86' lang='lat' dir='ltr'><strong>XIII,</strong></span> <span class='ocrx_word' id='word_1_287' title='bbox 304 3524 343 3594; x_wconf 86' lang='lat'><strong>6).</strong></span> <span class='ocrx_word' id='word_1_288' title='bbox 366 3524 417 3578; x_wconf 89' lang='lat' dir='ltr'><strong>sed</strong></span> <span class='ocrx_word' id='word_1_289' title='bbox 440 3523 527 3578; x_wconf 89' lang='lat' dir='ltr'><strong>otiam</strong></span> <span class='ocrx_word' id='word_1_290' title='bbox 552 3520 687 3580; x_wconf 91' lang='lat' dir='ltr'><strong>Ciceroni</strong></span> <span class='ocrx_word' id='word_1_291' title='bbox 711 3530 886 3578; x_wconf 83' lang='lat' dir='ltr'><strong>testamento</strong></span> <span class='ocrx_word' id='word_1_292' title='bbox 909 3522 1167 3578; x_wconf 87' lang='lat' dir='ltr'><strong>commendaverat</strong></span> <span class='ocrx_word' id='word_1_293' title='bbox 1179 3526 1205 3591; x_wconf 69' lang='grc' dir='ltr'><strong>(ξ</strong></span> <span class='ocrx_word' id='word_1_294' title='bbox 1220 3523 1266 3593; x_wconf 86' lang='grc'><strong>9);</strong></span> 
     </span>
     <span class='ocr_line' id='line_1_34' title="bbox 189 3605 1093 3679; baseline 0.002 -18"><span class='ocrx_word' id='word_1_295' title='bbox 189 3618 314 3662; x_wconf 90' lang='lat' dir='ltr'><strong>tutorem</strong></span> <span class='ocrx_word' id='word_1_296' title='bbox 339 3607 366 3662; x_wconf 91' lang='lat' dir='ltr'><strong>ei</strong></span> <span class='ocrx_word' id='word_1_297' title='bbox 389 3606 560 3664; x_wconf 90' lang='lat' dir='ltr'><strong>Ciceronem</strong></span> <span class='ocrx_word' id='word_1_298' title='bbox 584 3605 685 3673; x_wconf 81' lang='lat' dir='ltr'><strong>luisse,</strong></span> <span class='ocrx_word' id='word_1_299' title='bbox 709 3624 853 3679; x_wconf 86' lang='lat' dir='ltr'><strong>nusquam</strong></span> <span class='ocrx_word' id='word_1_300' title='bbox 876 3607 1015 3662; x_wconf 90' lang='lat' dir='ltr'><strong>traditum</strong></span> <span class='ocrx_word' id='word_1_301' title='bbox 1040 3618 1093 3663; x_wconf 84' lang='lat' dir='ltr'><strong>est.</strong></span> 
     </span>
    </p>

    <p class='ocr_par' dir='ltr' id='par_1_7' title="bbox 189 3688 1267 3936">
     <span class='ocr_line' id='line_1_35' title="bbox 275 3688 1265 3768; baseline 0.004 -25"><span class='ocrx_word' id='word_1_302' title='bbox 275 3693 468 3765; x_wconf 80' lang='lat' dir='ltr'><strong>depromerem)</strong></span> <span class='ocrx_word' id='word_1_303' title='bbox 491 3689 632 3768; x_wconf 80' lang='lat' dir='ltr'><strong>[Secutus</strong></span> <span class='ocrx_word' id='word_1_304' title='bbox 661 3707 724 3745; x_wconf 90' lang='lat' dir='ltr'><strong>sum</strong></span> <span class='ocrx_word' id='word_1_305' title='bbox 753 3708 831 3745; x_wconf 90' lang='lat' dir='ltr'><strong>nuno</strong></span> <span class='ocrx_word' id='word_1_306' title='bbox 853 3694 882 3746; x_wconf 88' lang='lat' dir='ltr'>A</span> <span class='ocrx_word' id='word_1_307' title='bbox 906 3702 934 3746; x_wconf 93' lang='lat' dir='ltr'><strong>et</strong></span> <span class='ocrx_word' id='word_1_308' title='bbox 958 3691 1018 3747; x_wconf 82' lang='lat' dir='ltr'><strong>Erl.</strong></span> <span class='ocrx_word' id='word_1_309' title='bbox 1047 3704 1075 3746; x_wconf 87' lang='lat' dir='ltr'><strong>et</strong></span> <span class='ocrx_word' id='word_1_310' title='bbox 1099 3691 1177 3766; x_wconf 84' lang='lat' dir='ltr'><strong>Spir.</strong></span> <span class='ocrx_word' id='word_1_311' title='bbox 1200 3688 1265 3767; x_wconf 89' lang='lat' dir='ltr'><strong>[B].</strong></span> 
     </span>
     <span class='ocr_line' id='line_1_36' title="bbox 189 3769 1267 3848; baseline -0.001 -17"><span class='ocrx_word' id='word_1_312' title='bbox 189 3777 244 3831; x_wconf 86' lang='lat' dir='ltr'><strong>etsi</strong></span> <span class='ocrx_word' id='word_1_313' title='bbox 269 3777 401 3848; x_wconf 83' lang='lat' dir='ltr'><strong>sequitur</strong></span> <span class='ocrx_word' id='word_1_314' title='bbox 424 3777 484 3832; x_wconf 83' lang='lat' dir='ltr'><strong>hr&#39;nc</strong></span> <span class='ocrx_word' id='word_1_315' title='bbox 509 3810 539 3817; x_wconf 88' lang='lat'><strong>--</strong></span> <span class='ocrx_word' id='word_1_316' title='bbox 568 3792 731 3848; x_wconf 63' lang='lat' dir='ltr'><strong>promerem</strong></span> <span class='ocrx_word' id='word_1_317' title='bbox 754 3774 818 3843; x_wconf 92' lang='lat' dir='ltr'><strong>hic,</strong></span> <span class='ocrx_word' id='word_1_318' title='bbox 843 3769 930 3831; x_wconf 84' lang='lat' dir='ltr'><strong>etiam</strong></span> <span class='ocrx_word' id='word_1_319' title='bbox 955 3776 1064 3832; x_wconf 88' lang='lat' dir='ltr'><strong>omisso</strong></span> <span class='ocrx_word' id='word_1_320' title='bbox 1086 3778 1160 3842; x_wconf 76' lang='lat' dir='ltr'><strong>inde.</strong></span> <span class='ocrx_word' id='word_1_321' title='bbox 1184 3775 1267 3831; x_wconf 89' lang='lat' dir='ltr'><strong>locus</strong></span> 
     </span>
     <span class='ocr_line' id='line_1_37' title="bbox 190 3858 491 3936; baseline 0.003 -21"><span class='ocrx_word' id='word_1_322' title='bbox 190 3862 261 3916; x_wconf 83' lang='lat' dir='ltr'><strong>setis</strong></span> <span class='ocrx_word' id='word_1_323' title='bbox 286 3858 491 3936; x_wconf 75' lang='lat' dir='ltr'><strong>significatum]</strong></span> 
     </span>
    </p>

    <p class='ocr_par' dir='ltr' id='par_1_8' title="bbox 190 3942 1269 4528">
     <span class='ocr_line' id='line_1_38' title="bbox 274 3942 1267 4020; baseline -0.001 -20"><span class='ocrx_word' id='word_1_324' title='bbox 274 3949 391 4001; x_wconf 79' lang='lat' dir='ltr'><strong>aciditas</strong></span> <span class='ocrx_word' id='word_1_325' title='bbox 420 3944 535 4017; x_wconf 74' lang='lat' dir='ltr'><strong>Iependi)</strong></span> <span class='ocrx_word' id='word_1_326' title='bbox 559 3942 646 4015; x_wconf 79' lang='lat' dir='ltr'><strong>Quod</strong></span> <span class='ocrx_word' id='word_1_327' title='bbox 668 3942 697 3998; x_wconf 89' lang='lat' dir='ltr'><strong>iu</strong></span> <span class='ocrx_word' id='word_1_328' title='bbox 720 3942 803 4000; x_wconf 88' lang='lat' dir='ltr'><strong>codd.</strong></span> <span class='ocrx_word' id='word_1_329' title='bbox 830 3944 1000 4019; x_wconf 84' lang='lat' dir='ltr'><strong>vulgaribus</strong></span> <span class='ocrx_word' id='word_1_330' title='bbox 1024 3954 1053 3999; x_wconf 92' lang='lat' dir='ltr'><strong>et</strong></span> <span class='ocrx_word' id='word_1_331' title='bbox 1075 3944 1157 4000; x_wconf 88' lang='lat' dir='ltr'><strong>editt.</strong></span> <span class='ocrx_word' id='word_1_332' title='bbox 1183 3942 1267 4020; x_wconf 85' lang='lat' dir='ltr'><strong>[ante</strong></span> 
     </span>
     <span class='ocr_line' id='line_1_39' title="bbox 190 4026 1266 4106; baseline -0.004 -21"><span class='ocrx_word' id='word_1_333' title='bbox 190 4029 355 4106; x_wconf 83' lang='lat' dir='ltr'><strong>Klotzium]</strong></span> <span class='ocrx_word' id='word_1_334' title='bbox 368 4031 493 4088; x_wconf 86' lang='lat' dir='ltr'><strong>additur.</strong></span> <span class='ocrx_word' id='word_1_335' title='bbox 511 4029 682 4094; x_wconf 62' lang='lat' dir='ltr'><strong>inexhausto,</strong></span> <span class='ocrx_word' id='word_1_336' title='bbox 701 4027 840 4083; x_wconf 88' lang='lat' dir='ltr'><strong>omittunt</strong></span> <span class='ocrx_word' id='word_1_337' title='bbox 856 4029 944 4084; x_wconf 85' lang='lat' dir='ltr'><strong>etiem</strong></span> <span class='ocrx_word' id='word_1_338' title='bbox 958 4029 1021 4084; x_wconf 88' lang='lat' dir='ltr'><strong>Pel.</strong></span> <span class='ocrx_word' id='word_1_339' title='bbox 1039 4032 1052 4083; x_wconf 96' lang='grc'><strong>1</strong></span> <span class='ocrx_word' id='word_1_340' title='bbox 1069 4038 1099 4084; x_wconf 87' lang='lat' dir='ltr'><strong>et</strong></span> <span class='ocrx_word' id='word_1_341' title='bbox 1110 4028 1188 4102; x_wconf 90' lang='lat' dir='ltr'><strong>Spir.</strong></span> <span class='ocrx_word' id='word_1_342' title='bbox 1201 4026 1266 4106; x_wconf 89' lang='lat' dir='ltr'><strong>[B].</strong></span> 
     </span>
     <span class='ocr_line' id='line_1_40' title="bbox 191 4112 1265 4189; baseline -0.003 -18"><span class='ocrx_word' id='word_1_343' title='bbox 191 4117 325 4180; x_wconf 76' lang='lat' dir='ltr'><strong>Accedit.</strong></span> <span class='ocrx_word' id='word_1_344' title='bbox 345 4125 376 4170; x_wconf 89' lang='lat' dir='ltr'><strong>ut</strong></span> <span class='ocrx_word' id='word_1_345' title='bbox 396 4116 424 4170; x_wconf 90' lang='lat' dir='ltr'><strong>id</strong></span> <span class='ocrx_word' id='word_1_346' title='bbox 441 4115 563 4171; x_wconf 87' lang='lat' dir='ltr'><strong>verbum</strong></span> <span class='ocrx_word' id='word_1_347' title='bbox 583 4130 677 4185; x_wconf 89' lang='lat' dir='ltr'><strong>neque</strong></span> <span class='ocrx_word' id='word_1_348' title='bbox 695 4112 766 4168; x_wconf 90' lang='lat' dir='ltr'><strong>alibi</strong></span> <span class='ocrx_word' id='word_1_349' title='bbox 784 4112 910 4187; x_wconf 88' lang='lat' dir='ltr'><strong>positum</strong></span> <span class='ocrx_word' id='word_1_350' title='bbox 930 4112 987 4169; x_wconf 90' lang='lat' dir='ltr'><strong>nisi</strong></span> <span class='ocrx_word' id='word_1_351' title='bbox 1004 4112 1082 4188; x_wconf 89' lang='lat' dir='ltr'><strong>apud</strong></span> <span class='ocrx_word' id='word_1_352' title='bbox 1101 4112 1265 4189; x_wconf 83' lang='lat' dir='ltr'><strong>Vergilium</strong></span> 
     </span>
     <span class='ocr_line' id='line_1_41' title="bbox 190 4197 1267 4274; baseline -0.001 -20"><span class='ocrx_word' id='word_1_353' title='bbox 190 4213 219 4254; x_wconf 88' lang='lat' dir='ltr'><strong>et</strong></span> <span class='ocrx_word' id='word_1_354' title='bbox 243 4201 420 4274; x_wconf 84' lang='lat' dir='ltr'><strong>posteriores</strong></span> <span class='ocrx_word' id='word_1_355' title='bbox 443 4199 608 4274; x_wconf 89' lang='lat' dir='ltr'><strong>reperiatur</strong></span> <span class='ocrx_word' id='word_1_356' title='bbox 631 4210 660 4251; x_wconf 88' lang='lat' dir='ltr'><strong>et.</strong></span> <span class='ocrx_word' id='word_1_357' title='bbox 682 4197 838 4273; x_wconf 83' lang='lat' dir='ltr'><strong>imaginem</strong></span> <span class='ocrx_word' id='word_1_358' title='bbox 862 4199 969 4254; x_wconf 87' lang='lat' dir='ltr'><strong>habeat</strong></span> <span class='ocrx_word' id='word_1_359' title='bbox 992 4215 1176 4272; x_wconf 78' lang='lat' dir='ltr'><strong>perversem3</strong></span> <span class='ocrx_word' id='word_1_360' title='bbox 1199 4215 1267 4253; x_wconf 88' lang='lat' dir='ltr'><strong>nam</strong></span> 
     </span>
     <span class='ocr_line' id='line_1_42' title="bbox 191 4282 1268 4358; baseline -0.002 -18"><span class='ocrx_word' id='word_1_361' title='bbox 191 4285 234 4353; x_wconf 88' lang='lat' dir='ltr'><strong>id,</strong></span> <span class='ocrx_word' id='word_1_362' title='bbox 265 4304 302 4340; x_wconf 81' lang='lat' dir='ltr'><strong>ex</strong></span> <span class='ocrx_word' id='word_1_363' title='bbox 325 4305 382 4358; x_wconf 86' lang='lat' dir='ltr'><strong>quo</strong></span> <span class='ocrx_word' id='word_1_364' title='bbox 406 4286 553 4341; x_wconf 90' lang='lat' dir='ltr'><strong>hauritur.</strong></span> <span class='ocrx_word' id='word_1_365' title='bbox 583 4282 790 4338; x_wconf 80' lang='lat' dir='ltr'><strong>inexhaustum</strong></span> <span class='ocrx_word' id='word_1_366' title='bbox 819 4296 878 4351; x_wconf 89' lang='lat' dir='ltr'><strong>est,</strong></span> <span class='ocrx_word' id='word_1_367' title='bbox 907 4282 1034 4339; x_wconf 81' lang='lat' dir='ltr'><strong>aviditas</strong></span> <span class='ocrx_word' id='word_1_368' title='bbox 1063 4290 1093 4338; x_wconf 87' lang='lat' dir='ltr'><strong>et</strong></span> <span class='ocrx_word' id='word_1_369' title='bbox 1121 4282 1268 4358; x_wconf 76' lang='lat' dir='ltr'><strong>cupiditas</strong></span> 
     </span>
     <span class='ocr_line' id='line_1_43' title="bbox 190 4366 1268 4443; baseline -0.001 -19"><span class='ocrx_word' id='word_1_370' title='bbox 190 4371 353 4443; x_wconf 70' lang='lat' dir='ltr'><strong>inexplebilis</strong></span> <span class='ocrx_word' id='word_1_371' title='bbox 381 4381 409 4425; x_wconf 89' lang='lat' dir='ltr'><strong>et</strong></span> <span class='ocrx_word' id='word_1_372' title='bbox 432 4371 600 4426; x_wconf 78' lang='lat' dir='ltr'><strong>insatiabilis.</strong></span> <span class='ocrx_word' id='word_1_373' title='bbox 646 4367 750 4440; x_wconf 86' lang='lat' dir='ltr'><strong>ltaque</strong></span> <span class='ocrx_word' id='word_1_374' title='bbox 778 4367 858 4424; x_wconf 88' lang='lat' dir='ltr'><strong>eliud</strong></span> <span class='ocrx_word' id='word_1_375' title='bbox 885 4367 1064 4425; x_wconf 81' lang='lat' dir='ltr'><strong>adieetivum</strong></span> <span class='ocrx_word' id='word_1_376' title='bbox 1087 4366 1192 4424; x_wconf 89' lang='lat' dir='ltr'><strong>Cicero</strong></span> <span class='ocrx_word' id='word_1_377' title='bbox 1216 4386 1268 4442; x_wconf 92' lang='lat' dir='ltr'><strong>po·</strong></span> 
     </span>
     <span class='ocr_line' id='line_1_44' title="bbox 193 4450 1269 4528; baseline -0.003 -18"><span class='ocrx_word' id='word_1_378' title='bbox 193 4464 301 4524; x_wconf 86' lang='lat' dir='ltr'><strong>suerat,</strong></span> <span class='ocrx_word' id='word_1_379' title='bbox 325 4455 403 4528; x_wconf 94' lang='lat' dir='ltr'><strong>quod</strong></span> <span class='ocrx_word' id='word_1_380' title='bbox 426 4473 492 4511; x_wconf 91' lang='lat' dir='ltr'><strong>oum</strong></span> <span class='ocrx_word' id='word_1_381' title='bbox 515 4456 545 4511; x_wconf 96' lang='lat' dir='ltr'><strong>in</strong></span> <span class='ocrx_word' id='word_1_382' title='bbox 568 4453 633 4510; x_wconf 88' lang='lat' dir='ltr'><strong>cod.</strong></span> <span class='ocrx_word' id='word_1_383' title='bbox 652 4450 731 4510; x_wconf 88' lang='lat' dir='ltr'><strong>arch.</strong></span> <span class='ocrx_word' id='word_1_384' title='bbox 750 4452 918 4521; x_wconf 89' lang='lat' dir='ltr'><strong>excidisset,</strong></span> <span class='ocrx_word' id='word_1_385' title='bbox 942 4454 997 4510; x_wconf 92' lang='lat' dir='ltr'><strong>hoc</strong></span> <span class='ocrx_word' id='word_1_386' title='bbox 1019 4453 1050 4510; x_wconf 91' lang='lat' dir='ltr'><strong>iu</strong></span> <span class='ocrx_word' id='word_1_387' title='bbox 1073 4451 1269 4509; x_wconf 87' lang='lat' dir='ltr'><strong>deterioribus</strong></span> 
     </span>
    </p>
   </div>
   <div class='ocr_carea' id='block_1_6' title="bbox 0 0 1533 5086">
    <p class='ocr_par' dir='ltr' id='par_1_9' title="bbox 0 0 1533 5086">
     <span class='ocr_line' id='line_1_45' title="bbox 0 0 1533 5086; baseline 0 0"><span class='ocrx_word' id='word_1_388' title='bbox 0 0 1533 5086; x_wconf 95' lang='lat' dir='ltr'><strong> </strong></span> 
     </span>
    </p>
   </div>
  </div>
 </body>
</html>
