3030 5086
285 512 329 576 lV
454 590 460 606 Ι
722 515 919 569 1111111110.

286 697 504 763 inveniendum
531 694 709 776 progressio
738 701 792 756 aut
815 689 948 771 denique
971 690 1124 755 dubitatio
1147 691 1358 757 admonitione
1421 756 1424 761 .

286 806 389 887 digna,
423 804 543 868 Deinde
559 800 768 867 incredibilem
783 798 947 863 Goerenzii
962 797 1124 876 inscitiam,
1141 799 1358 880 ignorantiam,

286 911 524 994 perversitatem
540 928 598 992 per
614 910 672 974 hos
690 916 721 973 et
737 907 816 971 alios
834 905 991 971 Ciceronis
1014 905 1111 970 libros
1133 916 1309 987 grassatam
1327 915 1359 973 et

285 1020 425 1098 aliorum,
443 1019 536 1084 etiam
554 1036 670 1092 eorum,
689 1033 768 1096 quos
784 1014 865 1079 illius
882 1013 1166 1094 superbiloquentia
1183 1015 1357 1096 deceperat,

286 1145 409 1193 errores
436 1132 591 1209 perpetua
617 1122 803 1189 refutatione
830 1132 862 1188 et
888 1122 1091 1187 insectatione
1112 1122 1254 1203 indignos
1276 1123 1358 1187 iudi-

286 1253 415 1300 cassem.
460 1233 577 1297 Verum
605 1233 682 1297 haec
710 1250 790 1296 nunc
817 1232 856 1296 de
883 1230 1112 1295 commentariis
1144 1238 1217 1295 aute
1244 1231 1358 1296 multos

286 1360 386 1407 annos
409 1341 589 1423 compositis
611 1340 776 1405 detrahere
798 1346 829 1404 et
850 1356 1008 1418 resecare,
1030 1344 1251 1419 praeterquam
1274 1341 1357 1419 quod

287 1450 422 1531 alioquin
456 1450 620 1514 molestum
653 1447 803 1528 multique
830 1445 979 1526 temporis
1009 1453 1091 1523 erat,
1125 1464 1164 1510 ne
1190 1456 1359 1527 propterea

287 1558 412 1638 quidem
424 1557 544 1635 licebat,
562 1556 645 1637 quod
662 1574 806 1637 magnam
818 1560 939 1636 partem
957 1572 1025 1618 cum
1043 1553 1358 1634 iisdisputationibus

287 1665 623 1745 admonitionibusque‚
651 1670 782 1745 propter
809 1681 887 1745 quas
909 1680 1021 1726 novam
1043 1660 1134 1726 huius
1156 1661 1225 1726 libri
1248 1662 1357 1727 editio-

287 1791 358 1838 nem
380 1791 399 1838 a
422 1772 577 1844 nonnullis
600 1771 701 1852 expeti
725 1769 902 1846 credebam,
926 1769 970 1833 ita
992 1787 1130 1833 connexa
1152 1768 1359 1851 copulataque

287 1888 386 1959 erant,
409 1888 444 1944 ut
466 1879 568 1944 divelli
592 1879 641 1943 uix
663 1883 800 1959 possent.
835 1877 884 1956 Et,
905 1883 941 1941 ut
962 1895 1069 1940 verum
1092 1875 1201 1954 fatear,
1224 1875 1359 1943 fortasse

288 2007 327 2053 ne
349 2006 431 2052 nunc
448 1987 572 2068 quidem
590 1985 706 2049 inutilis
723 1986 783 2049 erit
803 2003 905 2066 neque
926 1983 987 2061 illa,
1009 1985 1040 2047 in
1063 2002 1125 2048 uuo
1145 1986 1255 2050 saltem
1273 1986 1358 2051 Cice-

287 2095 373 2160 ronis
406 2113 515 2175 opere,
548 2100 700 2175 perpetua
732 2093 914 2171 declaratio,
948 2111 1040 2172 quam
1074 2092 1186 2157 misere
1219 2094 1359 2160 homines

286 2202 419 2268 luserint
445 2203 584 2266 codicum
612 2201 870 2281 interpolatorum
898 2201 1033 2265 ludibria
1060 2200 1234 2281 leviumque
1256 2203 1358 2283 suspi-

287 2311 409 2375 cionum
428 2318 608 2387 commenta,
631 2317 663 2374 et
684 2327 776 2389 quam
799 2309 882 2374 lente
897 2308 1098 2389 instabilique
1113 2309 1215 2388 gradu
1231 2310 1273 2373 ad
1291 2328 1359 2374 cer·

287 2417 398 2482 tiorem
418 2416 640 2484 Ciceronianae
656 2415 806 2481 orationis
827 2414 960 2481 formam
981 2422 1163 2496 peruentum
1187 2417 1236 2495 sit,
1258 2436 1360 2498 neque

289 2525 367 2590 haec
388 2525 489 2590 inanis
511 2531 542 2590 et
564 2524 753 2606 impudentis
775 2523 986 2605 loquacitatis
1014 2543 1094 2605 quae
1123 2542 1222 2604 neque
1249 2543 1300 2589 res
1329 2532 1361 2590 et

289 2633 460 2698 sententias
482 2632 668 2698 intellexerit
694 2651 793 2712 neque
822 2633 974 2696 sermonis
1000 2632 1085 2714 leges
1113 2639 1291 2715 motumque
1314 2642 1360 2698 te·

289 2740 393 2806 nuerit
414 2740 723 2818 animadverteritve,
752 2748 806 2804 aut
827 2739 965 2804 incertae
987 2738 1227 2821 fluctuantisque
1249 2741 1360 2821 opina·

288 2849 382 2913 tionis
403 2847 434 2913 in
457 2847 676 2929 multiplicibus
693 2846 840 2928 exemplis
864 2847 1086 2913 demonstratio
1109 2855 1142 2912 et
1158 2848 1360 2929 reprehensio

289 2974 362 3021 curn
381 2962 485 3021 rectae
507 2955 637 3020 rationis
660 2955 864 3035 explicatione
892 2964 924 3020 11
950 2974 1018 3023 cum
1041 2954 1139 3020 hhero
1162 2957 1299 3036 quodam
1320 2957 1361 3021 de

289 3064 358 3145 ipso
381 3063 529 3128 Cicerone
555 3063 668 3127 iudicio
691 3064 862 3128 coniuncta.
907 3062 984 3127 Cum
1005 3063 1109 3144 itaque
1131 3063 1267 3128 universi
1289 3063 1361 3129 libri

290 3191 358 3236 earn
386 3172 531 3248 formam,
564 3190 645 3251 quae
672 3171 743 3235 olim
771 3170 879 3236 effecta
906 3180 1003 3250 esset,
1036 3171 1157 3236 servari
1183 3171 1361 3251 placuisset

290 3279 444 3356 restabat,
467 3285 502 3342 ut
523 3297 630 3344 omnes
652 3278 717 3344 eius
740 3287 855 3359 partes,
877 3278 1024 3361 adhibitis
1047 3279 1154 3358 etiarn,
1176 3272 1213 3343 si'
1226 3297 1289 3359 qua
1309 3280 1362 3344 alii

290 3393 363 3467 post
383 3406 412 3450 a.
432 3387 514 3451 1839
537 3388 707 3466 prudenter
735 3394 766 3451 et
793 3385 909 3450 utihter
931 3387 972 3450 ad
994 3387 1052 3451 hos
1073 3386 1170 3452 libros
1192 3388 1361 3452 emendan·
1397 3437 1403 3449 .

292 3495 350 3558 dos
372 3495 605 3559 enarrandosve
627 3494 843 3573 contulissent,
873 3494 913 3558 ad
935 3494 981 3572 id,
1009 3496 1093 3575 quod
1120 3513 1202 3560 nunc
1229 3494 1304 3560 mihi
1330 3496 1363 3561 in

292 3620 414 3682 quoque
443 3601 510 3665 loco
533 3621 641 3666 verum
669 3609 700 3667 et
727 3609 845 3667 rectum
867 3602 1039 3680 videretur,
1068 3602 1273 3682 exigerentur.
1317 3606 1363 3669 Ac

292 3709 435 3790 primum,
453 3729 521 3774 cum
535 3710 676 3774 Halmius
695 3718 726 3775 11
741 3710 896 3788 Baiterus,
916 3728 1047 3790 quornm
1064 3710 1114 3775 hic
1130 3711 1186 3774 hos
1203 3710 1298 3775 libros
1315 3711 1362 3775 bis

292 3819 471 3897 recognovit
487 3819 582 3898 (1861
607 3827 647 3895 et,
669 3818 846 3883 consociata
867 3836 935 3881 cum
960 3819 1100 3899 Kaysero
1122 3819 1233 3883 edendi
1256 3838 1361 3899 opera,

294 3925 399 4005 1863),
421 3925 536 3989 codicis
559 3925 764 4006 antiquissimi
788 3935 818 3991 et
840 3925 955 4006 optimi,
978 3925 1111 3990 Palatini
1134 3927 1239 4006 primi,
1262 3926 1361 4008 scrip-

293 4038 381 4096 turas
404 4032 495 4114 plene
522 4041 688 4098 annotatas
716 4034 886 4098 edidissent
912 4033 1161 4114 adiecissentque
1188 4033 1317 4098 alterius
1345 4054 1362 4099 e

293 4140 420 4204 meliore
447 4159 560 4220 genere
588 4141 701 4206 codicis
723 4141 907 4224 Erlangensi
935 4140 1078 4206 simillimi
1106 4140 1300 4205 collationem
1323 4142 1363 4206 de

293 4247 422 4328 ipsoque
434 4247 616 4330 Erlangensi
633 4248 810 4331 diligentius
823 4250 963 4329 inspecto
975 4250 1096 4330 plenius
1113 4257 1144 4314 et
1162 4249 1276 4314 rectius
1293 4251 1362 4331 plu·

293 4353 379 4418 ribus
401 4355 476 4420 locis
493 4357 698 4422 tradidissent
714 4359 768 4437 (de
786 4377 848 4438 qua
865 4357 1072 4422 subsidiorum
1088 4357 1266 4424 accessione
1283 4376 1362 4439 quac

295 4463 470 4528 necessaria
487 4464 572 4529 dictu
588 4470 687 4544 erant,
706 4464 861 4546 superiori
878 4463 1065 4546 praefationi
1080 4464 1277 4546 interposui),
1296 4483 1362 4530 om-
