3030 5086
218 446 282 511 246
610 464 656 509 nu
678 463 809 510 munius
832 463 904 509 son.

218 632 323 698 dicere
351 650 445 713 quam
474 632 666 712 voluptates,
699 633 731 697 in
761 637 847 695 tanto
875 633 1062 713 praesertim
1090 633 1187 715 viro);
1221 652 1298 699 num

218 735 312 799 etiam
334 735 401 798 eius
423 733 542 815 collega
563 734 597 797 P.
619 734 741 812 Decius
763 735 910 816 princeps
931 735 964 798 iu
985 753 1023 799 ca
1043 732 1161 800 familia
1183 753 1297 801 consu-

217 837 310 914 latus,
332 854 400 899 curn
424 854 459 900 se
480 837 649 901 devoverat
672 843 703 899 et
724 854 804 917 equo
827 837 964 901 admisso
987 837 1019 902 in
1042 838 1176 903 medimn
1197 838 1299 903 aciem

287 1028 311 1071 2.
331 1032 353 1071 et
370 1022 460 1087 calleyo
478 1023 527 1072 er'ar
546 1023 567 1071 E
603 1028 626 1073 3,
646 1023 768 1072 devoverat
786 1039 880 1083 omnes,
901 1023 944 1073 Or.

217 1180 344 1236 bendum
368 1180 534 1254 suspicatus
557 1190 615 1235 est:
643 1182 712 1235 malo
740 1183 806 1236 enirn
828 1183 866 1235 ito
889 1178 1040 1257 [Klotzius
1062 1178 1115 1257 ar‘c]
1138 1182 1227 1237 dicere
1250 1178 1298 1258 [ut

218 1265 357 1322 scribitur
379 1264 416 1321 ad
440 1266 504 1322 Att.
529 1265 730 1334 X111,42,1;
753 1265 803 1322 sed
828 1274 926 1321 tamen
949 1266 985 1321 ad
1008 1266 1090 1322 Fam.
1114 1266 1171 1335 III,
1199 1266 1247 1330 10,
1264 1269 1297 1322 1:

213 1370 268 1426 pro
290 1361 336 1406 tao
359 1351 504 1422 deportate,-
532 1353 603 1406 malo
630 1353 697 1406 enirn
720 1352 807 1406 dicere
829 1370 912 1424 qaam
929 1371 984 1426 pro
1005 1353 1101 1408 solute.
1145 1349 1206 1409 Otr.
1230 1350 1298 1408 Liv.

218 1437 276 1506 IX,
301 1437 351 1506 43,
376 1434 441 1513 23].

304 1525 360 1577 er'as
382 1521 494 1594 collega)
518 1521 624 1577 Altero
647 1520 749 1577 ordine
767 1521 855 1577 etiam
874 1520 951 1595 Spir.
964 1518 1034 1597 [B];
1058 1519 1138 1579 Gud.
1153 1521 1170 1577 2
1184 1530 1214 1577 et
1226 1520 1297 1577 Bas.

218 1607 358 1663 omittunt
380 1610 446 1664 et'as.
533 1651 538 1660 .

304 1712 362 1748 cunr
386 1712 413 1748 ae
435 1693 576 1747 devoverat
598 1700 674 1746 et—
692 1691 823 1762 irruebat)
847 1689 972 1748 Correxi
995 1690 1191 1747 certissimum
1216 1708 1298 1747 men·

218 1777 302 1836 dum.
336 1777 483 1850 quomodo
512 1775 653 1832 Davisius
682 1775 884 1850 corrigendum
914 1776 1037 1831 viderat.
1087 1776 1222 1851 Longum
1252 1784 1300 1833 est

218 1880 295 1917 nunc
319 1862 417 1917 omnia
440 1872 592 1926 excutere,
617 1878 692 1934 quae
715 1861 751 1916 de
774 1861 955 1917 diversorum
980 1861 1132 1917 modorum
1157 1860 1299 1917 coniunc-

218 1947 298 2003 tione
322 1965 456 2022 inagnum
480 1956 593 2020 partem
617 1964 635 2001 a
657 1946 729 2002 viris
752 1964 770 2002 a
791 1946 983 2021 grammatica
1005 1946 1169 2002 subtilitate
1191 1945 1299 2002 alienis

217 2031 260 2088 ita
282 2032 431 2107 disputata
454 2042 531 2098 sunt,
554 2041 587 2086 ut
609 2032 708 2087 omnia
730 2029 989 2100 confunderentur,
1013 2031 1095 2086 velut
1112 2028 1299 2087 aDralrenb.

218 2117 257 2173 ad
268 2117 332 2173 Liv.
346 2118 451 2185 XXX,
465 2119 515 2184 44,
532 2118 569 2172 10
582 2127 612 2172 et
623 2117 706 2183 XLI,
716 2116 764 2173 24.
774 2118 801 2171 5.
824 2113 917 2195 [Quid
930 2117 965 2172 de
978 2114 1169 2173 Alschefskio
1181 2115 1219 2172 ad
1230 2115 1299 2172 Liv.

218 2203 274 2271 IV,
292 2203 327 2258 19
347 2198 476 2280 dicam?]
507 2203 600 2259 Breve
618 2201 709 2277 igitur
721 2200 837 2257 faciam.
867 2201 1034 2274 Quaeritur,
1052 2219 1121 2257 num
1134 2201 1193 2257 duo
1206 2200 1299 2258 verba

218 2288 386 2362 copulative
409 2289 565 2344 coniuncta
588 2287 681 2343 eidem
705 2287 919 2346 coniunctioni,
948 2305 1023 2360 quae
1052 2295 1174 2361 propter
1201 2286 1297 2361 ipsam

218 2372 434 2448 copulationem
459 2372 625 2429 necessario
649 2373 771 2428 candem
795 2372 986 2447 principalem
1011 2370 1070 2427 vim
1094 2372 1231 2440 retineat,
1254 2371 1300 2427 di·

219 2477 306 2514 verso
330 2459 415 2514 modo
439 2458 532 2514 subici
550 2458 673 2532 possint.
708 2458 743 2514 Id
763 2458 801 2512 ab
824 2476 859 2513 eo
882 2464 978 2532 poeta.
1002 2456 1052 2530 qui
1076 2456 1214 2513 duritiam
1237 2475 1298 2514 nou

218 2543 343 2618 fugeret,
368 2562 469 2598 versus
493 2561 582 2599 causa
598 2542 661 2599 fieri
679 2552 795 2617 poterat
811 2542 841 2598 in
859 2542 911 2598 tali
930 2551 1086 2611 structura,
1110 2542 1140 2598 in
1158 2560 1218 2616 qua
1233 2541 1298 2598 sive

220 2629 339 2685 omnino
367 2628 472 2684 Latina
502 2638 600 2685 certae
628 2627 734 2684 aetatis
765 2628 859 2684 oratio
893 2628 955 2684 sive
990 2634 1141 2701 poetarum
1176 2627 1299 2684 libertas

218 2724 376 2786 utrumque
395 2714 511 2770 modum
524 2712 724 2770 coniunctioni
736 2713 828 2782 nullo,
846 2712 924 2786 quod
942 2712 1110 2779 sentiretur,
1128 2711 1299 2769 discrimIne

219 2798 375 2856 subiceret.
420 2799 524 2872 Itaque
549 2799 736 2873 Propertius,
760 2805 847 2873 poeta
870 2798 1002 2854 oratione
1025 2798 1207 2865 durissimus,
1229 2814 1297 2854 cum

219 2891 324 2959 poetae
347 2903 384 2940 ex
407 2884 573 2958 antiquiore
596 2902 730 2940 sermone
750 2883 898 2939 licentiam
917 2882 1069 2939 indicativi
1088 2883 1117 2939 in
1135 2883 1300 2958 interroga·

219 2970 299 3025 tione
322 2970 461 3044 pendenti
484 2969 613 3044 ponendi
630 2968 800 3035 retinerent,
824 2987 881 3042 qua
899 2978 996 3024 tamen
1015 2968 1165 3043 Vergilius
1189 2978 1218 3024 et
1234 2968 1300 3025 Ho-

219 3055 312 3111 ratius
332 3073 399 3111 raro
417 3065 547 3111 utuntur.
572 3073 629 3111 non
647 3072 714 3110 raro
732 3054 794 3110 sive
812 3053 979 3129 pronomini
996 3053 1210 3129 interrogativo
1227 3070 1300 3129 pen·

219 3140 300 3196 denti
323 3139 385 3196 sive
409 3141 570 3215 particulae
594 3150 623 3196 et
646 3139 836 3196 indicativum
867 3148 897 3195 et
919 3138 1138 3195 coniunctivum
1163 3138 1298 3208 subiecit,

220 3225 303 3281 cuius
326 3225 368 3280 rei
392 3225 529 3300 exempla
552 3225 759 3282 Lachmannus
787 3224 907 3298 collegit
930 3224 971 3295 (in
994 3225 1093 3299 priore
1116 3225 1202 3297 edit.)
1225 3243 1254 3298 p.
1269 3225 1297 3293 9,

220 3307 370 3390 [idemque
381 3311 493 3382 IV(V),
508 3313 534 3380 4,
547 3312 583 3367 10
596 3310 685 3366 dixit:
702 3329 761 3366 curn
773 3320 893 3383 quateret
907 3343 944 3352 -
958 3320 1040 3383 atque
1051 3306 1182 3389 stabant}
1211 3308 1298 3366 Alio·

219 3414 283 3452 rum
302 3402 454 3470 poetarum
472 3413 565 3471 pauca
579 3406 654 3451 sunt.
689 3396 800 3452 Prosae
813 3394 955 3451 orationis
968 3395 1126 3469 scriptores
1138 3412 1298 3468 numquam

219 3480 249 3537 id
273 3479 416 3538 fecerunt.
451 3481 527 3537 Nam
551 3481 580 3537 in
605 3499 663 3536 uno
687 3481 763 3536 Livii
787 3480 861 3537 loco.
885 3498 971 3553 quem
991 3479 1126 3536 Handius
1144 3481 1244 3552 (Ture.
1265 3479 1300 3536 11

220 3584 248 3640 p.
262 3566 335 3638 486)
354 3565 434 3633 citat,
454 3565 508 3631 IV,
526 3567 572 3623 13.
589 3567 641 3623 10:
669 3565 745 3634 erae
763 3563 910 3640 postquam
932 3576 994 3621 suat
1015 3567 1111 3621 ortdr'ta
1133 3576 1158 3621 et
1180 3566 1300 3639 undique

215 3655 349 3726 primores
368 3661 479 3724 patrum
502 3661 526 3708 et
545 3654 647 3727 prioris
669 3655 734 3708 arrrrr'
749 3653 869 3708 consules
887 3653 1064 3725 increparent,
1087 3653 1161 3724 quod
1176 3670 1222 3707 coc
1241 3652 1300 3706 lar·

217 3740 329 3810 pr'tr'oncs
351 3768 393 3776 —
412 3740 494 3811 possi
513 3747 600 3793 esseut
615 3739 691 3809 ficri,
715 3746 740 3794 et
762 3757 841 3793 novos
863 3740 997 3803 consules,
1021 3738 1095 3810 quod
1116 3745 1300 3810 erpccwsaeat

221 3855 270 3882 -.-,
293 3832 348 3878 trun
376 3823 406 3878 T.
430 3821 577 3890 Quinctius,
598 3829 698 3897 aperte
721 3822 868 3878 sententia
884 3832 914 3877 et
931 3821 1008 3878 Livii
1027 3840 1097 3877 usus
1114 3820 1299 3896 postulabat:

224 3906 300 3974 Quae
314 3917 459 3981 postquam
478 3918 540 3963 sont
558 3910 661 3975 audita,
680 3926 739 3964 curn
752 3910 869 3981 undique
881 3918 952 3968 cet:
971 3904 1036 3986 [sed
1048 3916 1127 3963 recte
1140 3907 1181 3962 M.
1196 3907 1299 3981 Haup-

221 3993 279 4048 tius
302 3992 488 4049 scribendum
507 3994 589 4049 vidit
614 4003 646 4049 ut
664 3993 754 4049 estin
779 3993 861 4048 codd.
881 4011 970 4049 rece:
996 4025 1028 4034 -
1052 3993 1156 4048 ondita.
1180 3993 1301 4065 andreae

155 4085 157 4088 ’
221 4111 260 4119 -
269 4082 415 4152 increpare.
429 4080 503 4151 qaod
514 4111 561 4136 —.
581 4079 658 4147 ,Tum
670 4077 810 4145 erinctiua
822 4073 901 4155 cet.].
925 4080 958 4134 In
973 4079 1027 4134 hoc
1040 4087 1136 4133 antem
1146 4076 1300 4135 Ciceronis

220 4163 285 4219 loco
315 4182 372 4218 uua
401 4172 445 4219 est
478 4174 507 4219 et
535 4163 660 4237 simplex
690 4164 831 4237 temporis
860 4163 1034 4238 significatio
1063 4167 1111 4235 (eo
1140 4171 1299 4225 momento,

220 4266 278 4321 quo
302 4268 332 4303 se
356 4249 516 4304 devoverat
544 4249 601 4304 iarn
630 4258 659 4304 et
682 4248 814 4305 irruebat
836 4253 914 4321 cet).
960 4249 1037 4304 Nam
1061 4248 1139 4321 quod
1163 4246 1301 4304 IIandius

221 4333 252 4404 (l.
265 4336 301 4404 c.)
325 4334 353 4389 in
378 4336 514 4390 devoveret
531 4335 593 4391 voti
611 4344 640 4390 et
653 4334 814 4390 voluntatis
830 4334 1073 4409 significationem
1091 4333 1188 4389 inesse
1205 4340 1300 4407 putat,

220 4417 250 4474 in
269 4419 361 4474 altero
378 4438 438 4475 rem
457 4418 591 4476 effectam
608 4419 750 4494 intellegi,
774 4419 880 4476 Gzium
899 4437 1035 4493 sequens,
1059 4437 1115 4474 non
1134 4427 1197 4474 erat
1214 4417 1300 4487 illud,
