3030 5086
253 448 318 514 544
644 468 689 513 nn
711 468 842 515 amisus
864 469 936 516 uon.

252 635 404 700 incideret
426 641 457 699 et
478 636 695 717 quodcumque
720 644 878 718 tamquam
900 644 1086 704 occurreret.
1131 640 1162 702 ls
1183 637 1242 704 hoc
1264 657 1333 704 me·

253 737 313 801 lior
330 756 422 818 quam
438 736 569 820 Pyrrho,
592 739 677 818 quod
695 737 771 822 [vel]
788 739 914 819 aliquod
930 758 1030 821 genus
1047 740 1215 820 appetendi
1231 739 1332 818 dedit,

253 838 390 903 deterior
407 858 501 920 quam
518 840 621 919 ceteri,
644 841 728 921 quod
750 841 873 921 penitus
895 858 916 904 a
932 847 1046 905 natura
1062 842 1199 906 recessit.
1232 840 1331 906 Stoici

252 949 367 1017 autern,
389 941 472 1021 quod
495 940 586 1006 finem
609 942 761 1006 bonorum
782 941 813 1006 in
836 961 899 1007 una
921 943 1037 1007 virtute
1059 950 1188 1024 ponunt,
1210 943 1331 1008 similes

215 1042 327 1106 bsunt
347 1040 484 1119 illorum;
513 1043 597 1123 quod
619 1049 723 1108 autem
746 1043 933 1125 principium
956 1041 1048 1108 officii
1071 1051 1238 1125 quaerunt,
1261 1064 1329 1110 me·

252 1142 311 1208 lius
333 1161 426 1224 quam
438 1143 572 1226 Pyrrho;
595 1146 680 1225 quod
704 1163 742 1209 ea
758 1163 819 1210 nou
837 1146 1033 1210 decurrentia
1048 1143 1178 1225 fingunt,
1199 1146 1331 1210 ducunt

323 1318 343 1360 1.
361 1311 398 1361 aa
414 1312 499 1362 decli
535 1318 557 1362 2.
577 1313 642 1377 qaod
657 1313 695 1363 vel
711 1328 751 1364 om
772 1314 791 1362 P
809 1313 846 1364 uel
862 1316 959 1373 om.E;
978 1316 1031 1364 sina
1050 1315 1121 1365 uncis
1137 1314 1180 1364 Or.
1199 1315 1242 1378 qur'
1257 1313 1328 1366 uelC

252 1385 276 1428 8.
297 1397 313 1428 a
331 1396 379 1432 om.
399 1381 443 1429 ΕΡ
479 1387 501 1431 1.
521 1382 624 1446 officr'mn
640 1382 754 1448 principii
769 1383 790 1432 1.
827 1387 849 1431 6,
868 1383 933 1446 quod
949 1398 989 1432 orn
1017 1384 1038 1432 a

251 1518 387 1590 formula,
410 1520 453 1576 rei
476 1520 702 1596 explicationem
726 1521 868 1580 omiserit.
903 1521 989 1595 Quod
1012 1532 1109 1579 autern
1128 1523 1191 1598 ipse
1208 1523 1348 1587 Tanno-¹

254 1623 386 1668 mannus
410 1605 480 1677 quid
503 1606 753 1676 senseritAristO,
777 1625 814 1663 ex
838 1608 874 1664 iis
893 1607 1024 1682 intellegi
1043 1617 1136 1683 putat,
1159 1626 1234 1681 quae
1247 1606 1328 1683 apud

252 1692 334 1747 Sext.
358 1690 442 1764 Emp.
465 1690 532 1747 adv.
555 1691 696 1748 Mathem
719 1692 777 1764 XI
803 1693 841 1748 64
860 1711 923 1767 sqq
948 1692 1099 1761 dicuntur,
1128 1692 1169 1749 ibi
1192 1692 1328 1750 ridemus

251 1775 422 1831 Aristonem
433 1793 585 1873 negasse,
572 1785 678 1832 natura
686 1777 744 1833 alia
753 1796 817 1834 esse
825 1794 904 1870 opor
904 1770 1030 1870 pairac,-
1017 1769 1102 1833 alia’
1084 1770 1327 1868 αποπροηγμένα,

142 1860 147 1868 ’
251 1859 302 1915 sed
325 1860 396 1916 talia
419 1878 483 1918 esse
505 1850 587 1938 παρὰ
610 1852 665 1925 τὰς
682 1849 868 1960 διαφόρους
863 1857 921 1917 coir
938 1857 1047 1952 sarpeia
1063 1845 1260 1957 περιστάσεις,
1284 1860 1327 1918 ita

251 1955 281 1999 ut
306 1944 386 2001 nulla
408 1955 485 2002 esset
507 1935 615 2019 φυσικὴ
632 1937 739 2021 ἑτέρων
754 1963 816 2021 παρ
850 1935 936 2020 ἕτερα
957 1962 1118 2020 προκρισις,
1141 1935 1218 2000 κατὰ
1240 1938 1326 2022 περί-

251 2044 355 2085 στασιν
377 2019 552 2103 δὲμᾶλλον
598 2030 708 2086 Varum
732 2039 829 2085 tamen
853 2029 1014 2104 ignoratur,
1037 2029 1108 2104 quid
1130 2028 1265 2086 statuerit
1289 2029 1327 2087 da

250 2111 417 2170 discrimine
441 2123 471 2171 at
492 2114 650 2171 selectione
672 2114 775 2170 harum
798 2132 906 2183 rerum,
930 2114 955 2171 si
977 2113 1046 2170 illae
1062 2100 1249 2190 περιστάσεις
1266 2132 1326 2172 non

249 2199 408 2259 variarent.
444 2199 536 2258 Stoici
554 2211 702 2269 autema
725 2199 831 2273 quibus
854 2208 918 2255 erat
940 2216 1126 2274 progressus,
1149 2213 1214 2254 curn
1238 2218 1327 2256 omna

249 2284 354 2357 agendi
378 2284 553 2359 principium
577 2285 614 2340 ab
637 2284 769 2358 appetitu
793 2295 823 2341 et
843 2284 1002 2341 reiectione
1024 2283 1067 2340 rai
1090 2283 1325 2341 aestimationem

250 2367 385 2425 habentis
397 2376 459 2425 aut
480 2387 538 2425 non
561 2369 697 2425 habentis
714 2369 756 2425 ita
772 2378 947 2444 repeterent,
970 2369 1049 2425 utin
1067 2368 1123 2424 hac
1140 2367 1205 2442 ipsa
1223 2361 1325 2444 ἐκλογῇ

251 2453 310 2508 vim
327 2453 445 2510 virtutis
464 2464 616 2528 ponerent,
640 2453 795 2525 nescimus,
818 2454 889 2529 quid
913 2453 1025 2524 Aristo,
1048 2453 1164 2510 sublato
1187 2452 1243 2508 hoc
1265 2452 1326 2509 dis·

250 2538 386 2607 crirnine,
416 2539 602 2597 substituerit
630 2548 658 2595 et
682 2539 760 2613 quod
782 2537 872 2596 officii
895 2539 1010 2596 initium
1033 2538 1174 2614 posuerit.
1219 2538 1325 2612 Itaque

250 2635 362 2680 utnon
385 2621 509 2692 affirmo,
533 2624 741 2700 Chrysippum,
764 2642 849 2699 quern
874 2623 978 2682 Cicero
1001 2624 1030 2680 in
1048 2623 1190 2681 Aristone
1213 2622 1325 2697 impro-

250 2707 346 2764 bando
369 2707 501 2782 sequitur
523 2711 550 2780 (5
563 2711 612 2778 68,
636 2709 739 2778 11,13,
756 2709 816 2782 al),
839 2709 1033 2784 perspexisse,
1057 2708 1128 2782 quid
1151 2707 1252 2764 Aristo
1275 2725 1325 2764 co·

250 2803 377 2861 noratur,
400 2793 441 2849 sic
455 2794 604 2851 Aristonis
620 2812 709 2850 causa
731 2812 809 2850 nunc
831 2793 903 2850 satis
925 2793 1047 2850 firmiter
1069 2791 1187 2850 defendi
1209 2792 1323 2865 nequit.

335 2880 409 2952 qood
430 2874 497 2958 [vel]
520 2880 644 2953 aliquod)
668 2880 732 2940 Hoc
754 2878 778 2935 si
802 2889 880 2936 recte
904 2879 1044 2953 scriptum
1068 2887 1128 2948 est,
1157 2876 1324 2952 significare

250 2961 350 3018 debet:
373 2965 447 3037 quod
469 2966 581 3038 olr'quod
603 2974 689 3021 tornea
706 2966 833 3038 (saltem),
856 2983 941 3038 quem
966 2983 1048 3020 usum
1073 2961 1233 3038 particulae
1252 2961 1322 3018 olim

248 3049 430 3104 annotabant
453 3067 468 3104 e
491 3049 559 3105 Ter.
583 3049 702 3106 Phorm.
726 3049 774 3117 11,
800 3051 831 3117 l,
856 3050 910 3111 71,
933 3048 983 3105 ubi
1007 3066 1093 3117 nunc,
1117 3056 1210 3104 metro
1233 3047 1323 3104 etiam

248 3131 409 3207 flagitante,
432 3135 473 3189 orl
488 3134 635 3192 sublatum
653 3143 707 3204 est,
731 3143 769 3204 et,
793 3134 817 3191 si
836 3152 894 3190 non
912 3144 998 3204 esset,
1015 3153 1079 3190 non
1097 3131 1263 3189 necessario
1281 3131 1325 3188 ita

248 3217 450 3291 accipiendum
475 3228 561 3275 esset.
605 3215 677 3298 [Sed
697 3218 746 3276 vix
769 3219 856 3275 aliter
873 3219 966 3294 accipi
990 3227 1086 3294 potest
1108 3217 1186 3292 apud
1204 3215 1324 3274 Cicero·

249 3320 314 3357 nem
339 3302 433 3377 ipsum
456 3303 493 3359 ad
512 3304 593 3360 Fani
612 3305 669 3371 XI
689 3306 738 3374 22,
753 3305 770 3360 2
794 3305 892 3377 (tornea
915 3307 956 3380 ogl
974 3303 1150 3378 probabilem)
1168 3319 1221 3358 nac
1243 3301 1324 3377 apud

249 3385 363 3443 (NJolurn
387 3388 497 3457 xl,1‚
524 3391 559 3445 ll
584 3391 637 3458 (vel
657 3392 766 3464 aliquos
786 3391 908 3465 partes),
931 3397 981 3446 aut
1005 3388 1086 3447 sves.
1110 3387 1181 3446 Nor.
1207 3387 1245 3443 47
1271 3388 1326 3458 (vel

248 3474 366 3545 Aegypti
381 3475 583 3546 pruesecturom
605 3476 714 3531 concedi
734 3474 795 3547 aibr)
818 3483 870 3530 aut
891 3474 979 3530 Mart.
998 3474 1039 3543 X,
1064 3473 1110 3541 12,
1124 3472 1141 3528 5
1166 3473 1260 3545 (inesse
1282 3474 1325 3529 cel

248 3559 314 3630 uria)
327 3567 384 3621 ‚aut
403 3557 481 3614 Plin.
494 3558 588 3634 Epist.
605 3559 630 3629 Ι,
648 3561 695 3629 12,
709 3560 726 3614 8
739 3562 793 3628 (orl
814 3578 866 3615 ano
887 3560 952 3631 dia).
982 3558 1079 3624 ,Plura
1091 3556 1323 3631 Wesenbergius

248 3641 385 3716 exempla
412 3642 511 3717 posuit
538 3644 567 3699 in
596 3645 675 3701 Ann.
698 3644 808 3702 Philol.
832 3644 909 3700 Dan.
932 3645 962 3701 X
986 3663 1013 3718 p.
1033 3636 1118 3720 346]
1165 3641 1203 3698 Et
1224 3640 1323 3716 potuit

247 3727 285 3781 ab
308 3726 362 3782 hac
385 3728 527 3785 orationis
550 3727 658 3785 forma:
681 3732 722 3785 val
744 3731 792 3785 hoc
813 3731 921 3802 sufficit.
944 3728 995 3785 ubi
1017 3739 1142 3802 augetur
1164 3726 1322 3801 exiguitas,

247 3810 378 3867 deraniri
402 3812 439 3868 ad
462 3813 551 3869 hanc:
573 3815 614 3869 vel
630 3815 678 3870 hoc
687 3817 749 3888 sac,
768 3814 817 3870 ubi
834 3813 956 3870 ierimus
968 3813 1168 3888 exiguitatem.
1191 3808 1323 3890 [Itaque.

247 3895 303 3952 etsi
326 3897 413 3953 etiam
438 3898 462 3953 B
485 3900 526 3954 vel
548 3898 666 3968 omittit,
690 3917 809 3974 prorsus
832 3899 935 3956 tollere
958 3917 1047 3955 ausus
1070 3917 1127 3954 non
1151 3891 1238 3974 sum]

333 4001 364 4037 co
386 4002 436 4038 noa
459 3986 625 4040 occurrentia
640 3985 761 4058 fingunt)
787 3984 960 4041 Occurrentia
980 3982 1086 4059 plurali
1105 4000 1225 4038 numero
1245 3980 1323 4038 dixit

246 4065 377 4141 singulas
390 4066 455 4122 illas
468 4086 524 4138 res,
541 4086 616 4142 quae
634 4069 663 4125 in
683 4079 807 4125 mentem
826 4069 989 4126 inciderent
1000 4076 1028 4125 et
1041 4085 1116 4142 quae
1128 4067 1323 4136 incurrerant,

246 4151 353 4224 quibus
364 4153 468 4209 Aristo
480 4153 610 4210 actiones
624 4154 884 4229 moveriputaba13
902 4154 938 4211 ad
957 4172 1020 4210 eam
1034 4170 1136 4209 vocem
1148 4169 1323 4226 pronomen,

246 4236 324 4309 quod
347 4237 384 4292 ad
403 4240 567 4312 princrpium
589 4240 671 4312 officii
691 4238 832 4306 refertur,
857 4239 961 4296 Latino
985 4257 1065 4295 mora
1087 4235 1323 4295 accommodavit

246 4329 275 4376 et
297 4321 384 4378 simul
408 4323 551 4380 brevitate
574 4324 699 4397 quadarn
723 4343 793 4381 usus
816 4325 911 4381 estin
936 4325 1036 4391 verbo,
1060 4323 1116 4379 hoc
1137 4320 1323 4396 significans:

173 4468 175 4473 Α
246 4406 324 4479 quod
347 4425 404 4462 non
427 4407 542 4484 fingunt
563 4409 747 4466 occurrentia
774 4419 803 4466 et
831 4409 861 4466 iu
889 4409 925 4466 iis
953 4409 983 4466 id
1006 4405 1193 4484 (principium
1217 4404 1324 4480 officii)
