3030 5086
300 461 361 527 128
684 471 731 522 nu
752 462 887 525 sturnus
910 477 982 524 Bou.

298 647 444 731 grediens
471 645 712 711 familiaritatem
739 640 888 724 effecerit,
919 653 984 709 tum
1012 665 1150 713 amorem
1178 645 1374 714 efflorescere

299 757 429 829 tanturn,
453 757 495 827 ut
517 747 639 813 etiamsi
661 746 746 811 nulla
768 747 810 812 sit
831 747 950 812 utilitas
972 767 1010 812 ex
1026 749 1170 828 amicitia,
1192 758 1295 815 tamen
1313 751 1373 834 ipsi

300 851 390 916 amici
411 858 543 931 propter
569 867 604 915 se
631 849 718 930 ipsos
741 858 891 919 amentur.
935 849 1055 915 Etenim
1083 850 1110 916 si
1132 851 1214 929 loca,
1243 852 1269 916 si
1291 850 1374 930 fana,

301 952 329 1019 si
350 953 458 1031 urbes,
487 951 515 1016 si
536 952 712 1034 gymnasia,
735 951 761 1016 si
784 970 941 1033 campum,
973 952 1000 1016 si
1022 971 1130 1031 cenea,
1158 953 1184 1017 si
1206 972 1319 1035 equos,
1349 955 1374 1018 si

263 1056 284 1122 b
300 1054 420 1120 ludicra
436 1052 600 1119 exercendi
618 1063 673 1118 aut
684 1054 819 1118 venandi
835 1054 1057 1120 consuetudine
1069 1055 1218 1121 adamare
1231 1057 1375 1133 solemus,

373 1280 393 1323 l.
418 1272 533 1341 [effeceris
551 1273 598 1352 A¹J
654 1279 670 1322 3
704 1272 791 1342 [samo
808 1275 842 1344 A]
899 1281 921 1325 4,
946 1275 1084 1339 riquer
1138 1280 1161 1324 5.
1189 1274 1306 1343 [ludicras
1324 1275 1374 1342 Al]

302 1343 403 1393 amandi
419 1353 476 1408 (pro
493 1342 606 1405 venando)
626 1342 646 1391 L
667 1341 718 1410 [out
739 1345 750 1409 Η
770 1352 812 1393 ont
830 1342 859 1411 Α]
897 1343 1074 1394 consuetudines
1094 1343 1298 1410 [AlellCROr.

302 1533 484 1591 scribebant:
506 1535 737 1609 copulationesque
759 1527 983 1604 oone'oetudinum
1006 1535 1230 1591 instituendorum
1247 1537 1376 1592 amicitio-

303 1639 363 1675 rum
378 1621 444 1694 fieri
464 1630 518 1675 cet.

388 1707 414 1761 εἰ
434 1705 540 1761 ludicra
558 1704 699 1761 exercendi
715 1713 763 1759 out
779 1703 895 1759 certandi
911 1706 1096 1761 correoetudirtc
1112 1701 1256 1779 odouacro)
1280 1704 1378 1760 Habet

305 1788 422 1846 tandem
445 1807 516 1845 vare
538 1789 684 1864 scriptura
700 1806 870 1864 sponsorem
884 1787 946 1846 Erl.
966 1787 1072 1867 [atB].
1096 1808 1154 1846 non
1177 1788 1303 1858 silentio,
1327 1789 1378 1855 sed
1454 1848 1458 1855 ,

303 1884 431 1944 certum,
462 1893 537 1948 quae
565 1883 653 1931 antee
674 1873 824 1930 nitebatur
846 1882 977 1930 veterum
1007 1874 1189 1948 quarundam
1217 1873 1377 1930 editionum

304 1961 349 2032 (ut
372 1961 446 2016 Ven.
474 1959 553 2016 1480
576 1968 606 2015 et
629 1959 720 2031 lunt.)
745 1967 775 2014 et
798 1957 923 2015 Victorii
946 1959 1002 2016 fide
1025 1963 1104 2030 (nam
1130 1958 1320 2017 Lellemando
1343 1958 1378 2014 de

305 2043 455 2101 codicibus
477 2045 567 2120 regiis
589 2043 668 2100 credi
692 2042 764 2099 nihil
790 2046 906 2118 potest),
930 2044 981 2100 sed
1004 2045 1185 2120 probabatur
1207 2045 1244 2100 ab
1262 2043 1377 2100 intelle-

303 2129 442 2205 gentibus
458 2129 560 2201 (Man,
581 2129 692 2199 hamb,
712 2129 799 2196 Dar,
812 2128 893 2199 Erm,
908 2128 1038 2202 Bremio)
1056 2138 1176 2205 propter
1193 2128 1378 2187 sententiam.

304 2213 498 2273 Concluditur
519 2214 596 2271 enim
620 2213 676 2282 sic,
707 2213 731 2270 si
755 2212 828 2271 alias
850 2231 898 2271 res
919 2217 1105 2272 consvetvdine
1126 2233 1272 2285 amemus,
1301 2214 1378 2271 idem

304 2299 368 2356 deri
390 2298 508 2356 facilius
531 2299 559 2356 in
584 2296 751 2383 hominibus
774 2316 874 2373 posse,
904 2298 982 2373 quod
1005 2299 1048 2356 illi
1072 2299 1210 2375 Epicurei
1233 2299 1378 2355 dicebant.

304 2394 338 2443 nt
359 2402 410 2441 eos
433 2384 645 2440 consuetudine
667 2401 813 2449 emernus;
840 2383 870 2439 in
893 2384 1024 2442 ablativo
1047 2386 1233 2442 consvetudr'ne
1254 2384 1380 2440 vertitur

305 2469 459 2527 sententia.
494 2471 642 2539 Interea,
666 2487 741 2542 quae
763 2468 891 2544 exempli
915 2468 980 2526 loco
1002 2478 1160 2544 ponuntur,
1184 2476 1252 2526 sunt
1274 2470 1380 2526 ludicro

305 2556 446 2612 exercendi
465 2564 513 2611 aut
534 2555 664 2621 venandi,
698 2554 727 2610 id
751 2562 809 2620 est,
843 2552 974 2610 ludicrae
996 2572 1143 2615 armorum
1173 2564 1379 2629 etcorporum

305 2639 533 2697 exercitationes
556 2640 700 2710 (ludicram
722 2641 933 2696 armatotionon
952 2638 1056 2698 Cicero
1079 2639 1152 2696 dicit
1174 2639 1244 2696 IN.
1257 2639 1294 2695 I).
1310 2638 1380 2703 102,

305 2725 319 2782 l
344 2724 379 2780 de
398 2722 481 2782 Orat.
504 2725 576 2798 147)
599 2734 629 2780 et
651 2723 829 2790 venationes,
853 2742 928 2797 quae
951 2724 1016 2799 ipsa
1038 2733 1102 2780 erat
1124 2723 1236 2780 ludicre
1258 2733 1287 2780 et
1309 2723 1382 2779 assi·

307 2808 416 2866 mulata
439 2809 612 2866 exercitatio
636 2808 706 2866 belli
718 2809 768 2882 (N.
781 2809 818 2866 D.
831 2809 872 2873 ΙΙ,
890 2812 970 2882 161).
1006 2809 1157 2866 Ludicrnm
1175 2827 1228 2883 pro
1246 2808 1381 2864 substan·

306 2895 367 2951 tivo
391 2893 495 2952 Cicero
520 2894 609 2962 dixit,
638 2903 669 2951 ut
693 2893 796 2951 Livius
818 2892 996 2967 aliquotiens
1019 2893 1055 2950 de
1077 2892 1168 2962 ludis,
1196 2910 1251 2949 nec
1279 2892 1381 2949 hebuit

307 2979 397 3045 eliud,
421 2997 478 3052 quo
502 2989 647 3047 uteretur;
669 2996 737 3034 nem
761 2996 814 3035 nec
837 2977 897 3034 ludi
920 2978 1062 3050 hierem,
1086 2996 1140 3035 nec
1157 2970 1383 3034 exercitationes

308 3082 366 3120 nou
395 3063 513 3121 inutiles
541 3064 623 3121 lusus
650 3073 729 3120 recte
757 3062 902 3139 appellari
930 3072 1076 3138 poterent.
1123 3062 1289 3138 Dupliciter
1312 3063 1384 3140 haec

308 3148 455 3224 scriptura
482 3157 620 3223 corrupte
643 3157 701 3218 est3
730 3167 796 3205 nam
825 3148 855 3205 in
878 3148 1064 3224 vulgaribus,
1088 3148 1178 3214 Part,
1202 3147 1383 3208 Davisianis.

309 3233 406 3305 Oxx.‚
430 3232 513 3302 Gaii,
543 3243 574 3290 ut
597 3233 660 3309 ipse
681 3233 738 3301 ait,
768 3243 885 3309 praeter
908 3233 1001 3309 Spin,
1029 3234 1081 3290 sed
1108 3232 1299 3308 excipiendus
1321 3243 1384 3288 erat

308 3318 412 3376 saltem
434 3318 511 3388 Eri,
535 3318 625 3376 ceteri
649 3318 808 3376 accusativi
832 3317 1001 3390 effecerunt,
1024 3326 1057 3375 ut
1079 3317 1257 3375 scriberetur
1278 3336 1383 3374 conecc-

308 3405 428 3471 tudr'nee,
457 3412 571 3460 retento
594 3413 692 3461 temen
711 3405 831 3473 ludicra,
854 3412 886 3461 nt
910 3402 992 3460 nulle.
1014 3402 1053 3460 sit
1074 3403 1228 3460 sententie.
1273 3402 1332 3460 Sed
1354 3402 1384 3458 in

310 3483 368 3565 [A²
391 3486 434 3565 et]
459 3488 536 3564 Spin.
568 3498 598 3545 et
625 3489 689 3546 cod.
713 3489 795 3557 Ura,
829 3487 907 3563 quod
937 3488 1057 3558 mirere,
1090 3488 1168 3544 idem
1197 3487 1384 3545 librariorum

310 3590 392 3630 error
413 3570 512 3631 effecit
533 3575 654 3631 ludicrae
673 3607 709 3617 -
728 3576 937 3644 conavetndr'nee,
960 3574 1038 3647 quod
1060 3591 1078 3629 a
1101 3571 1233 3632 Grutero
1256 3581 1285 3629 et
1308 3570 1385 3630 Gzio

309 3667 459 3733 receptum
478 3669 531 3715 est.
566 3659 737 3717 Sententiae
759 3677 796 3715 ne
818 3659 931 3733 species
954 3658 1070 3732 quidem
1095 3668 1153 3727 est;
1176 3676 1243 3714 narn
1264 3675 1385 3714 cumen

310 3743 419 3800 cruoris
442 3743 471 3800 in
494 3744 561 3801 aliis
584 3745 671 3800 rebus
693 3743 807 3820 origine
823 3744 899 3800 ratio
916 3742 1051 3801 concludi
1069 3742 1176 3800 debeat
1192 3743 1228 3799 de
1244 3742 1384 3803 amicitia.

311 3828 384 3885 nihil
406 3847 483 3885 nunc
506 3829 541 3886 de
564 3848 599 3885 eo
622 3829 742 3892 dicitur,
772 3828 838 3897 sed,
861 3829 886 3886 si
909 3829 975 3885 loce
997 3838 1026 3885 et
1048 3827 1117 3885 fena
1138 3824 1284 3898 amemus,
1308 3826 1384 3883 idem

310 3913 373 3970 ficri
397 3914 502 3970 iustius
525 3914 554 3971 in
579 3913 747 3971 hominibus
773 3914 894 3984 dicitur3
927 3923 1041 3970 tentum
1070 3913 1169 3988 inepte
1197 3916 1225 3969 in
1254 3913 1385 3968 lominum

310 4001 495 4056 consuetudine
522 3999 650 4074 ponitur.
705 3999 810 4074 Itaque
839 4008 955 4056 enarret
980 3998 1088 4057 Gaius:
1118 3999 1152 4056 Si
1172 4001 1246 4068 loco,
1274 4000 1300 4054 et'
1313 4000 1386 4072 fano

311 4093 366 4141 cet.
386 4095 531 4159 propter
553 4104 587 4142 ee
608 4088 687 4159 ipro
709 4104 840 4155 coremur,
862 4087 944 4142 multo
960 4087 1075 4159 famlias
1097 4085 1213 4140 homines
1231 4092 1343 4158 propter
1360 4102 1387 4139 ne
1439 4128 1447 4143 .

311 4172 384 4244 ipsos
405 4189 500 4226 cruore
517 4173 672 4245 poterentur.
717 4169 777 4228 Ubi
800 4169 872 4226 illud
896 4179 941 4225 est
963 4179 1079 4244 propter
1106 4188 1135 4225 ee
1155 4160 1235 4243 rp'aa?
1264 4177 1314 4225 aut
1338 4167 1387 4224 ubi

311 4272 376 4311 esse
399 4264 505 4330 potest,
529 4255 557 4311 in
573 4255 785 4330 Epicureorum
809 4252 974 4312 sententie?
1018 4255 1095 4311 Nam
1119 4253 1162 4310 illi
1186 4253 1211 4310 si
1234 4262 1278 4310 tot
1300 4271 1348 4310 res
1371 4272 1387 4308 n

311 4339 407 4415 primo
430 4340 515 4398 initio
539 4350 713 4416 propterea
736 4340 828 4397 amari
851 4349 998 4416 putarent,
1024 4339 1217 4396 concederent
1240 4338 1327 4395 etiam
1352 4338 1388 4394 de

313 4425 489 4483 bominibus.
508 4443 561 4483 nec
580 4426 669 4483 tantis
687 4425 861 4502 ambagibus
879 4434 1040 4484 uterentur.
1065 4423 1148 4502 [Nou
1160 4433 1240 4481 recte
1253 4423 1389 4482 Baiterus
