3030 5086
260 449 323 515 866

260 640 375 712 Referre
397 659 450 715 pro
470 659 584 697 rrarrare
600 641 678 715 apud
697 659 771 714 quos

304 725 419 783 dicatur
443 725 514 784 308.

261 808 436 866 Reiectcneus
460 813 531 868 588.

260 893 423 968 Relinqnere
445 914 498 971 pro
521 898 638 952 omittere
660 897 710 952 41.

261 978 400 1052 Repellere
423 979 498 1045 3483
526 982 652 1055 repellere
674 990 704 1037 et
724 982 771 1038 tle·

301 1064 400 1136 pellere
423 1066 473 1122 72.

263 1148 411 1222 Repetitio
433 1149 564 1206 eiusdem
581 1149 718 1207 vocabuli
742 1149 771 1221 9,

305 1236 355 1300 36,
379 1235 450 1290 460.

262 1317 467 1392 Reprelterrdere
490 1317 675 1393 (fugientem)
700 1319 770 1377 139.

261 1402 418 1476 Reprobare
460 1421 520 1459 non
559 1402 771 1461 Ciceronianae

304 1486 410 1543 aetatis
434 1488 483 1545 49.

262 1572 410 1645 Requirere
433 1591 490 1628 non
513 1581 558 1630 est
577 1579 672 1629 iterum
690 1592 771 1646 qnae·

305 1675 363 1713 rere
387 1657 457 1713 693.

263 1741 438 1799 Rhetoricae
468 1741 551 1798 locus
585 1742 614 1798 in
644 1741 773 1816 philoso-

305 1825 376 1901 phia
398 1827 474 1894 4863
502 1826 660 1883 divisiones
683 1843 773 1899 quae·

305 1912 382 1981 dem,
405 1910 586 1985 quaestionis
608 1920 638 1968 et
656 1928 773 1982 causae,

307 2006 386 2054 cett..
411 1998 481 2054 433.

264 2082 357 2137 Ilrn'na
380 2083 429 2137 42.

263 2165 401 2233 Rutilius,
425 2166 469 2235 Ρ.,
494 2168 543 2223 26.

264 2334 406 2394 Saeculus
429 2333 559 2391 vinarius
586 2337 653 2393 133.

264 2419 416 2493 Sapientia
433 2429 463 2475 et
479 2419 635 2493 prudentia
650 2420 704 2485 89;
727 2436 773 2475 sa·

306 2503 413 2578 pientia
429 2521 557 2578 persone
568 2504 646 2579 apud
659 2514 774 2560 veteres

307 2587 496 2662 philosophos
520 2589 596 2659 526,
622 2589 697 2658 530,
728 2606 773 2644 sa·

307 2673 390 2747 piens
423 2673 527 2729 beatus
560 2673 638 2748 apud
666 2673 774 2748 Epicu·

307 2777 369 2813 rum
395 2760 445 2827 34,
472 2760 540 2839 1116.

265 2842 470 2918 Sardanapalli
500 2843 681 2918 epigramma
705 2842 774 2899 319.

265 2927 342 2985 Satis
369 2945 434 2984 cum
458 2927 640 2984 nominativo
670 2936 701 2984 et
727 2943 775 2984 ac·

307 3012 440 3069 cusativo
464 3014 535 3071 232.

266 3097 383 3155 Scientt'o
410 3097 478 3154 119.

266 3181 374 3239 Scilicet
397 3182 468 3240 608.

264 3255 384 3329 Euenos·
407 3275 437 3322 et
457 3260 542 3332 τέλος
565 3268 602 3324 37
608 3267 635 3323 9.

266 3350 303 3407 Se
324 3353 409 3422 (eirico
432 3352 524 3425 selbst)
549 3354 621 3416 124;
647 3352 700 3409 sili
720 3355 775 3410 cui·

308 3454 360 3509 que
379 3468 415 3478 -
435 3456 512 3492 aarum
535 3438 611 3501 465;
637 3437 776 3495 omissum

309 3519 339 3575 in
362 3523 506 3578 sententia
528 3521 644 3578 infinita
668 3522 739 3580 660.

266 3603 423 3677 Secernere,
446 3606 476 3662 id
499 3616 557 3677 est,
586 3611 683 3664 reicere
706 3607 776 3665 539.

268 3688 410 3760 801006ος
434 3691 493 3748 vid.
519 3690 622 3749 Stoici.

268 3773 395 3831 Senatus
413 3794 472 3831 non
489 3775 636 3832 iudicabat
655 3776 704 3845 53,
723 3767 790 3832 000

308 3860 777 3931 quaestionesconstituebat233.

268 3943 384 4011 Sensus,
413 3945 443 4001 id
466 3954 524 4012 est,
551 3947 682 4002 sntt'enrli
702 3955 778 4002 actaea

269 4112 422 4172 Sententia
439 4115 612 4170 secundaria
623 4113 779 4187 primariae

311 4210 438 4271 aequata
467 4198 521 4266 35,
554 4199 628 4265 766ς
664 4208 780 4255 sentcn-

312 4282 371 4339 tiae
394 4284 469 4341 inter
484 4301 515 4339 se
528 4283 694 4358 implicatae
708 4285 780 4352 231,

315 4368 384 4425 623.

537 470 642 517 tnnax
664 472 780 518 RERUM
802 471 845 517 ET
870 473 1056 520 VERBORUM.

823 642 929 699 Sentire
954 645 1024 701 146.

823 728 921 802 Sequi3
945 727 1004 785 vid.
1028 733 1161 803 certaeqni.

824 810 954 887 Sergius,
978 811 1021 881 0.,
1045 812 1138 871 Orata
1161 817 1231 873 261.

824 894 968 954 Serviliae
996 896 1085 967 duae,
1115 897 1150 971 Q.
1174 898 1335 975 Caepionis

866 981 952 1045 filiae,
978 982 1048 1038 352.

823 1065 857 1122 Si
877 1065 923 1121 bis
946 1066 1071 1139 positum
1097 1069 1150 1136 193
1179 1085 1243 1124 eum
1267 1088 1334 1144 per·

865 1148 943 1206 fecto
972 1150 1124 1207 indicativi
1149 1152 1223 1219 6833
1259 1153 1334 1210 male

865 1234 985 1308 ponitur
1003 1253 1055 1308 pro
1071 1238 1146 1309 quod
1157 1237 1233 1304 521;
1256 1241 1282 1294 ei
1296 1270 1330 1279 -

865 1323 920 1375 sine
943 1321 998 1389 45;
1021 1323 1047 1375 ei
1067 1324 1181 1389 monim
1204 1326 1233 1380 3.

823 1402 871 1460 Sic
892 1403 1023 1461 abundat
1048 1405 1121 1471 1583
1155 1406 1184 1462 in
1212 1425 1335 1481 respon·

867 1487 961 1545 dendo
986 1489 1061 1555 3543
1084 1493 1165 1546 sicine
1188 1492 1237 1548 75.

825 1572 953 1643 Silanus,
978 1574 1025 1641 0.,
1051 1576 1099 1631 53.

824 1657 929 1714 Similis
950 1675 1015 1714 cum
1033 1659 1170 1733 genetivo
1187 1670 1216 1715 et
1234 1658 1334 1716 dativo

867 1759 925 1815 qua
947 1742 1049 1817 regule
1072 1744 1143 1800 622.

825 1825 953 1882 Similiter
980 1837 1004 1883 et
1025 1830 1051 1883 ei
1071 1839 1238 1903 suspectum
1265 1830 1335 1885 175.

826 1910 979 1968 Similitudo
1002 1912 1075 1971 hoec.
1098 1913 1128 1968 id
1151 1925 1205 1983 est,
1228 1915 1336 1987 060106

869 1997 946 2052 lanius
968 1998 1053 2053 sinrile
1076 2000 1146 2056 681.

825 2079 971 2136 Simulat.
994 2092 1018 2138 el
1042 2084 1112 2140 201.

825 2163 1003 2240 Singularis:
1029 2167 1086 2225 vid.
1112 2167 1268 2223 Numerus.

826 2247 893 2307 Siro
917 2250 1079 2325 Epicureus
1104 2253 1173 2308 336.

826 2333 868 2390 Sit
890 2353 944 2409 pro
966 2346 1005 2391 est
1027 2336 1168 2410 scriptum
1191 2338 1262 2391 444.

825 2418 914 2475 Situm
936 2422 962 2474 in
984 2423 1077 2494 aliquo
1100 2421 1169 2478 103.

825 2503 888 2560 Sive
919 2493 956 2545 -ἕ
983 2509 1038 2561 ave
1065 2505 1259 2579 interruptum
1285 2506 1335 2570 45,

826 2672 878 2732 Sol
902 2673 1029 2748 Epicuro
1048 2674 1161 2748 pedalis
1179 2676 1233 2742 463
1256 2675 1336 2729 solent

868 2777 1015 2831 rrarnquom
1037 2761 1136 2815 vidisse
1162 2760 1230 2816 130.

827 2841 914 2912 Solet,
938 2853 980 2912 ul,
1005 2843 1240 2917 impersonaliter
1263 2841 1335 2899 604.

826 2927 920 2984 Solum
942 2936 972 2983 et
994 2930 1067 2984 solua
1091 2929 1139 2985 92.

827 3011 937 3068 Solntns
959 3031 1049 3069 somno
1071 3013 1240 3100 ambiguum
1266 3011 1336 3066 253.

826 3092 922 3167 Σῶμα
965 3094 1215 3172 κυκλοφορητικον
1259 3095 1337 3169 apud

870 3180 1062 3237 Aristotelem
1086 3181 1158 3236 495.

828 3265 930 3339 Spirms
952 3267 1046 3321 vellere
1069 3266 1140 3323 436.

829 3349 942 3424 Sponte,
971 3370 1022 3405 ,0ιο
1048 3360 1140 3424 sponte
1168 3367 1225 3405 non
1248 3367 1338 3423 auge·

871 3446 919 3490 tur
941 3434 1086 3491 adiectivo
1107 3435 1177 3492 690,

830 3518 876 3589 St;
889 3537 1003 3576 errores
1010 3520 1109 3575 exhac
1115 3519 1337 3593 scriptura444.

830 3602 949 3662 Staseas
972 3603 1187 3678 Peripateticus
1211 3604 1282 3660 615.

830 3688 994 3746 Stoicorum
1030 3688 1142 3744 ethicae
1176 3687 1280 3743 divisio
1310 3696 1340 3742 et

872 3773 1025 3847 dispositio
1049 3790 1112 3831 exc.
1132 3772 1171 3841 V,
1187 3774 1248 3828 324
1261 3789 1339 3844 sqq.;

873 3857 1035 3914 sententiae
1058 3859 1093 3913 de
1118 3856 1241 3913 materie
1263 3866 1290 3911 et
1311 3854 1340 3909 vi

873 3940 1019 3998 effectrice
1048 3943 1102 4008 40,
1142 3942 1178 3998 60
1211 3940 1340 3999 iustitiae

874 4026 994 4083 notione
1034 4026 1116 4094 223,
1166 4025 1202 4082 60
1246 4026 1342 4099 prima

874 4110 1127 4168 commendatione
1145 4111 1215 4175 364,
1235 4108 1271 4164 de
1290 4128 1342 4166 vo·

875 4196 1082 4270 1001010365,
1106 4194 1142 4250 de
1165 4192 1341 4249 aestimabili

875 4292 902 4336 et
934 4281 1092 4337 selectione
1120 4296 1236 4343 eorum,
1267 4295 1342 4350 quae

855 4365 1034 4422 ‘secundum
1074 4374 1207 4419 naturam
1246 4371 1344 4418 essent
