3030 5086
214 472 246 535 Ι,
660 483 856 533 PRAEFATIO.

221 657 382 730 haberent,
404 673 486 738 quac
502 651 644 719 accidere
657 655 777 721 Latinis
794 655 963 737 nequisset,
984 662 1016 720 et
1031 656 1195 737 permulta,
1218 673 1304 738 quae

223 764 348 829 minime
369 769 455 829 recta
476 766 596 841 essent,
618 770 722 828 tamen
744 783 764 828 a
787 763 934 829 Cicerone
956 762 1074 844 scripta
1096 762 1236 843 delendi,
1264 770 1305 829 ut

224 871 302 935 illud
324 871 456 936 maxime
477 869 612 935 notabile
633 869 665 934 in
687 871 738 936 lib.
750 871 806 949 ΙΙΙ,
817 872 873 949 513
895 871 1060 948 interdum,
1083 872 1302 937 demonstrato

225 979 301 1044 vitio
324 987 356 1044 et
372 976 452 1042 falsa
468 977 648 1043 defensione
664 979 814 1056 detracta,
837 986 940 1043 tamen
962 977 1112 1055 dubitari,
1133 992 1305 1062 quousque

226 1087 333 1152 Cicero
355 1103 542 1168 progressus
563 1093 655 1165 esset,
677 1091 713 1150 ut
728 1087 784 1164 ΙΙΙ,
802 1087 888 1167 31.¹)
931 1085 993 1152 Sed
1016 1093 1047 1151 et
1069 1087 1108 1150 de
1128 1086 1178 1152 bis
1199 1086 1222 1152 ii
1244 1087 1304 1152 de-

227 1212 312 1258 mum
334 1201 418 1258 recte
439 1192 577 1258 iudicare
598 1199 754 1275 poterunt,
776 1193 829 1274 qui
847 1193 942 1259 libere
959 1195 998 1258 de
1016 1192 1164 1259 Cicerone
1180 1193 1306 1260 sentire
1380 1246 1384 1253 .

228 1301 386 1366 audebunt
407 1319 463 1365 nec
484 1301 586 1365 omnia
607 1301 647 1365 ab
670 1319 708 1364 eo
730 1319 851 1365 summa
872 1309 941 1366 arte
963 1300 1081 1383 scripta
1102 1303 1245 1369 credent,
1267 1306 1307 1366 et

229 1409 337 1474 eadem
359 1406 465 1473 iudicii
487 1407 613 1472 libertas
635 1407 675 1471 ad
697 1424 736 1472 ea
757 1407 934 1473 adhibenda
956 1417 1015 1488 est,
1035 1409 1067 1474 in
1085 1409 1196 1490 quibus
1213 1426 1303 1475 men·

230 1518 305 1582 dum
333 1516 506 1598 scripturae
533 1514 660 1597 coargui
687 1522 816 1595 putatur
844 1517 1014 1580 sententiae
1036 1517 1120 1582 vitio.
1163 1515 1244 1581 Nam
1265 1524 1309 1580 ut

231 1642 293 1689 non
315 1641 430 1705 pauca,
459 1640 540 1703 quae
567 1627 657 1687 crant
677 1628 732 1686 ant
759 1622 831 1686 olim
859 1642 879 1687 a
905 1623 1015 1688 scribis
1042 1624 1161 1705 aliquot
1180 1630 1308 1688 mutata

232 1734 281 1813 (ut
302 1732 363 1809 Ill,
379 1732 420 1795 43
444 1729 523 1793 borio
543 1731 624 1811 vere)
645 1736 701 1793 aut
720 1748 821 1810 nuper
847 1730 888 1795 ab
915 1729 1088 1797 editoribus
1109 1737 1230 1796 tentata
1251 1732 1306 1811 (ut

229 1839 305 1904 illud
327 1837 502 1903 facillimum
519 1838 651 1917 lll,40),
673 1855 766 1902 verae
788 1843 820 1901 et
841 1844 945 1903 rectae
967 1838 1138 1903 sententiae
1158 1838 1307 1903 declara·

231 1947 316 2012 tione
340 1945 469 2011 defensa
491 1962 570 2009 nnnc
593 1951 674 2024 sunt,
697 1945 741 2008 iia
762 1944 872 2024 multa,
899 1946 931 2010 in
953 1946 1065 2027 quibus
1087 1954 1156 2010 erat
1177 1945 1305 2010 dubita·

232 2061 307 2132 tum
330 2052 482 2134 expedivi,
505 2070 572 2117 cum
591 2052 797 2131 ostenderem,
815 2051 994 2120 Ciceronem
1011 2071 1122 2136 parum
1139 2051 1310 2133 diligenter

232 2161 419 2226 sententiam
436 2160 539 2225 animo
556 2159 735 2240 concepisse
748 2160 847 2239 (velut
859 2161 899 2238 Π,
909 2162 961 2240 50,
978 2160 1015 2239 V,
1027 2162 1092 2242 54),
1111 2160 1172 2225 alia
1187 2167 1309 2237 summ,

233 2269 302 2350 ipse
323 2268 457 2350 primus,
486 2267 561 2348 quid
589 2267 739 2332 haberent
764 2268 795 2332 in
818 2268 971 2333 sententia
992 2268 1071 2348 vitii,
1098 2268 1144 2333 ita
1165 2265 1309 2348 exposui,

235 2383 271 2440 ut
292 2377 332 2440 de
354 2375 511 2457 scriptura
532 2375 668 2439 dubitari
684 2395 744 2440 non
764 2394 858 2457 posse
874 2376 1129 2454 demonstrarem,
1152 2383 1187 2439 ut
1202 2375 1310 2451 1L35,

233 2483 287 2562 IV,
305 2483 355 2548 58.
400 2483 517 2547 Verum
543 2482 574 2546 in
602 2482 661 2546 boc
687 2501 811 2564 quoque
832 2501 945 2563 genere
967 2483 1028 2547 alia
1049 2482 1200 2548 eiusmodi
1223 2486 1310 2559 sunt,

232 2596 268 2655 ut
290 2609 309 2654 a
332 2590 480 2655 Cicerone
500 2590 581 2654 male
602 2589 721 2671 scripta
744 2608 813 2655 esse
835 2590 970 2671 possint,
999 2589 1060 2655 alia
1081 2589 1247 2667 eiusmodi,
1269 2594 1308 2651 ut

233 2698 274 2762 ab
296 2715 334 2762 eo
356 2697 474 2778 scripta
497 2715 558 2761 non
581 2714 651 2761 esse
667 2715 736 2761 cum
754 2697 798 2762 rei
815 2704 937 2776 natura,
959 2703 1025 2762 tum
1042 2698 1135 2762 totius
1153 2695 1309 2761 orationis

236 2811 268 2870 et
302 2803 521 2886 disputationis
554 2803 757 2869 conformatio
791 2805 941 2883 declaret,
980 2805 1133 2885 quaedam
1171 2803 1309 2884 denique

236 2911 340 2990 dubia,
361 2918 397 2975 ut
417 2911 472 2989 IV,
493 2912 534 2975 47
558 2916 627 2992 (oet
647 2911 741 2992 vitio).
784 2913 833 2977 Ita
855 2930 923 2977 cum
946 2912 1124 2978 distinctum
1146 2920 1207 2989 cst,
1231 2910 1308 2991 quid

233 3024 355 3084 constet
386 3038 448 3084 non
481 3036 551 3089 esse
577 3025 758 3100 corruptum
792 3028 846 3084 aut
878 3019 988 3084 saltem
1014 3019 1099 3085 nulla
1126 3018 1168 3083 sit
1192 3019 1308 3083 idonea

230 3213 440 3221 ——-.-.-
449 3215 458 3220 ..

261 3331 283 3394 ¹)
302 3333 429 3393 Quoniam
449 3335 546 3382 mentio
566 3333 630 3381 lacta
650 3339 689 3382 est
708 3337 800 3382 veteris
819 3335 947 3382 sermonis
968 3332 1048 3382 libere
1066 3345 1094 3382 se
1112 3337 1138 3382 et
1156 3331 1308 3381 naturaliter

304 3429 351 3466 nco
370 3416 513 3476 subtiliore,
532 3429 609 3480 quam
624 3430 689 3480 quae
706 3419 732 3467 in
749 3422 836 3467 nostro
850 3423 896 3475 est,
915 3422 968 3466 arte
984 3420 1120 3478 moventis,
1140 3429 1191 3466 non
1206 3415 1308 3476 tacebo,

303 3504 328 3550 in
343 3503 392 3551 hoc
407 3515 500 3565 genere
517 3514 548 3551 ne
559 3501 687 3551 llandium
704 3503 816 3564 quidem,
835 3505 910 3552 cuius
925 3503 1098 3552 eruditionem
1112 3508 1137 3551 et
1150 3503 1307 3551 industriam

304 3598 355 3635 non
377 3589 464 3636 urinas
485 3586 562 3635 laudo
581 3599 657 3649 quarn
677 3590 763 3645 ceteri,
784 3587 847 3636 milri
867 3586 1022 3643 satisfacere,
1041 3599 1149 3650 eamque
1167 3598 1226 3636 esse
1243 3597 1306 3635 cau·

304 3684 367 3720 sarn.
388 3684 434 3720 cur
453 3684 504 3721 non
524 3673 614 3733 paucis
634 3671 697 3721 locis
717 3675 805 3721 contra
824 3673 880 3721 elus
898 3674 1039 3722 sententias
1056 3675 1082 3721 in
1097 3670 1243 3720 Turselllno
1262 3682 1308 3733 po·

305 3758 368 3805 sitas
388 3757 451 3806 mibi
467 3757 605 3806 dicendum
621 3756 703 3806 luerit.
731 3759 766 3806 ilc
781 3761 833 3805 tota
848 3757 977 3806 dissensio
992 3756 1044 3807 iare
1059 3760 1084 3806 ln
1100 3768 1209 3806 excursu
1225 3757 1310 3818 primo

305 3844 414 3903 perspici
434 3847 523 3904 potest.
561 3842 610 3891 Sed
630 3842 757 3891 accedunt
780 3848 805 3892 et
824 3844 901 3892 nimis
925 3845 1072 3892 minutatim
1091 3843 1210 3890 concisae
1228 3841 1307 3902 parli-

307 3926 425 3975 culnrum
445 3925 649 3989 significationes
674 3933 699 3977 et
717 3926 843 3988 quaedam
861 3940 951 3990 parum
971 3926 1135 3991 probabiliter
1153 3928 1311 3986 excogitatae

305 4017 330 4060 et
348 4014 373 4060 ln
394 4024 423 4060 ea
442 4023 469 4060 re
488 4019 512 4061 et
532 4012 580 4062 loci
599 4015 753 4075 scriptorum
777 4017 865 4061 contra
884 4015 1027 4062 sententiae
1046 4012 1237 4061 cohaerentiam
1257 4021 1310 4058 non

305 4109 362 4145 raro
382 4100 489 4159 expositi
509 4102 534 4146 et
552 4097 645 4147 menda
661 4096 766 4146 detensa
782 4099 947 4159 pertinacius.
976 4097 1007 4147 lit
1017 4106 1177 4159 quamquam
1197 4097 1311 4144 intanto

305 4194 381 4244 opere
401 4183 551 4231 instruendo
576 4195 626 4231 non
651 4188 750 4245 poterat
774 4185 891 4231 omnium
911 4185 1064 4244 scriptorum
1084 4183 1171 4231 critica
1190 4179 1310 4229 condicio

305 4269 415 4329 exquiri,
440 4267 541 4316 ridetur
560 4273 645 4317 tamen
666 4268 730 4317 mihi
751 4267 865 4318 llandius
884 4271 910 4318 in
931 4269 1063 4317 Ciceronis
1087 4267 1178 4316 saliem
1202 4270 1226 4314 et
1245 4265 1309 4314 Livii

306 4352 378 4400 libris
398 4351 429 4400 ad
452 4352 519 4402 banc
538 4365 592 4401 reru
616 4357 642 4402 et
668 4353 698 4401 ad
718 4352 837 4401 codicum
857 4352 1007 4402 discrimina
1029 4352 1106 4415 paulo
1125 4353 1207 4413 magis
1226 4355 1310 4400 atten-

304 4436 364 4486 dere
383 4436 511 4488 debuisse.
