3030 5086
474 361 517 406 nr
540 360 620 407 una.
644 359 706 407 nus.
731 361 744 407 1
766 360 839 410 ose.
863 360 1049 421 [ιω-41.)
1255 343 1292 407 91

216 529 372 611 praebeat
402 529 446 593 ad
473 528 674 610 voluptatem.
724 528 884 610 Sapientia
916 529 998 593 enim
1032 538 1181 617 estune,
1216 552 1297 615 quae

215 631 409 698 maestitiam
437 630 535 712 pellat
561 630 747 709 exanimis,
776 649 856 712 quae
884 651 942 697 nos
969 629 1191 700 exhorrescere
1213 641 1297 700 metu

293 823 312 884 l·
335 819 393 867 enirn
413 832 461 868 om.
483 818 503 865 li

218 990 306 1050 Sulla
318 991 351 1047 2:
374 1000 504 1066 quantum
527 991 560 1047 de
576 1010 634 1047 meo
650 995 808 1048 cunctoritote
824 994 991 1067 dempsisset,
1015 992 1097 1049 etde
1116 1011 1198 1068 prov.
1216 984 1295 1050 cons.

222 1077 277 1134 13:
300 1077 348 1133 hos
369 1095 415 1133 uos
438 1078 471 1134 de
489 1079 643 1150 morionis.
666 1080 692 1134 se'
711 1097 764 1134 non
785 1079 933 1151 atiqrurndo
955 1078 1106 1134 deducendi
1126 1088 1222 1140 essent,
1245 1097 1296 1135 non

218 1163 391 1238 dempiotdoe
408 1165 562 1237 putaretis?
603 1162 640 1218 Et
660 1161 769 1218 dicitur
791 1182 808 1218 a
831 1162 973 1221 Cicerone
996 1166 1100 1237 erepere
1120 1165 1204 1219 clienti
1223 1183 1296 1220 erro·

218 1267 277 1304 rem
298 1246 348 1320 (ad
370 1249 435 1304 Au.
447 1247 488 1311 X,
502 1248 530 1314 4,
545 1247 585 1319 6),
608 1248 725 1303 dolorem
748 1247 818 1315 (ibd.
843 1249 900 1316 IX,
920 1249 948 1315 6,
962 1249 1003 1320 b),
1028 1252 1145 1304 timorem
1168 1248 1209 1320 (in
1229 1247 1294 1308 Cat.

186 1354 193 1363 ·
219 1333 251 1401 I,
278 1335 337 1406 18).
382 1331 593 1409 significantur
626 1332 779 1407 opiniones
813 1325 921 1390 animo'
944 1332 1068 1389 firmiter
1100 1333 1294 1390 inhaerentes.

219 1417 298 1474 Dav.
315 1437 331 1473 e
349 1416 444 1474 tribus
455 1417 539 1473 Parr.
558 1426 587 1473 et
603 1416 709 1474 deinde
723 1418 792 1475 Ero.
813 1419 935 1493 dereptum
959 1417 1062 1476 dubito
1082 1418 1117 1474 de
1134 1417 1295 1475 codicibus

218 1503 289 1560 Vel.
313 1503 393 1560 Max.
417 1501 486 1581 [etsi
511 1502 573 1570 ΙΙΙ,
598 1502 615 1557 2
640 1500 666 1559 E
688 1505 721 1559 4:
750 1505 887 1578 dereptam
910 1503 1029 1559 hostibus
1050 1506 1186 1560 uictoriam
1210 1504 1295 1563 dixit.

218 1585 341 1665 tamen]
356 1587 544 1663 scripseritno
568 1587 608 1656 ΙΙ,
624 1588 684 1658 9,8
707 1590 823 1664 dereptis
844 1592 920 1663 equis
937 1588 1055 1663 prtbiicis
1077 1606 1130 1663 pro
1153 1589 1295 1664 ademtis,

218 1673 363 1730 incertum
393 1683 480 1747 puto;
513 1673 617 1729 demere
645 1672 762 1747 quidem
792 1676 870 1748 (nam
901 1683 1016 1749 poterat
1048 1673 1090 1729 ibi
1120 1690 1237 1746 quoque
1265 1674 1295 1730 in

220 1768 347 1816 mentem
367 1758 467 1814 venire
484 1759 609 1833 demptis)
628 1776 692 1815 eum
711 1758 811 1817 dativo
835 1760 1007 1834 plerumque
1031 1758 1138 1815 dicitur
1161 1759 1195 1814 de
1220 1758 1297 1815 mala

220 1864 252 1901 re
275 1851 305 1901 et
327 1861 424 1900 onere.
469 1843 592 1900 Tacitus
615 1845 695 1901 nnn.
719 1844 760 1911 ΙΙ,
785 1846 824 1900 45
851 1848 903 1901 telo
925 1844 1056 1900 Rornonia
1077 1844 1188 1918 derepto
1211 1843 1296 1914 dixit,

219 1928 273 1987 sed
295 1930 331 1986 de
353 1928 400 1995 iis,
423 1947 498 2003 quae
522 1929 644 1986 mortuis
666 1928 799 1986 detracta
821 1938 928 1987 essent.

308 2015 447 2090 Sapientia
468 2016 537 2071 enim
559 2014 611 2090 est)
634 2015 669 2072 Iu
692 2013 780 2090 Spin,
805 2011 884 2074 Gud.
904 2015 936 2084 2,
962 2015 1029 2071 Bas.
1053 2012 1146 2073 Gzius
1168 2026 1207 2072 est
1229 2019 1297 2071 enirn

219 2099 310 2157 scribi
333 2099 418 2169 dicit,
447 2098 494 2155 cui
522 2098 569 2154 hio
596 2118 631 2157 eo
655 2100 748 2176 magis
770 2100 945 2158 credendum
970 2111 1029 2169 est,
1057 2100 1136 2174 quod
1158 2110 1237 2157 reete
1260 2100 1296 2156 de

220 2184 283 2241 Erl.
301 2184 462 2242 annotavit.
491 2181 532 2261 [B
549 2194 583 2241 ut
594 2182 673 2262 Eri]
704 2185 748 2242 Ea
765 2195 809 2243 est
832 2186 919 2243 huius
937 2185 1051 2260 positus
1062 2186 1143 2260 (Sap.
1161 2196 1200 2242 est
1216 2188 1296 2257 enirrt)

168 2263 171 2270 ’
219 2271 306 2328 ratio.
329 2278 372 2336 ut,
394 2270 473 2326 elata
495 2286 567 2326 voce
589 2270 622 2327 iu
643 2270 737 2345 primo
760 2271 913 2329 vocabulo.
937 2289 995 2344 quo
1018 2271 1193 2345 gravissima
1216 2271 1296 2328 notio

219 2356 420 2418 contineatur,
450 2355 623 2412 obscuretur
646 2357 795 2426 enclitica;
824 2357 853 2413 in
882 2356 975 2412 altero
998 2355 1095 2429 positu
1119 2374 1177 2413 vox
1201 2355 1297 2412 minus

217 2440 249 2497 in
274 2441 400 2516 primum
424 2439 598 2497 vocabulum
622 2441 725 2497 incidit
749 2442 904 2517 potiusque
932 2440 969 2497 sd
993 2441 1147 2515 sequentia
1169 2441 1297 2497 trahitur

193 2537 251 2582 ·et
272 2544 307 2582 ea
330 2524 460 2600 insignit,
485 2535 516 2581 ut
539 2526 628 2599 paulo
650 2537 731 2601 post:
759 2528 925 2601 Cupidr'totes
948 2529 1015 2582 enine
1037 2536 1100 2584 earet
1121 2527 1299 2595 transeuntes,

219 2610 354 2685 Cumque
375 2611 405 2666 in
431 2610 596 2668 huiusmodi
614 2612 777 2679 sententiis,
801 2631 857 2668 non
876 2612 968 2668 solum
989 2612 1018 2668 in
1037 2611 1183 2688 negativis
1201 2615 1295 2682 (tremo,

219 2697 287 2753 nihil
307 2700 358 2768 est)
381 2708 410 2752 et
432 2696 667 2772 interrogativis,
700 2698 795 2754 Latini
820 2697 991 2772 plerumque
1015 2697 1185 2771 primarium
1210 2714 1295 2752 voca·

221 2781 322 2839 bulum
344 2782 375 2838 in
394 2780 510 2841 initium
531 2782 643 2856 periodi
661 2783 811 2839 retrahere
829 2783 951 2857 possint,
975 2801 1045 2838 sane
1062 2781 1180 2858 saepius
1192 2780 1297 2840 Cicero

221 2867 341 2942 scripsit
362 2877 402 2924 est
423 2869 508 2939 (erent)
531 2871 598 2924 enaim
621 2869 729 2938 (ouum,
752 2871 844 2942 icitur)
862 2886 949 2941 quarn
966 2871 1034 2937 eninr
1052 2877 1098 2924 est.
1133 2865 1297 2944 [Contrarii
1367 2914 1372 2920 .

221 2952 337 3027 positus
353 2951 433 3008 locos
451 2953 617 3008 numeravit
628 2952 795 3010 Ellendtius
807 2953 843 3010 ad
853 2952 1113 3021 ciedeoraclll,
1124 2953 1217 3026 trop.
1226 2952 1296 3008 407.

222 3037 384 3110 Utriusque
406 3037 523 3111 generis
546 3038 717 3095 numerandi
741 3050 824 3095 erant
847 3057 900 3113 per
917 3037 1027 3112 aliquot
1047 3039 1147 3107 libros,
1171 3055 1295 3111 quorum

116 3178 119 3183 .
220 3123 291 3179 boni
308 3133 375 3179 sunt
393 3122 518 3190 codices,
542 3123 627 3197 eique
645 3124 719 3180 bene
736 3124 844 3191 collati,
869 3135 929 3180 tum
949 3123 1116 3188 videndum,
1141 3121 1297 3195 numquid

221 3207 398 3265 discriminis
420 3206 525 3285 esset]
568 3209 624 3265 Hic
647 3227 762 3282 quoque
791 3210 833 3266 sic
862 3209 1046 3265 scribendum
1071 3209 1234 3274 videretur,
1265 3217 1297 3263 ut

223 3312 291 3349 mox
304 3294 354 3361 47,
373 3293 429 3351 nisi
448 3293 605 3350 adderetur
622 3314 683 3349 atria.
718 3295 803 3351 Hanc
821 3295 962 3370 regulam,
981 3295 1157 3351 contrariam
1177 3311 1297 3368 prorsus

221 3376 291 3436 Gzii
308 3378 490 3451 aliorumque
509 3379 683 3454 praeceptis,
707 3380 767 3453 qui,
792 3390 926 3436 naturam
945 3380 1097 3436 encliticae
1117 3378 1197 3436 vocis
1215 3378 1297 3453 igno·

221 3472 331 3529 rantes,
354 3465 601 3520 asseverationem
625 3464 753 3538 aliquam
783 3465 812 3521 in
835 3475 874 3521 est
896 3465 1024 3521 seeundo
1047 3466 1111 3521 loco
1135 3463 1231 3538 posito
1254 3464 1297 3519 in·

223 3566 288 3604 esse
310 3558 463 3622 putarunt.
494 3549 626 3604 adhibito
650 3549 825 3623 optimorum
855 3549 988 3606 codicum
1017 3549 1185 3606 testimonio
1209 3548 1237 3604 in
1260 3548 1297 3604 iis

223 3633 316 3700 libris,
334 3652 457 3706 quorum
476 3634 595 3690 omnino
607 3634 676 3690 boni
689 3635 805 3691 codices
817 3645 893 3697 sunt,
912 3647 940 3691 et
957 3645 1038 3691 recta
1055 3632 1297 3708 interpretatione

222 3717 384 3775 stabilitum
407 3718 443 3774 iri
467 3731 537 3792 puto
560 3720 589 3775 in
613 3738 644 3775 re
668 3720 842 3793 parva,·sed
866 3719 989 3776 multum
1013 3720 1130 3785 iactata.
1154 3736 1188 3774 ac
1207 3736 1242 3773 ne
1260 3717 1297 3773 ab

223 3802 341 3859 Handio
365 3803 482 3876 quidem
506 3805 606 3875 (Turs.
629 3804 644 3861 1
667 3824 694 3878 p.
714 3806 774 3861 578
793 3824 871 3878 sqq,
900 3806 932 3862 ΙΙ
955 3824 982 3880 p.
1001 3806 1062 3860 400
1080 3808 1159 3878 sqq.)
1188 3802 1297 3877 optime

222 3887 375 3963 expedita:
394 3907 570 3963 quamquam
590 3890 614 3946 is
633 3890 807 3964 principium
821 3890 884 3946 veri
901 3889 962 3947 iere
975 3890 1058 3954 vidit,
1077 3888 1127 3945 sed
1145 3887 1230 3961 plura
1247 3887 1298 3953 ad·

222 3974 340 4030 miscuit
358 3991 411 4029 nec
423 3994 494 4031 vera
511 3993 563 4031 nec
576 3975 653 4031 inter
664 3994 695 4031 se
708 3975 931 4033 consentientia.
966 3974 1025 4032 Sed
1043 3984 1140 4030 tamen
1154 3992 1188 4028 ea
1200 3970 1256 4030 fuit
1267 3972 1297 4028 iu

223 4078 254 4115 re
276 4059 335 4116 leri
354 4060 409 4119 vel,
433 4060 546 4134 opinor,
571 4061 745 4134 scriptorum
768 4060 882 4118 incuria
899 4060 946 4117 vel
964 4060 1150 4118 librariorum
1169 4057 1297 4124 licentia,

222 4155 255 4200 ut
271 4143 328 4201 loci
347 4145 461 4219 aliquot
473 4147 520 4202 vel
538 4145 567 4202 in
586 4146 705 4220 optimis
722 4146 873 4205 codicibus
889 4156 1062 4222 repugnent,
1081 4163 1154 4218 qnos
1171 4144 1298 4199 intactos

222 4229 389 4304 relinquere
412 4241 556 4304 praestat;
580 4230 660 4287 velut
683 4252 766 4305 neque
788 4235 855 4287 enine
877 4243 916 4288 est
935 4231 1020 4304 (stent)
1037 4229 1145 4305 legitur
1167 4228 1202 4284 de
1216 4228 1249 4285 R.
1263 4227 1297 4284 P.

225 4316 248 4383 l,
275 4317 322 4382 12,
347 4316 520 4372 Lael.47et
535 4317 585 4380 48,
608 4312 660 4395 [N.
685 4318 721 4373 D.
746 4318 787 4381 ll,
813 4312 877 4394 37,]
901 4316 1078 4372 contrarium
1103 4316 1191 4372 Tusc.
1216 4315 1238 4381 l,
1258 4314 1297 4369 46
