<?xml version="1.0" encoding="UTF-8"?>
<!DOCTYPE html PUBLIC "-//W3C//DTD XHTML 1.0 Transitional//EN"
    "http://www.w3.org/TR/xhtml1/DTD/xhtml1-transitional.dtd">
<html xmlns="http://www.w3.org/1999/xhtml" xml:lang="en" lang="en">
 <head>
  <title>
</title>
<meta http-equiv="Content-Type" content="text/html;charset=utf-8" />
  <meta name='ocr-system' content='tesseract 3.04.00' />
  <meta name='ocr-capabilities' content='ocr_page ocr_carea ocr_par ocr_line ocrx_word'/>
</head>
<body>
  <div class='ocr_page' id='page_1' title='image "./mtulliiciceroni35cicegoog/mtulliiciceroni35cicegoog_0161.png"; bbox 0 0 3030 5086; ppageno 0'>
   <div class='ocr_carea' id='block_1_1' title="bbox 456 382 1303 451">
    <p class='ocr_par' dir='ltr' id='par_1_1' title="bbox 456 382 1303 451">
     <span class='ocr_line' id='line_1_1' title="bbox 456 382 1303 451; baseline 0.005 -10"><span class='ocrx_word' id='word_1_1' title='bbox 456 396 501 442; x_wconf 83' lang='lat' dir='ltr'>nn</span> <span class='ocrx_word' id='word_1_2' title='bbox 524 395 605 442; x_wconf 81' lang='lat' dir='ltr'>usn.</span> <span class='ocrx_word' id='word_1_3' title='bbox 628 395 1072 451; x_wconf 72' lang='lat' dir='ltr'>nm.·1csr.s-r.iar-as.v</span> <span class='ocrx_word' id='word_1_4' title='bbox 1207 395 1215 410; x_wconf 93' lang='lat'><strong>·</strong></span> <span class='ocrx_word' id='word_1_5' title='bbox 1260 382 1303 445; x_wconf 83' lang='lat'>49</span> 
     </span>
    </p>
   </div>
   <div class='ocr_carea' id='block_1_2' title="bbox 196 562 1325 849">
    <p class='ocr_par' dir='ltr' id='par_1_2' title="bbox 196 562 1325 849">
     <span class='ocr_line' id='line_1_2' title="bbox 218 562 1302 648; baseline 0.002 -19"><span class='ocrx_word' id='word_1_6' title='bbox 218 563 339 629; x_wconf 90' lang='lat' dir='ltr'>indicia</span> <span class='ocrx_word' id='word_1_7' title='bbox 364 580 470 628; x_wconf 90' lang='lat' dir='ltr'>rerum</span> <span class='ocrx_word' id='word_1_8' title='bbox 502 563 535 627; x_wconf 93' lang='lat' dir='ltr'>in</span> <span class='ocrx_word' id='word_1_9' title='bbox 562 562 707 628; x_wconf 78' lang='lat' dir='ltr'>sensibus</span> <span class='ocrx_word' id='word_1_10' title='bbox 733 564 836 643; x_wconf 86' lang='lat' dir='ltr'>ponit,</span> <span class='ocrx_word' id='word_1_11' title='bbox 865 564 979 646; x_wconf 90' lang='lat' dir='ltr'>quibus</span> <span class='ocrx_word' id='word_1_12' title='bbox 1006 565 1033 630; x_wconf 91' lang='lat' dir='ltr'>si</span> <span class='ocrx_word' id='word_1_13' title='bbox 1061 566 1155 630; x_wconf 87' lang='lat' dir='ltr'>semel</span> <span class='ocrx_word' id='word_1_14' title='bbox 1181 566 1302 648; x_wconf 90' lang='lat' dir='ltr'>aliquid</span> 
     </span>
     <span class='ocr_line' id='line_1_3' title="bbox 220 663 1300 746; baseline 0.002 -16"><span class='ocrx_word' id='word_1_15' title='bbox 220 663 293 730; x_wconf 81' lang='lat' dir='ltr'>falsi</span> <span class='ocrx_word' id='word_1_16' title='bbox 315 684 374 746; x_wconf 88' lang='lat' dir='ltr'>pro</span> <span class='ocrx_word' id='word_1_17' title='bbox 395 682 471 730; x_wconf 88' lang='lat' dir='ltr'>vere</span> <span class='ocrx_word' id='word_1_18' title='bbox 492 665 658 746; x_wconf 86' lang='lat' dir='ltr'>probatum</span> <span class='ocrx_word' id='word_1_19' title='bbox 681 664 738 744; x_wconf 91' lang='lat' dir='ltr'>sit,</span> <span class='ocrx_word' id='word_1_20' title='bbox 768 664 925 730; x_wconf 81' lang='lat' dir='ltr'>subtamm</span> <span class='ocrx_word' id='word_1_21' title='bbox 948 683 1019 730; x_wconf 89' lang='lat' dir='ltr'>esse</span> <span class='ocrx_word' id='word_1_22' title='bbox 1040 685 1130 732; x_wconf 88' lang='lat' dir='ltr'>omne</span> <span class='ocrx_word' id='word_1_23' title='bbox 1151 668 1300 732; x_wconf 88' lang='lat' dir='ltr'>iudicium</span> 
     </span>
     <span class='ocr_line' id='line_1_4' title="bbox 196 765 1325 849; baseline 0.004 -19"><span class='ocrx_word' id='word_1_24' title='bbox 196 767 291 833; x_wconf 68' lang='grc' dir='ltr'>ἰού</span> <span class='ocrx_word' id='word_1_25' title='bbox 323 774 356 832; x_wconf 91' lang='lat' dir='ltr'>et</span> <span class='ocrx_word' id='word_1_26' title='bbox 387 765 458 831; x_wconf 88' lang='lat' dir='ltr'>fulsi</span> <span class='ocrx_word' id='word_1_27' title='bbox 490 774 590 849; x_wconf 88' lang='lat' dir='ltr'>putat</span> <span class='ocrx_word' id='word_1_28' title='bbox 598 765 672 806; x_wconf 80' lang='grc'>****</span> <span class='ocrx_word' id='word_1_29' title='bbox 725 767 775 833; x_wconf 77' lang='lat'>23.</span> <span class='ocrx_word' id='word_1_30' title='bbox 809 765 980 832; x_wconf 80' lang='lat' dir='ltr'>Confirmat</span> <span class='ocrx_word' id='word_1_31' title='bbox 1011 776 1116 832; x_wconf 87' lang='lat' dir='ltr'>autem</span> <span class='ocrx_word' id='word_1_32' title='bbox 1148 769 1225 834; x_wconf 92' lang='lat' dir='ltr'>illud</span> <span class='ocrx_word' id='word_1_33' title='bbox 1253 769 1325 834; x_wconf 92' lang='lat' dir='ltr'>vel</span> 
     </span>
    </p>
   </div>
   <div class='ocr_carea' id='block_1_3' title="bbox 290 952 1053 1006">
    <p class='ocr_par' dir='ltr' id='par_1_3' title="bbox 290 952 1053 1006">
     <span class='ocr_line' id='line_1_5' title="bbox 290 952 1053 1006; baseline 0 -3"><span class='ocrx_word' id='word_1_34' title='bbox 290 959 314 1006; x_wconf 82' lang='grc'>8.</span> <span class='ocrx_word' id='word_1_35' title='bbox 334 955 453 1005; x_wconf 73' lang='lat' dir='ltr'>Lucanae</span> <span class='ocrx_word' id='word_1_36' title='bbox 470 961 531 1003; x_wconf 84' lang='lat' dir='ltr'>nota</span> <span class='ocrx_word' id='word_1_37' title='bbox 549 954 621 1003; x_wconf 86' lang='lat' dir='ltr'>nulla</span> <span class='ocrx_word' id='word_1_38' title='bbox 639 955 665 1003; x_wconf 92' lang='lat' dir='ltr'>in</span> <span class='ocrx_word' id='word_1_39' title='bbox 683 955 758 1006; x_wconf 88' lang='lat' dir='ltr'>codd.</span> <span class='ocrx_word' id='word_1_40' title='bbox 794 952 856 1002; x_wconf 75' lang='lat' dir='ltr'>allud</span> <span class='ocrx_word' id='word_1_41' title='bbox 872 963 894 1004; x_wconf 80' lang='lat' dir='ltr'>at</span> <span class='ocrx_word' id='word_1_42' title='bbox 911 954 1013 1004; x_wconf 72' lang='lat' dir='ltr'>maxima</span> <span class='ocrx_word' id='word_1_43' title='bbox 1032 955 1053 1003; x_wconf 88' lang='lat' dir='ltr'>E</span> 
     </span>
    </p>
   </div>
   <div class='ocr_carea' id='block_1_4' title="bbox 206 1109 1303 4413">
    <p class='ocr_par' dir='ltr' id='par_1_4' title="bbox 206 1109 1301 2287">
     <span class='ocr_line' id='line_1_6' title="bbox 307 1109 1299 1210; baseline 0.001 -43"><span class='ocrx_word' id='word_1_44' title='bbox 307 1112 408 1168; x_wconf 75' lang='lat' dir='ltr'>itsdicsc</span> <span class='ocrx_word' id='word_1_45' title='bbox 429 1129 519 1167; x_wconf 81' lang='lat' dir='ltr'>rerum</span> <span class='ocrx_word' id='word_1_46' title='bbox 539 1112 567 1166; x_wconf 88' lang='lat' dir='ltr'>in</span> <span class='ocrx_word' id='word_1_47' title='bbox 589 1111 709 1167; x_wconf 78' lang='lat' dir='ltr'>sensibus</span> <span class='ocrx_word' id='word_1_48' title='bbox 726 1109 817 1210; x_wconf 73' lang='lat' dir='ltr'>penit)</span> <span class='ocrx_word' id='word_1_49' title='bbox 840 1110 956 1168; x_wconf 88' lang='lat' dir='ltr'>Indicia</span> <span class='ocrx_word' id='word_1_50' title='bbox 977 1128 1075 1167; x_wconf 92' lang='lat' dir='ltr'>rerum</span> <span class='ocrx_word' id='word_1_51' title='bbox 1098 1111 1146 1168; x_wconf 89' lang='lat' dir='ltr'>hic</span> <span class='ocrx_word' id='word_1_52' title='bbox 1168 1111 1299 1187; x_wconf 83' lang='lat' dir='ltr'>singula·</span> 
     </span>
     <span class='ocr_line' id='line_1_7' title="bbox 219 1195 1300 1293; baseline 0.002 -41"><span class='ocrx_word' id='word_1_53' title='bbox 219 1196 276 1252; x_wconf 85' lang='lat' dir='ltr'>tirn</span> <span class='ocrx_word' id='word_1_54' title='bbox 299 1196 379 1263; x_wconf 87' lang='lat' dir='ltr'>dicit,</span> <span class='ocrx_word' id='word_1_55' title='bbox 401 1195 539 1287; x_wconf 79' lang='lat' dir='ltr'>universe</span> <span class='ocrx_word' id='word_1_56' title='bbox 560 1197 688 1252; x_wconf 84' lang='lat' dir='ltr'>iudicium</span> <span class='ocrx_word' id='word_1_57' title='bbox 709 1198 767 1252; x_wconf 81' lang='lat' dir='ltr'>veri</span> <span class='ocrx_word' id='word_1_58' title='bbox 787 1196 881 1252; x_wconf 83' lang='lat' dir='ltr'>Acad</span> <span class='ocrx_word' id='word_1_59' title='bbox 893 1196 948 1288; x_wconf 89' lang='lat'>11,</span> <span class='ocrx_word' id='word_1_60' title='bbox 970 1196 1020 1254; x_wconf 79' lang='lat'>29.</span> <span class='ocrx_word' id='word_1_61' title='bbox 1065 1196 1155 1293; x_wconf 84' lang='lat' dir='ltr'>Dicg.</span> <span class='ocrx_word' id='word_1_62' title='bbox 1180 1198 1220 1266; x_wconf 99' lang='lat' dir='ltr'>X,</span> <span class='ocrx_word' id='word_1_63' title='bbox 1245 1199 1300 1255; x_wconf 87' lang='grc'>31.</span> 
     </span>
     <span class='ocr_line' id='line_1_8' title="bbox 217 1263 1300 1377; baseline 0 -41"><span class='ocrx_word' id='word_1_64' title='bbox 217 1269 270 1336; x_wconf 75' lang='lat' dir='ltr'>&#39;lis</span> <span class='ocrx_word' id='word_1_65' title='bbox 296 1277 340 1351; x_wconf 77' lang='grc' dir='ltr'>τῷ</span> <span class='ocrx_word' id='word_1_66' title='bbox 361 1274 460 1338; x_wconf 71' lang='lat' dir='ltr'>savin</span> <span class='ocrx_word' id='word_1_67' title='bbox 483 1269 599 1377; x_wconf 67' lang='grc' dir='ltr'><strong><em>λέγει’</em></strong></span> <span class='ocrx_word' id='word_1_68' title='bbox 585 1298 602 1334; x_wconf 86' lang='grc' dir='ltr'>ιι</span> <span class='ocrx_word' id='word_1_69' title='bbox 621 1271 797 1374; x_wconf 78' lang='grc' dir='ltr'><strong><em>Ἐπίκουρος</em></strong></span> <span class='ocrx_word' id='word_1_70' title='bbox 817 1263 952 1371; x_wconf 58' lang='grc' dir='ltr'><strong><em>κριτήρια</em></strong></span> <span class='ocrx_word' id='word_1_71' title='bbox 978 1276 1031 1354; x_wconf 82' lang='grc' dir='ltr'>τῆς</span> <span class='ocrx_word' id='word_1_72' title='bbox 1054 1271 1202 1372; x_wconf 75' lang='grc' dir='ltr'>ἀληθείας</span> <span class='ocrx_word' id='word_1_73' title='bbox 1224 1276 1300 1338; x_wconf 74' lang='grc' dir='ltr'><strong><em>εἶναι</em></strong></span> 
     </span>
     <span class='ocr_line' id='line_1_9' title="bbox 218 1351 1301 1456; baseline 0.004 -38"><span class='ocrx_word' id='word_1_74' title='bbox 218 1354 280 1428; x_wconf 76' lang='grc' dir='ltr'>τὰς</span> <span class='ocrx_word' id='word_1_75' title='bbox 301 1352 458 1438; x_wconf 71' lang='grc' dir='ltr'><strong><em>αἰσθήσεις</em></strong></span> <span class='ocrx_word' id='word_1_76' title='bbox 479 1354 529 1420; x_wconf 78' lang='lat' dir='ltr'>xci</span> <span class='ocrx_word' id='word_1_77' title='bbox 550 1351 716 1440; x_wconf 74' lang='grc' dir='ltr'><strong><em>προλήψεις</em></strong></span> <span class='ocrx_word' id='word_1_78' title='bbox 737 1352 786 1419; x_wconf 74' lang='grc' dir='ltr'>καὶ</span> <span class='ocrx_word' id='word_1_79' title='bbox 809 1364 906 1438; x_wconf 74' lang='grc' dir='ltr'><strong><em>παθη.</em></strong></span> <span class='ocrx_word' id='word_1_80' title='bbox 940 1364 1030 1423; x_wconf 89' lang='lat' dir='ltr'>Sed&#39;</span> <span class='ocrx_word' id='word_1_81' title='bbox 1021 1383 1088 1456; x_wconf 79' lang='lat' dir='ltr'>ipsa</span> <span class='ocrx_word' id='word_1_82' title='bbox 1108 1351 1260 1440; x_wconf 74' lang='grc' dir='ltr'>πρόληψις</span> <span class='ocrx_word' id='word_1_83' title='bbox 1282 1384 1301 1422; x_wconf 91' lang='lat' dir='ltr'>a</span> 
     </span>
     <span class='ocr_line' id='line_1_10' title="bbox 219 1433 1300 1524; baseline 0.006 -22"><span class='ocrx_word' id='word_1_84' title='bbox 219 1465 309 1505; x_wconf 87' lang='lat' dir='ltr'>sensu</span> <span class='ocrx_word' id='word_1_85' title='bbox 338 1448 464 1522; x_wconf 89' lang='lat' dir='ltr'>quodam</span> <span class='ocrx_word' id='word_1_86' title='bbox 488 1467 576 1523; x_wconf 81' lang='lat' dir='ltr'>saepe</span> <span class='ocrx_word' id='word_1_87' title='bbox 598 1448 724 1523; x_wconf 90' lang='lat' dir='ltr'>repetito</span> <span class='ocrx_word' id='word_1_88' title='bbox 747 1448 924 1524; x_wconf 75' lang='lat' dir='ltr'>ducebatur,</span> <span class='ocrx_word' id='word_1_89' title='bbox 952 1467 1006 1506; x_wconf 88' lang='lat' dir='ltr'>nec</span> <span class='ocrx_word' id='word_1_90' title='bbox 1034 1433 1138 1514; x_wconf 77' lang='grc' dir='ltr'><strong><em>παθὸς</em></strong></span> <span class='ocrx_word' id='word_1_91' title='bbox 1166 1468 1184 1505; x_wconf 89' lang='lat' dir='ltr'>a</span> <span class='ocrx_word' id='word_1_92' title='bbox 1210 1468 1300 1508; x_wconf 91' lang='lat' dir='ltr'>sensu</span> 
     </span>
     <span class='ocr_line' id='line_1_11' title="bbox 217 1531 1300 1609; baseline 0.004 -21"><span class='ocrx_word' id='word_1_93' title='bbox 217 1531 466 1609; x_wconf 76' lang='lat' dir='ltr'>distingvebatur.</span> <span class='ocrx_word' id='word_1_94' title='bbox 501 1534 606 1608; x_wconf 85' lang='lat' dir='ltr'>ltaque</span> <span class='ocrx_word' id='word_1_95' title='bbox 628 1552 731 1590; x_wconf 87' lang='lat' dir='ltr'>omnes</span> <span class='ocrx_word' id='word_1_96' title='bbox 753 1551 856 1591; x_wconf 88' lang='lat' dir='ltr'>sensus</span> <span class='ocrx_word' id='word_1_97' title='bbox 879 1552 995 1609; x_wconf 83' lang='lat' dir='ltr'>semper</span> <span class='ocrx_word' id='word_1_98' title='bbox 1018 1551 1104 1590; x_wconf 90' lang='lat' dir='ltr'>veros</span> <span class='ocrx_word' id='word_1_99' title='bbox 1126 1551 1191 1591; x_wconf 88' lang='lat' dir='ltr'>esse</span> <span class='ocrx_word' id='word_1_100' title='bbox 1214 1535 1300 1593; x_wconf 89' lang='lat' dir='ltr'>doce·</span> 
     </span>
     <span class='ocr_line' id='line_1_12' title="bbox 220 1616 1299 1696; baseline 0.004 -24"><span class='ocrx_word' id='word_1_101' title='bbox 220 1617 273 1674; x_wconf 85' lang='lat' dir='ltr'>bat</span> <span class='ocrx_word' id='word_1_102' title='bbox 297 1616 386 1690; x_wconf 83' lang='lat' dir='ltr'>(infra</span> <span class='ocrx_word' id='word_1_103' title='bbox 409 1620 476 1692; x_wconf 79' lang='lat'>64),</span> <span class='ocrx_word' id='word_1_104' title='bbox 504 1636 618 1675; x_wconf 89' lang='lat' dir='ltr'>errores</span> <span class='ocrx_word' id='word_1_105' title='bbox 646 1637 683 1674; x_wconf 90' lang='lat' dir='ltr'>ex</span> <span class='ocrx_word' id='word_1_106' title='bbox 712 1618 850 1692; x_wconf 91' lang='lat' dir='ltr'>opinione</span> <span class='ocrx_word' id='word_1_107' title='bbox 878 1619 993 1676; x_wconf 90' lang='lat' dir='ltr'>adiecta</span> <span class='ocrx_word' id='word_1_108' title='bbox 1021 1618 1092 1676; x_wconf 92' lang='lat' dir='ltr'>oriri</span> <span class='ocrx_word' id='word_1_109' title='bbox 1116 1618 1187 1690; x_wconf 90' lang='lat' dir='ltr'>(vid.</span> <span class='ocrx_word' id='word_1_110' title='bbox 1211 1620 1299 1696; x_wconf 84' lang='lat' dir='ltr'>Diog.</span> 
     </span>
     <span class='ocr_line' id='line_1_13' title="bbox 222 1699 1298 1780; baseline 0.001 -21"><span class='ocrx_word' id='word_1_111' title='bbox 222 1702 265 1772; x_wconf 91' lang='lat' dir='ltr'>X,</span> <span class='ocrx_word' id='word_1_112' title='bbox 291 1703 328 1760; x_wconf 79' lang='lat'>³1</span> <span class='ocrx_word' id='word_1_113' title='bbox 353 1721 431 1779; x_wconf 86' lang='lat' dir='ltr'>sqq..</span> <span class='ocrx_word' id='word_1_114' title='bbox 461 1704 579 1779; x_wconf 85' lang='lat' dir='ltr'>Epicur.</span> <span class='ocrx_word' id='word_1_115' title='bbox 604 1703 683 1778; x_wconf 87' lang='lat' dir='ltr'>apud</span> <span class='ocrx_word' id='word_1_116' title='bbox 712 1703 836 1760; x_wconf 89' lang='lat' dir='ltr'>eundern</span> <span class='ocrx_word' id='word_1_117' title='bbox 861 1704 947 1780; x_wconf 84' lang='lat' dir='ltr'>Dicg.</span> <span class='ocrx_word' id='word_1_118' title='bbox 970 1706 1017 1772; x_wconf 90' lang='grc' dir='ltr'>Χ,</span> <span class='ocrx_word' id='word_1_119' title='bbox 1045 1704 1120 1777; x_wconf 84' lang='grc'>146,</span> <span class='ocrx_word' id='word_1_120' title='bbox 1149 1722 1213 1778; x_wconf 76' lang='grc' dir='ltr'><strong><em>κιρ.</em></strong></span> <span class='ocrx_word' id='word_1_121' title='bbox 1237 1699 1298 1774; x_wconf 63' lang='lat' dir='ltr'>dci.</span> 
     </span>
     <span class='ocr_line' id='line_1_14' title="bbox 220 1787 1298 1863; baseline 0.002 -20"><span class='ocrx_word' id='word_1_122' title='bbox 220 1787 263 1843; x_wconf 70' lang='lat'>23</span> <span class='ocrx_word' id='word_1_123' title='bbox 287 1806 368 1863; x_wconf 82' lang='lat' dir='ltr'>sqq.,</span> <span class='ocrx_word' id='word_1_124' title='bbox 397 1787 459 1847; x_wconf 86' lang='lat' dir='ltr'><strong>Cic.</strong></span> <span class='ocrx_word' id='word_1_125' title='bbox 482 1788 575 1847; x_wconf 83' lang='lat' dir='ltr'>Acad.</span> <span class='ocrx_word' id='word_1_126' title='bbox 598 1789 644 1853; x_wconf 89' lang='grc' dir='ltr'>ΙΙ,</span> <span class='ocrx_word' id='word_1_127' title='bbox 669 1788 719 1857; x_wconf 87' lang='grc'>79,</span> <span class='ocrx_word' id='word_1_128' title='bbox 749 1789 788 1847; x_wconf 90' lang='lat' dir='ltr'>N.</span> <span class='ocrx_word' id='word_1_129' title='bbox 813 1789 850 1845; x_wconf 93' lang='lat' dir='ltr'>D.</span> <span class='ocrx_word' id='word_1_130' title='bbox 876 1790 905 1860; x_wconf 95' lang='lat' dir='ltr'>I,</span> <span class='ocrx_word' id='word_1_131' title='bbox 932 1791 986 1858; x_wconf 85' lang='lat'>70,</span> <span class='ocrx_word' id='word_1_132' title='bbox 1015 1790 1132 1846; x_wconf 87' lang='lat' dir='ltr'>Lucret.</span> <span class='ocrx_word' id='word_1_133' title='bbox 1157 1789 1213 1856; x_wconf 90' lang='lat' dir='ltr'>IV,</span> <span class='ocrx_word' id='word_1_134' title='bbox 1238 1789 1298 1846; x_wconf 81' lang='lat'>379</span> 
     </span>
     <span class='ocr_line' id='line_1_15' title="bbox 220 1872 1301 1949; baseline 0 -19"><span class='ocrx_word' id='word_1_135' title='bbox 220 1876 309 1947; x_wconf 69' lang='lat' dir='ltr'>sqq),</span> <span class='ocrx_word' id='word_1_136' title='bbox 332 1874 361 1930; x_wconf 90' lang='lat' dir='ltr'>in</span> <span class='ocrx_word' id='word_1_137' title='bbox 385 1891 421 1930; x_wconf 85' lang='lat' dir='ltr'>ec</span> <span class='ocrx_word' id='word_1_138' title='bbox 443 1873 614 1949; x_wconf 78' lang='lat' dir='ltr'>saepissime</span> <span class='ocrx_word' id='word_1_139' title='bbox 636 1873 748 1943; x_wconf 89' lang='lat' dir='ltr'>labens,</span> <span class='ocrx_word' id='word_1_140' title='bbox 772 1874 850 1948; x_wconf 91' lang='lat' dir='ltr'>quod</span> <span class='ocrx_word' id='word_1_141' title='bbox 873 1872 1010 1931; x_wconf 82' lang='lat' dir='ltr'>affectum</span> <span class='ocrx_word' id='word_1_142' title='bbox 1034 1882 1061 1930; x_wconf 90' lang='lat' dir='ltr'>et</span> <span class='ocrx_word' id='word_1_143' title='bbox 1085 1892 1145 1928; x_wconf 89' lang='lat' dir='ltr'>rem</span> <span class='ocrx_word' id='word_1_144' title='bbox 1169 1872 1301 1931; x_wconf 85' lang='lat' dir='ltr'>afficien-</span> 
     </span>
     <span class='ocr_line' id='line_1_16' title="bbox 206 1957 1299 2034; baseline 0.001 -20"><span class='ocrx_word' id='word_1_145' title='bbox 206 1966 282 2015; x_wconf 61' lang='lat' dir='ltr'>’tem</span> <span class='ocrx_word' id='word_1_146' title='bbox 304 1957 516 2028; x_wconf 86' lang='lat' dir='ltr'>confundebat,</span> <span class='ocrx_word' id='word_1_147' title='bbox 546 1958 619 2015; x_wconf 89' lang='lat' dir='ltr'>talia</span> <span class='ocrx_word' id='word_1_148' title='bbox 646 1958 746 2015; x_wconf 88' lang='lat' dir='ltr'>omnia</span> <span class='ocrx_word' id='word_1_149' title='bbox 768 1977 847 2029; x_wconf 87' lang='lat' dir='ltr'>esse,</span> <span class='ocrx_word' id='word_1_150' title='bbox 877 1961 978 2034; x_wconf 87' lang='lat' dir='ltr'>qualia</span> <span class='ocrx_word' id='word_1_151' title='bbox 1006 1959 1190 2027; x_wconf 89' lang='lat' dir='ltr'>viderentur,</span> <span class='ocrx_word' id='word_1_152' title='bbox 1219 1958 1299 2016; x_wconf 87' lang='lat' dir='ltr'>affir-</span> 
     </span>
     <span class='ocr_line' id='line_1_17' title="bbox 220 2043 1299 2118; baseline 0.001 -19"><span class='ocrx_word' id='word_1_153' title='bbox 220 2061 316 2102; x_wconf 89' lang='lat' dir='ltr'>mans.</span> <span class='ocrx_word' id='word_1_154' title='bbox 372 2044 444 2101; x_wconf 85' lang='lat' dir='ltr'>Mox</span> <span class='ocrx_word' id='word_1_155' title='bbox 472 2044 614 2101; x_wconf 79' lang='lat' dir='ltr'>Davisius</span> <span class='ocrx_word' id='word_1_156' title='bbox 642 2044 718 2100; x_wconf 87' lang='lat' dir='ltr'>male</span> <span class='ocrx_word' id='word_1_157' title='bbox 746 2062 762 2099; x_wconf 92' lang='lat' dir='ltr'>e</span> <span class='ocrx_word' id='word_1_158' title='bbox 789 2045 889 2101; x_wconf 73' lang='lat' dir='ltr'>Para:</span> <span class='ocrx_word' id='word_1_159' title='bbox 919 2056 943 2102; x_wconf 84' lang='lat' dir='ltr'>et</span> <span class='ocrx_word' id='word_1_160' title='bbox 970 2048 1027 2102; x_wconf 80' lang='lat' dir='ltr'>ceri</span> <span class='ocrx_word' id='word_1_161' title='bbox 1053 2054 1077 2100; x_wconf 86' lang='lat' dir='ltr'>ct</span> <span class='ocrx_word' id='word_1_162' title='bbox 1098 2046 1184 2116; x_wconf 78' lang='lat' dir='ltr'>falsi,</span> <span class='ocrx_word' id='word_1_163' title='bbox 1214 2043 1299 2118; x_wconf 89' lang='lat' dir='ltr'>quasi</span> 
     </span>
     <span class='ocr_line' id='line_1_18' title="bbox 219 2128 1298 2206; baseline 0.001 -23"><span class='ocrx_word' id='word_1_164' title='bbox 219 2128 326 2184; x_wconf 90' lang='lat' dir='ltr'>horum</span> <span class='ocrx_word' id='word_1_165' title='bbox 354 2140 522 2203; x_wconf 85' lang='lat' dir='ltr'>separatum</span> <span class='ocrx_word' id='word_1_166' title='bbox 549 2129 689 2186; x_wconf 90' lang='lat' dir='ltr'>iudicium</span> <span class='ocrx_word' id='word_1_167' title='bbox 718 2129 755 2185; x_wconf 91' lang='lat' dir='ltr'>sit</span> <span class='ocrx_word' id='word_1_168' title='bbox 786 2147 820 2185; x_wconf 94' lang='lat' dir='ltr'>ac</span> <span class='ocrx_word' id='word_1_169' title='bbox 848 2147 906 2185; x_wconf 92' lang='lat' dir='ltr'>non</span> <span class='ocrx_word' id='word_1_170' title='bbox 935 2131 990 2186; x_wconf 93' lang='lat' dir='ltr'>hoc</span> <span class='ocrx_word' id='word_1_171' title='bbox 1018 2130 1114 2205; x_wconf 88' lang='lat' dir='ltr'>ipsum</span> <span class='ocrx_word' id='word_1_172' title='bbox 1143 2129 1298 2206; x_wconf 81' lang='lat' dir='ltr'>iudicetur,</span> 
     </span>
     <span class='ocr_line' id='line_1_19' title="bbox 219 2211 978 2287; baseline 0.008 -19"><span class='ocrx_word' id='word_1_173' title='bbox 219 2226 320 2269; x_wconf 90' lang='lat' dir='ltr'>utrum</span> <span class='ocrx_word' id='word_1_174' title='bbox 343 2231 445 2270; x_wconf 87' lang='lat' dir='ltr'>vernrn</span> <span class='ocrx_word' id='word_1_175' title='bbox 468 2232 505 2270; x_wconf 89' lang='lat' dir='ltr'>an</span> <span class='ocrx_word' id='word_1_176' title='bbox 528 2211 635 2270; x_wconf 84' lang='lat' dir='ltr'>ialsum</span> <span class='ocrx_word' id='word_1_177' title='bbox 658 2214 769 2287; x_wconf 89' lang='lat' dir='ltr'>aliquid</span> <span class='ocrx_word' id='word_1_178' title='bbox 793 2214 840 2270; x_wconf 90' lang='lat' dir='ltr'>sit.</span> <span class='ocrx_word' id='word_1_179' title='bbox 972 2259 978 2274; x_wconf 88' lang='lat'>.</span> 
     </span>
    </p>

    <p class='ocr_par' dir='ltr' id='par_1_5' title="bbox 211 2298 1303 4413">
     <span class='ocr_line' id='line_1_20' title="bbox 310 2298 1298 2372; baseline 0.002 -19"><span class='ocrx_word' id='word_1_180' title='bbox 310 2298 375 2354; x_wconf 54' lang='lat'>23(</span> <span class='ocrx_word' id='word_1_181' title='bbox 391 2298 537 2372; x_wconf 78' lang='lat' dir='ltr'>Confirmat</span> <span class='ocrx_word' id='word_1_182' title='bbox 556 2308 645 2354; x_wconf 64' lang='lat' dir='ltr'>auum</span> <span class='ocrx_word' id='word_1_183' title='bbox 666 2300 735 2354; x_wconf 85' lang='lat' dir='ltr'>illud</span> <span class='ocrx_word' id='word_1_184' title='bbox 756 2301 827 2369; x_wconf 89' lang='lat' dir='ltr'>cet.)</span> <span class='ocrx_word' id='word_1_185' title='bbox 847 2299 943 2367; x_wconf 89' lang='lat' dir='ltr'>Patet,</span> <span class='ocrx_word' id='word_1_186' title='bbox 967 2299 1113 2355; x_wconf 82' lang='lat' dir='ltr'>excidisse</span> <span class='ocrx_word' id='word_1_187' title='bbox 1135 2298 1166 2353; x_wconf 92' lang='lat' dir='ltr'>in</span> <span class='ocrx_word' id='word_1_188' title='bbox 1189 2298 1298 2355; x_wconf 88' lang='lat' dir='ltr'>nostris</span> 
     </span>
     <span class='ocr_line' id='line_1_21' title="bbox 218 2379 1297 2462; baseline 0.002 -24"><span class='ocrx_word' id='word_1_189' title='bbox 218 2382 373 2439; x_wconf 81' lang='lat' dir='ltr'>codicibus</span> <span class='ocrx_word' id='word_1_190' title='bbox 395 2379 535 2462; x_wconf 75' lang='lat' dir='ltr'>[fumasse</span> <span class='ocrx_word' id='word_1_191' title='bbox 555 2379 658 2461; x_wconf 84' lang='lat' dir='ltr'>etiam]</span> <span class='ocrx_word' id='word_1_192' title='bbox 680 2384 767 2439; x_wconf 87' lang='lat' dir='ltr'>finem</span> <span class='ocrx_word' id='word_1_193' title='bbox 790 2384 1028 2458; x_wconf 86' lang='lat' dir='ltr'>reprehensionis</span> <span class='ocrx_word' id='word_1_194' title='bbox 1050 2382 1172 2440; x_wconf 91' lang='lat' dir='ltr'>alterius</span> <span class='ocrx_word' id='word_1_195' title='bbox 1196 2384 1297 2457; x_wconf 89' lang='lat' dir='ltr'>partis,</span> 
     </span>
     <span class='ocr_line' id='line_1_22' title="bbox 217 2463 1297 2547; baseline 0.001 -24"><span class='ocrx_word' id='word_1_196' title='bbox 217 2463 288 2546; x_wconf 81' lang='lat' dir='ltr'>[sed</span> <span class='ocrx_word' id='word_1_197' title='bbox 310 2464 402 2547; x_wconf 86' lang='lat' dir='ltr'>certe]</span> <span class='ocrx_word' id='word_1_198' title='bbox 424 2469 540 2526; x_wconf 89' lang='lat' dir='ltr'>initium</span> <span class='ocrx_word' id='word_1_199' title='bbox 563 2486 679 2537; x_wconf 88' lang='lat' dir='ltr'>eorum,</span> <span class='ocrx_word' id='word_1_200' title='bbox 702 2487 778 2543; x_wconf 91' lang='lat' dir='ltr'>quae</span> <span class='ocrx_word' id='word_1_201' title='bbox 800 2469 837 2524; x_wconf 88' lang='lat' dir='ltr'>ad</span> <span class='ocrx_word' id='word_1_202' title='bbox 859 2469 976 2525; x_wconf 84' lang='lat' dir='ltr'>tertiam</span> <span class='ocrx_word' id='word_1_203' title='bbox 999 2478 1128 2544; x_wconf 88' lang='lat' dir='ltr'>partem,</span> <span class='ocrx_word' id='word_1_204' title='bbox 1161 2468 1297 2538; x_wconf 89' lang='lat' dir='ltr'>ethicam,</span> 
     </span>
     <span class='ocr_line' id='line_1_23' title="bbox 217 2553 1298 2629; baseline 0.002 -21"><span class='ocrx_word' id='word_1_205' title='bbox 217 2553 377 2627; x_wconf 78' lang='lat' dir='ltr'>pertinent.</span> <span class='ocrx_word' id='word_1_206' title='bbox 410 2553 541 2629; x_wconf 84' lang='lat' dir='ltr'>Explere</span> <span class='ocrx_word' id='word_1_207' title='bbox 557 2553 693 2610; x_wconf 89' lang='lat' dir='ltr'>lacunam</span> <span class='ocrx_word' id='word_1_208' title='bbox 712 2555 829 2610; x_wconf 88' lang='lat' dir='ltr'>Marsus</span> <span class='ocrx_word' id='word_1_209' title='bbox 852 2564 975 2610; x_wconf 89' lang='lat' dir='ltr'>conatus</span> <span class='ocrx_word' id='word_1_210' title='bbox 997 2564 1050 2624; x_wconf 87' lang='lat' dir='ltr'>est,</span> <span class='ocrx_word' id='word_1_211' title='bbox 1073 2553 1157 2610; x_wconf 89' lang='lat' dir='ltr'>cuius</span> <span class='ocrx_word' id='word_1_212' title='bbox 1179 2554 1298 2628; x_wconf 88' lang='lat' dir='ltr'>supple·</span> 
     </span>
     <span class='ocr_line' id='line_1_24' title="bbox 217 2638 1298 2714; baseline 0.004 -22"><span class='ocrx_word' id='word_1_213' title='bbox 217 2646 351 2694; x_wconf 89' lang='lat' dir='ltr'>mentum</span> <span class='ocrx_word' id='word_1_214' title='bbox 374 2638 426 2695; x_wconf 90' lang='lat' dir='ltr'>alii</span> <span class='ocrx_word' id='word_1_215' title='bbox 447 2639 566 2713; x_wconf 90' lang='lat' dir='ltr'>qnidam</span> <span class='ocrx_word' id='word_1_216' title='bbox 589 2647 761 2695; x_wconf 84' lang='lat' dir='ltr'>tenuerunt:</span> <span class='ocrx_word' id='word_1_217' title='bbox 790 2640 823 2694; x_wconf 84' lang='lat' dir='ltr'>In</span> <span class='ocrx_word' id='word_1_218' title='bbox 849 2643 927 2695; x_wconf 83' lang='lat' dir='ltr'>tertia</span> <span class='ocrx_word' id='word_1_219' title='bbox 955 2658 1017 2696; x_wconf 86' lang='lat' dir='ltr'>cero</span> <span class='ocrx_word' id='word_1_220' title='bbox 1041 2649 1136 2714; x_wconf 82' lang='lat' dir='ltr'>parte,</span> <span class='ocrx_word' id='word_1_221' title='bbox 1166 2657 1237 2711; x_wconf 81' lang='lat' dir='ltr'>qaue</span> <span class='ocrx_word' id='word_1_222' title='bbox 1258 2649 1298 2696; x_wconf 80' lang='lat' dir='ltr'>est</span> 
     </span>
     <span class='ocr_line' id='line_1_25' title="bbox 216 2723 1297 2798; baseline 0.004 -20"><span class='ocrx_word' id='word_1_223' title='bbox 216 2723 255 2778; x_wconf 81' lang='lat' dir='ltr'>ds</span> <span class='ocrx_word' id='word_1_224' title='bbox 276 2725 331 2779; x_wconf 84' lang='lat' dir='ltr'>uita</span> <span class='ocrx_word' id='word_1_225' title='bbox 352 2733 377 2779; x_wconf 78' lang='lat' dir='ltr'>ct</span> <span class='ocrx_word' id='word_1_226' title='bbox 398 2726 529 2792; x_wconf 80' lang='lat' dir='ltr'>moribus,</span> <span class='ocrx_word' id='word_1_227' title='bbox 552 2728 579 2781; x_wconf 83' lang='lat' dir='ltr'>in</span> <span class='ocrx_word' id='word_1_228' title='bbox 601 2727 782 2781; x_wconf 58' lang='lat' dir='ltr'>concitatione</span> <span class='ocrx_word' id='word_1_229' title='bbox 796 2725 864 2796; x_wconf 70' lang='lat' dir='ltr'>fiaes</span> <span class='ocrx_word' id='word_1_230' title='bbox 885 2727 924 2780; x_wconf 85' lang='lat' dir='ltr'>nil</span> <span class='ocrx_word' id='word_1_231' title='bbox 943 2743 1099 2797; x_wconf 66' lang='lat' dir='ltr'>generosam</span> <span class='ocrx_word' id='word_1_232' title='bbox 1121 2727 1194 2798; x_wconf 85' lang='lat' dir='ltr'>sapit</span> <span class='ocrx_word' id='word_1_233' title='bbox 1215 2733 1297 2797; x_wconf 76' lang='lat' dir='ltr'>atquc</span> 
     </span>
     <span class='ocr_line' id='line_1_26' title="bbox 217 2807 1298 2882; baseline 0.001 -18"><span class='ocrx_word' id='word_1_234' title='bbox 217 2809 396 2881; x_wconf 74' lang='lat' dir='ltr'>maquifisum.</span> <span class='ocrx_word' id='word_1_235' title='bbox 446 2809 592 2881; x_wconf 78' lang='lat' dir='ltr'>Confirmat</span> <span class='ocrx_word' id='word_1_236' title='bbox 612 2811 682 2866; x_wconf 83' lang='lat' dir='ltr'>illud</span> <span class='ocrx_word' id='word_1_237' title='bbox 703 2818 759 2868; x_wconf 89' lang='lat' dir='ltr'>cet.</span> <span class='ocrx_word' id='word_1_238' title='bbox 780 2809 890 2882; x_wconf 87' lang='lat' dir='ltr'>(deleto</span> <span class='ocrx_word' id='word_1_239' title='bbox 912 2819 1009 2877; x_wconf 82' lang='lat' dir='ltr'>autem,</span> <span class='ocrx_word' id='word_1_240' title='bbox 1031 2809 1110 2882; x_wconf 89' lang='lat' dir='ltr'>quod</span> <span class='ocrx_word' id='word_1_241' title='bbox 1133 2826 1198 2865; x_wconf 89' lang='lat' dir='ltr'>cum</span> <span class='ocrx_word' id='word_1_242' title='bbox 1218 2807 1298 2867; x_wconf 90' lang='lat' dir='ltr'>Gru·</span> 
     </span>
     <span class='ocr_line' id='line_1_27' title="bbox 218 2893 1297 2969; baseline 0.001 -21"><span class='ocrx_word' id='word_1_243' title='bbox 218 2899 318 2963; x_wconf 85' lang='lat' dir='ltr'>terna,</span> <span class='ocrx_word' id='word_1_244' title='bbox 347 2893 397 2968; x_wconf 93' lang='lat' dir='ltr'>qui</span> <span class='ocrx_word' id='word_1_245' title='bbox 420 2894 656 2969; x_wconf 89' lang='lat' dir='ltr'>supplementum</span> <span class='ocrx_word' id='word_1_246' title='bbox 679 2894 807 2967; x_wconf 86' lang='lat' dir='ltr'>expulit,</span> <span class='ocrx_word' id='word_1_247' title='bbox 836 2913 894 2952; x_wconf 89' lang='lat' dir='ltr'>non</span> <span class='ocrx_word' id='word_1_248' title='bbox 918 2904 1100 2963; x_wconf 85' lang='lat' dir='ltr'>revocasset,</span> <span class='ocrx_word' id='word_1_249' title='bbox 1129 2893 1297 2950; x_wconf 88' lang='lat' dir='ltr'>restitutum</span> 
     </span>
     <span class='ocr_line' id='line_1_28' title="bbox 219 2978 1297 3052; baseline 0 -19"><span class='ocrx_word' id='word_1_250' title='bbox 219 2986 266 3034; x_wconf 83' lang='lat' dir='ltr'>ast</span> <span class='ocrx_word' id='word_1_251' title='bbox 288 2994 307 3033; x_wconf 88' lang='lat' dir='ltr'>a</span> <span class='ocrx_word' id='word_1_252' title='bbox 328 2978 453 3034; x_wconf 88' lang='lat' dir='ltr'>Davisio</span> <span class='ocrx_word' id='word_1_253' title='bbox 481 2997 497 3034; x_wconf 90' lang='lat' dir='ltr'>e</span> <span class='ocrx_word' id='word_1_254' title='bbox 527 2978 655 3052; x_wconf 89' lang='lat' dir='ltr'>quinque</span> <span class='ocrx_word' id='word_1_255' title='bbox 678 2979 776 3045; x_wconf 84' lang='lat' dir='ltr'>codd.;</span> <span class='ocrx_word' id='word_1_256' title='bbox 806 2979 953 3035; x_wconf 82' lang='lat' dir='ltr'>lrabebant</span> <span class='ocrx_word' id='word_1_257' title='bbox 982 2979 1044 3036; x_wconf 87' lang='lat' dir='ltr'>sine</span> <span class='ocrx_word' id='word_1_258' title='bbox 1067 2978 1157 3034; x_wconf 91' lang='lat' dir='ltr'>dubio</span> <span class='ocrx_word' id='word_1_259' title='bbox 1180 2996 1297 3047; x_wconf 80' lang='lat' dir='ltr'>omnes3</span> 
     </span>
     <span class='ocr_line' id='line_1_29' title="bbox 218 3062 1298 3138; baseline 0.001 -20"><span class='ocrx_word' id='word_1_260' title='bbox 218 3071 322 3119; x_wconf 86' lang='lat' dir='ltr'>tenent</span> <span class='ocrx_word' id='word_1_261' title='bbox 344 3062 424 3122; x_wconf 86' lang='lat' dir='ltr'>Oxx.</span> <span class='ocrx_word' id='word_1_262' title='bbox 449 3073 478 3119; x_wconf 90' lang='lat' dir='ltr'>et</span> <span class='ocrx_word' id='word_1_263' title='bbox 501 3063 630 3136; x_wconf 83' lang='lat' dir='ltr'>Gaiani).</span> <span class='ocrx_word' id='word_1_264' title='bbox 675 3062 733 3120; x_wconf 88' lang='lat' dir='ltr'>Sed</span> <span class='ocrx_word' id='word_1_265' title='bbox 756 3082 806 3129; x_wconf 88' lang='lat' dir='ltr'>ea,</span> <span class='ocrx_word' id='word_1_266' title='bbox 837 3083 913 3137; x_wconf 90' lang='lat' dir='ltr'>quac</span> <span class='ocrx_word' id='word_1_267' title='bbox 942 3072 1008 3138; x_wconf 89' lang='lat' dir='ltr'>post</span> <span class='ocrx_word' id='word_1_268' title='bbox 1039 3064 1173 3119; x_wconf 80' lang='lat' dir='ltr'>lacunam</span> <span class='ocrx_word' id='word_1_269' title='bbox 1203 3063 1298 3136; x_wconf 87' lang='lat' dir='ltr'>prima</span> 
     </span>
     <span class='ocr_line' id='line_1_30' title="bbox 219 3147 1297 3228; baseline 0 -25"><span class='ocrx_word' id='word_1_270' title='bbox 219 3158 391 3228; x_wconf 84' lang='lat' dir='ltr'>sequuptur,</span> <span class='ocrx_word' id='word_1_271' title='bbox 416 3149 505 3224; x_wconf 86' lang='lat' dir='ltr'>vulgo</span> <span class='ocrx_word' id='word_1_272' title='bbox 528 3167 581 3222; x_wconf 91' lang='lat' dir='ltr'>pro</span> <span class='ocrx_word' id='word_1_273' title='bbox 599 3148 722 3222; x_wconf 85' lang='lat' dir='ltr'>integris</span> <span class='ocrx_word' id='word_1_274' title='bbox 745 3149 788 3205; x_wconf 87' lang='lat' dir='ltr'>sic</span> <span class='ocrx_word' id='word_1_275' title='bbox 810 3149 945 3218; x_wconf 90' lang='lat' dir='ltr'>eduntur,</span> <span class='ocrx_word' id='word_1_276' title='bbox 969 3160 1002 3205; x_wconf 93' lang='lat' dir='ltr'>ut</span> <span class='ocrx_word' id='word_1_277' title='bbox 1024 3157 1091 3205; x_wconf 90' lang='lat' dir='ltr'>sunt</span> <span class='ocrx_word' id='word_1_278' title='bbox 1115 3148 1192 3221; x_wconf 88' lang='lat' dir='ltr'>apud</span> <span class='ocrx_word' id='word_1_279' title='bbox 1212 3147 1297 3206; x_wconf 89' lang='lat' dir='ltr'>Orel-</span> 
     </span>
     <span class='ocr_line' id='line_1_31' title="bbox 218 3230 1298 3307; baseline 0.002 -20"><span class='ocrx_word' id='word_1_280' title='bbox 218 3230 307 3293; x_wconf 79' lang='lat' dir='ltr'>lium,</span> <span class='ocrx_word' id='word_1_281' title='bbox 331 3251 389 3289; x_wconf 91' lang='lat' dir='ltr'>non</span> <span class='ocrx_word' id='word_1_282' title='bbox 412 3233 506 3289; x_wconf 93' lang='lat' dir='ltr'>solum</span> <span class='ocrx_word' id='word_1_283' title='bbox 529 3242 632 3289; x_wconf 90' lang='lat' dir='ltr'>contra</span> <span class='ocrx_word' id='word_1_284' title='bbox 654 3234 755 3298; x_wconf 83' lang='lat' dir='ltr'>codd,</span> <span class='ocrx_word' id='word_1_285' title='bbox 784 3252 800 3289; x_wconf 87' lang='lat' dir='ltr'>e</span> <span class='ocrx_word' id='word_1_286' title='bbox 823 3234 929 3307; x_wconf 87' lang='lat' dir='ltr'>quibus</span> <span class='ocrx_word' id='word_1_287' title='bbox 952 3236 1049 3289; x_wconf 82' lang='lat' dir='ltr'>sciscat</span> <span class='ocrx_word' id='word_1_288' title='bbox 1071 3233 1211 3306; x_wconf 90' lang='lat' dir='ltr'>scriptum</span> <span class='ocrx_word' id='word_1_289' title='bbox 1235 3242 1298 3289; x_wconf 90' lang='lat' dir='ltr'>erat</span> 
     </span>
     <span class='ocr_line' id='line_1_32' title="bbox 217 3315 1297 3395; baseline 0.001 -23"><span class='ocrx_word' id='word_1_290' title='bbox 217 3315 310 3373; x_wconf 90' lang='lat' dir='ltr'>etiam</span> <span class='ocrx_word' id='word_1_291' title='bbox 333 3317 362 3373; x_wconf 93' lang='lat' dir='ltr'>in</span> <span class='ocrx_word' id='word_1_292' title='bbox 385 3318 473 3379; x_wconf 73' lang='lat' dir='ltr'>vict..</span> <span class='ocrx_word' id='word_1_293' title='bbox 496 3318 573 3375; x_wconf 89' lang='lat' dir='ltr'>Pall.</span> <span class='ocrx_word' id='word_1_294' title='bbox 598 3318 742 3388; x_wconf 86' lang='lat' dir='ltr'>omnibns,</span> <span class='ocrx_word' id='word_1_295' title='bbox 766 3318 842 3377; x_wconf 90' lang='lat' dir='ltr'>Oxx.</span> <span class='ocrx_word' id='word_1_296' title='bbox 869 3319 951 3393; x_wconf 68' lang='lat' dir='ltr'>EUx,</span> <span class='ocrx_word' id='word_1_297' title='bbox 975 3316 1030 3395; x_wconf 91' lang='lat' dir='ltr'>[B]</span> <span class='ocrx_word' id='word_1_298' title='bbox 1053 3318 1142 3391; x_wconf 84' lang='lat' dir='ltr'>(Dav.</span> <span class='ocrx_word' id='word_1_299' title='bbox 1162 3328 1191 3372; x_wconf 93' lang='lat' dir='ltr'>et</span> <span class='ocrx_word' id='word_1_300' title='bbox 1203 3316 1297 3375; x_wconf 86' lang='lat' dir='ltr'>Gaius</span> 
     </span>
     <span class='ocr_line' id='line_1_33' title="bbox 217 3401 1299 3480; baseline 0.002 -24"><span class='ocrx_word' id='word_1_301' title='bbox 217 3405 341 3474; x_wconf 86' lang='lat' dir='ltr'>tacent),</span> <span class='ocrx_word' id='word_1_302' title='bbox 355 3403 449 3476; x_wconf 83' lang='lat' dir='ltr'>probet</span> <span class='ocrx_word' id='word_1_303' title='bbox 465 3402 554 3458; x_wconf 90' lang='lat' dir='ltr'>habet</span> <span class='ocrx_word' id='word_1_304' title='bbox 572 3403 659 3459; x_wconf 86' lang='lat' dir='ltr'>etiam</span> <span class='ocrx_word' id='word_1_305' title='bbox 672 3403 760 3459; x_wconf 81' lang='lat' dir='ltr'>Pell</span> <span class='ocrx_word' id='word_1_306' title='bbox 772 3401 875 3480; x_wconf 86' lang='lat' dir='ltr'>[etB],</span> <span class='ocrx_word' id='word_1_307' title='bbox 894 3404 989 3471; x_wconf 87' lang='lat' dir='ltr'>idest,</span> <span class='ocrx_word' id='word_1_308' title='bbox 1007 3403 1121 3477; x_wconf 90' lang='lat' dir='ltr'>optimi,</span> <span class='ocrx_word' id='word_1_309' title='bbox 1140 3403 1191 3458; x_wconf 87' lang='lat' dir='ltr'>sed</span> <span class='ocrx_word' id='word_1_310' title='bbox 1209 3403 1299 3459; x_wconf 90' lang='lat' dir='ltr'>etiam</span> 
     </span>
     <span class='ocr_line' id='line_1_34' title="bbox 218 3487 1298 3561; baseline 0.002 -20"><span class='ocrx_word' id='word_1_311' title='bbox 218 3495 324 3542; x_wconf 89' lang='lat' dir='ltr'>contra</span> <span class='ocrx_word' id='word_1_312' title='bbox 346 3487 537 3556; x_wconf 83' lang='lat' dir='ltr'>sententiam3</span> <span class='ocrx_word' id='word_1_313' title='bbox 566 3506 660 3560; x_wconf 88' lang='lat' dir='ltr'>neque</span> <span class='ocrx_word' id='word_1_314' title='bbox 688 3487 765 3543; x_wconf 89' lang='lat' dir='ltr'>enim</span> <span class='ocrx_word' id='word_1_315' title='bbox 795 3496 873 3543; x_wconf 90' lang='lat' dir='ltr'>recte</span> <span class='ocrx_word' id='word_1_316' title='bbox 897 3488 1042 3561; x_wconf 89' lang='lat' dir='ltr'>Epicurus</span> <span class='ocrx_word' id='word_1_317' title='bbox 1069 3489 1227 3560; x_wconf 57' lang='lat' dir='ltr'>confirmare</span> <span class='ocrx_word' id='word_1_318' title='bbox 1255 3507 1298 3543; x_wconf 83' lang='lat' dir='ltr'>co-</span> 
     </span>
     <span class='ocr_line' id='line_1_35' title="bbox 216 3571 1298 3646; baseline 0.002 -20"><span class='ocrx_word' id='word_1_319' title='bbox 216 3572 348 3644; x_wconf 73' lang='lat' dir='ltr'>Irtptctem</span> <span class='ocrx_word' id='word_1_320' title='bbox 369 3582 394 3628; x_wconf 84' lang='lat' dir='ltr'>et</span> <span class='ocrx_word' id='word_1_321' title='bbox 415 3573 533 3629; x_wconf 63' lang='lat' dir='ltr'>dolerem</span> <span class='ocrx_word' id='word_1_322' title='bbox 555 3572 671 3630; x_wconf 88' lang='lat' dir='ltr'>dicitur.</span> <span class='ocrx_word' id='word_1_323' title='bbox 717 3574 821 3646; x_wconf 91' lang='lat' dir='ltr'>Itaque</span> <span class='ocrx_word' id='word_1_324' title='bbox 841 3573 981 3629; x_wconf 76' lang='lat' dir='ltr'>Davisius</span> <span class='ocrx_word' id='word_1_325' title='bbox 1004 3582 1033 3629; x_wconf 90' lang='lat' dir='ltr'>ct</span> <span class='ocrx_word' id='word_1_326' title='bbox 1051 3573 1186 3629; x_wconf 86' lang='lat' dir='ltr'>Bremius</span> <span class='ocrx_word' id='word_1_327' title='bbox 1210 3571 1298 3629; x_wconf 88' lang='lat' dir='ltr'>scribi</span> 
     </span>
     <span class='ocr_line' id='line_1_36' title="bbox 217 3655 1299 3732; baseline 0.001 -21"><span class='ocrx_word' id='word_1_328' title='bbox 217 3655 374 3712; x_wconf 88' lang='lat' dir='ltr'>volebant:</span> <span class='ocrx_word' id='word_1_329' title='bbox 396 3659 427 3714; x_wconf 81' lang='lat' dir='ltr'>id</span> <span class='ocrx_word' id='word_1_330' title='bbox 448 3677 513 3727; x_wconf 84' lang='lat' dir='ltr'>csse,</span> <span class='ocrx_word' id='word_1_331' title='bbox 536 3658 642 3731; x_wconf 87' lang='lat' dir='ltr'>quibus</span> <span class='ocrx_word' id='word_1_332' title='bbox 660 3677 798 3732; x_wconf 86' lang='lat' dir='ltr'>perverse</span> <span class='ocrx_word' id='word_1_333' title='bbox 816 3657 986 3731; x_wconf 88' lang='lat' dir='ltr'>obloquitur</span> <span class='ocrx_word' id='word_1_334' title='bbox 1003 3656 1104 3715; x_wconf 86' lang='lat' dir='ltr'>Gaius.</span> <span class='ocrx_word' id='word_1_335' title='bbox 1140 3657 1198 3716; x_wconf 87' lang='lat' dir='ltr'>Sed</span> <span class='ocrx_word' id='word_1_336' title='bbox 1216 3675 1299 3713; x_wconf 89' lang='lat' dir='ltr'>ever·</span> 
     </span>
     <span class='ocr_line' id='line_1_37' title="bbox 216 3741 1298 3816; baseline 0 -20"><span class='ocrx_word' id='word_1_337' title='bbox 216 3750 287 3797; x_wconf 90' lang='lat' dir='ltr'>tunt</span> <span class='ocrx_word' id='word_1_338' title='bbox 313 3741 400 3797; x_wconf 85' lang='lat' dir='ltr'>istam</span> <span class='ocrx_word' id='word_1_339' title='bbox 424 3743 622 3799; x_wconf 90' lang='lat' dir='ltr'>coniecturam</span> <span class='ocrx_word' id='word_1_340' title='bbox 645 3761 732 3799; x_wconf 90' lang='lat' dir='ltr'>voces</span> <span class='ocrx_word' id='word_1_341' title='bbox 761 3753 789 3798; x_wconf 83' lang='lat' dir='ltr'>at</span> <span class='ocrx_word' id='word_1_342' title='bbox 810 3747 864 3813; x_wconf 84' lang='lat' dir='ltr'>uit,</span> <span class='ocrx_word' id='word_1_343' title='bbox 894 3760 970 3815; x_wconf 88' lang='lat' dir='ltr'>quae</span> <span class='ocrx_word' id='word_1_344' title='bbox 999 3742 1054 3799; x_wconf 92' lang='lat' dir='ltr'>boc</span> <span class='ocrx_word' id='word_1_345' title='bbox 1083 3743 1169 3798; x_wconf 90' lang='lat' dir='ltr'>modo</span> <span class='ocrx_word' id='word_1_346' title='bbox 1199 3741 1298 3816; x_wconf 90' lang='lat' dir='ltr'>inepte</span> 
     </span>
     <span class='ocr_line' id='line_1_38' title="bbox 217 3824 1298 3903; baseline 0.002 -22"><span class='ocrx_word' id='word_1_347' title='bbox 217 3824 445 3901; x_wconf 87' lang='lat' dir='ltr'>interponantur</span> <span class='ocrx_word' id='word_1_348' title='bbox 475 3828 638 3883; x_wconf 85' lang='lat' dir='ltr'>sententiae</span> <span class='ocrx_word' id='word_1_349' title='bbox 666 3827 818 3903; x_wconf 88' lang='lat' dir='ltr'>incipienti</span> <span class='ocrx_word' id='word_1_350' title='bbox 847 3847 865 3884; x_wconf 90' lang='lat' dir='ltr'>a</span> <span class='ocrx_word' id='word_1_351' title='bbox 886 3830 1033 3900; x_wconf 77' lang='lat' dir='ltr'>corrfirmut.</span> <span class='ocrx_word' id='word_1_352' title='bbox 1078 3828 1233 3884; x_wconf 83' lang='lat' dir='ltr'>Postremo</span> <span class='ocrx_word' id='word_1_353' title='bbox 1256 3846 1298 3883; x_wconf 84' lang='lat' dir='ltr'>re·</span> 
     </span>
     <span class='ocr_line' id='line_1_39' title="bbox 211 3911 1299 3987; baseline -0.001 -20"><span class='ocrx_word' id='word_1_354' title='bbox 211 3912 335 3987; x_wconf 80' lang='lat' dir='ltr'>probare</span> <span class='ocrx_word' id='word_1_355' title='bbox 356 3930 411 3968; x_wconf 91' lang='lat' dir='ltr'>ncc</span> <span class='ocrx_word' id='word_1_356' title='bbox 423 3911 528 3970; x_wconf 88' lang='lat' dir='ltr'>Cicero</span> <span class='ocrx_word' id='word_1_357' title='bbox 550 3912 622 3969; x_wconf 88' lang='lat' dir='ltr'>alibi</span> <span class='ocrx_word' id='word_1_358' title='bbox 646 3931 699 3968; x_wconf 91' lang='lat' dir='ltr'>nec</span> <span class='ocrx_word' id='word_1_359' title='bbox 721 3913 784 3969; x_wconf 88' lang='lat' dir='ltr'>eius</span> <span class='ocrx_word' id='word_1_360' title='bbox 807 3913 945 3987; x_wconf 88' lang='lat' dir='ltr'>aequales</span> <span class='ocrx_word' id='word_1_361' title='bbox 968 3912 1092 3979; x_wconf 87' lang='lat' dir='ltr'>habent;</span> <span class='ocrx_word' id='word_1_362' title='bbox 1115 3912 1192 3986; x_wconf 90' lang='lat' dir='ltr'>apud</span> <span class='ocrx_word' id='word_1_363' title='bbox 1206 3911 1299 3984; x_wconf 86' lang='lat' dir='ltr'>Quin·</span> 
     </span>
     <span class='ocr_line' id='line_1_40' title="bbox 217 3996 1299 4073; baseline 0 -21"><span class='ocrx_word' id='word_1_364' title='bbox 217 3996 355 4053; x_wconf 85' lang='lat' dir='ltr'>tilianum</span> <span class='ocrx_word' id='word_1_365' title='bbox 389 3998 505 4054; x_wconf 88' lang='lat' dir='ltr'>demum</span> <span class='ocrx_word' id='word_1_366' title='bbox 540 3996 666 4072; x_wconf 90' lang='lat' dir='ltr'>positum</span> <span class='ocrx_word' id='word_1_367' title='bbox 700 4006 745 4054; x_wconf 88' lang='lat' dir='ltr'>est</span> <span class='ocrx_word' id='word_1_368' title='bbox 772 3999 830 4069; x_wconf 90' lang='lat' dir='ltr'>(VI</span> <span class='ocrx_word' id='word_1_369' title='bbox 858 4016 987 4073; x_wconf 88' lang='lat' dir='ltr'>prooem.</span> <span class='ocrx_word' id='word_1_370' title='bbox 1019 3997 1064 4070; x_wconf 89' lang='lat'>3),</span> <span class='ocrx_word' id='word_1_371' title='bbox 1100 3996 1178 4070; x_wconf 89' lang='lat' dir='ltr'>apud</span> <span class='ocrx_word' id='word_1_372' title='bbox 1212 4014 1299 4069; x_wconf 88' lang='lat' dir='ltr'>quem</span> 
     </span>
     <span class='ocr_line' id='line_1_41' title="bbox 218 4080 1298 4157; baseline 0.001 -21"><span class='ocrx_word' id='word_1_373' title='bbox 218 4080 317 4154; x_wconf 89' lang='lat' dir='ltr'>ipsum</span> <span class='ocrx_word' id='word_1_374' title='bbox 340 4083 434 4139; x_wconf 91' lang='lat' dir='ltr'>codex</span> <span class='ocrx_word' id='word_1_375' title='bbox 457 4082 737 4157; x_wconf 89' lang='lat' dir='ltr'>praestantissimus,</span> <span class='ocrx_word' id='word_1_376' title='bbox 761 4084 901 4140; x_wconf 85' lang='lat' dir='ltr'>Ambros.</span> <span class='ocrx_word' id='word_1_377' title='bbox 919 4086 945 4150; x_wconf 94' lang='lat' dir='ltr'>l,</span> <span class='ocrx_word' id='word_1_378' title='bbox 969 4082 1057 4138; x_wconf 88' lang='lat' dir='ltr'>babet</span> <span class='ocrx_word' id='word_1_379' title='bbox 1079 4082 1298 4155; x_wconf 78' lang='lat' dir='ltr'>rcpupnaatibus,</span> 
     </span>
     <span class='ocr_line' id='line_1_42' title="bbox 219 4163 1299 4242; baseline -0.001 -21"><span class='ocrx_word' id='word_1_380' title='bbox 219 4164 327 4222; x_wconf 85' lang='lat' dir='ltr'>deinde</span> <span class='ocrx_word' id='word_1_381' title='bbox 344 4168 422 4242; x_wconf 89' lang='lat' dir='ltr'>apud</span> <span class='ocrx_word' id='word_1_382' title='bbox 439 4167 663 4224; x_wconf 89' lang='lat' dir='ltr'>iurisconsultos</span> <span class='ocrx_word' id='word_1_383' title='bbox 680 4167 759 4223; x_wconf 88' lang='lat' dir='ltr'>tertii</span> <span class='ocrx_word' id='word_1_384' title='bbox 779 4168 903 4235; x_wconf 82' lang='lat' dir='ltr'>saeculi3</span> <span class='ocrx_word' id='word_1_385' title='bbox 927 4163 990 4237; x_wconf 83' lang='lat' dir='ltr'>nec,</span> <span class='ocrx_word' id='word_1_386' title='bbox 1008 4167 1033 4223; x_wconf 90' lang='lat' dir='ltr'>si</span> <span class='ocrx_word' id='word_1_387' title='bbox 1053 4166 1198 4223; x_wconf 89' lang='lat' dir='ltr'>diceretur</span> <span class='ocrx_word' id='word_1_388' title='bbox 1215 4164 1299 4224; x_wconf 85' lang='lat' dir='ltr'>Cice-</span> 
     </span>
     <span class='ocr_line' id='line_1_43' title="bbox 217 4249 1298 4327; baseline 0.001 -22"><span class='ocrx_word' id='word_1_389' title='bbox 217 4251 352 4320; x_wconf 81' lang='lat' dir='ltr'>roniana,</span> <span class='ocrx_word' id='word_1_390' title='bbox 374 4260 475 4326; x_wconf 88' lang='lat' dir='ltr'>aptum</span> <span class='ocrx_word' id='word_1_391' title='bbox 499 4262 577 4309; x_wconf 88' lang='lat' dir='ltr'>esset</span> <span class='ocrx_word' id='word_1_392' title='bbox 599 4251 703 4322; x_wconf 91' lang='lat' dir='ltr'>dolori,</span> <span class='ocrx_word' id='word_1_393' title='bbox 727 4253 776 4325; x_wconf 90' lang='lat' dir='ltr'>qui</span> <span class='ocrx_word' id='word_1_394' title='bbox 800 4271 858 4309; x_wconf 89' lang='lat' dir='ltr'>non</span> <span class='ocrx_word' id='word_1_395' title='bbox 880 4252 1078 4327; x_wconf 89' lang='lat' dir='ltr'>improbatur,</span> <span class='ocrx_word' id='word_1_396' title='bbox 1102 4252 1154 4307; x_wconf 88' lang='lat' dir='ltr'>scd</span> <span class='ocrx_word' id='word_1_397' title='bbox 1177 4249 1298 4326; x_wconf 82' lang='lat' dir='ltr'>fugitur.</span> 
     </span>
     <span class='ocr_line' id='line_1_44' title="bbox 219 4336 1303 4413; baseline 0 -21"><span class='ocrx_word' id='word_1_398' title='bbox 219 4337 327 4411; x_wconf 83' lang='lat' dir='ltr'>ltaque</span> <span class='ocrx_word' id='word_1_399' title='bbox 349 4336 422 4393; x_wconf 87' lang='lat' dir='ltr'>haec</span> <span class='ocrx_word' id='word_1_400' title='bbox 444 4356 562 4412; x_wconf 89' lang='lat' dir='ltr'>qnoque</span> <span class='ocrx_word' id='word_1_401' title='bbox 585 4337 685 4408; x_wconf 88' lang='lat' dir='ltr'>verba,</span> <span class='ocrx_word' id='word_1_402' title='bbox 709 4355 775 4394; x_wconf 93' lang='lat' dir='ltr'>cnm</span> <span class='ocrx_word' id='word_1_403' title='bbox 798 4337 1005 4413; x_wconf 87' lang='lat' dir='ltr'>praecedentia</span> <span class='ocrx_word' id='word_1_404' title='bbox 1028 4336 1207 4407; x_wconf 81' lang='lat' dir='ltr'>exciderent,</span> <span class='ocrx_word' id='word_1_405' title='bbox 1234 4354 1303 4410; x_wconf 87' lang='lat' dir='ltr'>per·</span> 
     </span>
    </p>
   </div>
   <div class='ocr_carea' id='block_1_5' title="bbox 1082 4456 1098 4499">
    <p class='ocr_par' dir='ltr' id='par_1_6' title="bbox 1082 4456 1098 4499">
     <span class='ocr_line' id='line_1_45' title="bbox 1082 4456 1098 4499; baseline 0 0"><span class='ocrx_word' id='word_1_406' title='bbox 1082 4456 1098 4499; x_wconf 78' lang='lat'><strong>4</strong></span> 
     </span>
    </p>
   </div>
   <div class='ocr_carea' id='block_1_6' title="bbox 0 0 1520 5086">
    <p class='ocr_par' dir='ltr' id='par_1_7' title="bbox 0 0 1520 5086">
     <span class='ocr_line' id='line_1_46' title="bbox 0 0 1520 5086; baseline 0 1"><span class='ocrx_word' id='word_1_407' title='bbox 0 0 1520 5086; x_wconf 95' lang='lat' dir='ltr'> </span> 
     </span>
    </p>
   </div>
  </div>
 </body>
</html>
