3030 5086
470 503 514 548 ur
539 503 620 549 usu.
644 502 706 550 uus.
728 503 752 548 11
775 503 848 551 cnr.
869 507 909 554 m.
928 503 993 566 (rr.)
1211 489 1276 555 263

194 672 249 752 sit,
277 689 371 753 quem
394 688 476 748 esse,
505 678 540 735 ut
562 689 625 735 non
646 677 783 752 putetur.
827 673 891 744 Ite,
920 672 1005 753 quod
1026 673 1047 754 †
1069 673 1275 739 certissImum

265 828 285 874 1.
305 823 385 887 itaque
404 825 460 887 (pro
479 824 515 873 ito
533 823 606 886 quod)
626 824 649 873 R

193 964 286 1040 apibus
308 966 396 1019 maius
418 965 568 1037 quidquam
590 964 742 1039 (quidpiam
765 982 829 1020 esse
853 964 991 1037 debebat)
1007 967 1123 1038 secerit3
1152 975 1275 1040 certeque

192 1050 283 1105 maliet
315 1050 417 1121 (ructet)
450 1049 565 1106 obtinere
597 1051 748 1105 existimari
780 1049 822 1122 (h.
857 1068 882 1106 e.
916 1049 1071 1124 consequi,
1105 1059 1139 1107 ut
1172 1050 1274 1107 existi-

194 1135 303 1206 metur)
327 1143 382 1191 cet.
921 1187 926 1196 ,

276 1221 319 1274 uir
341 1216 437 1291 bouus)
460 1215 511 1275 Sic
527 1218 616 1276 etiam
629 1217 706 1294 Spir.
720 1214 784 1298 [B],
802 1227 836 1275 ut
851 1218 926 1276 solet
943 1217 1005 1275 fere
1017 1217 1122 1278 Cicero
1140 1219 1271 1277 scribere

193 1303 248 1360 hoc
270 1320 349 1373 casu,
373 1303 541 1377 praeposito
565 1302 781 1379 monosylleb03
811 1303 863 1360 sed
887 1314 985 1360 temen
1008 1305 1091 1362 bouus
1113 1307 1155 1362 uir
1177 1309 1192 1375 ξ
1217 1305 1271 1373 81,

193 1387 393 1458 0ff.111‚76.
438 1388 507 1444 Bes.
530 1387 686 1445 omittebat
704 1391 753 1444 vir.
798 1389 913 1446 Deinde
937 1389 966 1445 in
990 1390 1088 1447 verbis
1111 1400 1213 1446 utnon
1237 1393 1273 1447 eit

194 1483 224 1530 et
251 1483 280 1530 ut
306 1493 358 1529 nau
381 1483 493 1548 putetur
516 1471 609 1531 Gzius
638 1481 667 1530 et
689 1471 761 1531 Otto
789 1484 818 1530 ut
846 1493 899 1549 pro
922 1476 980 1531 licet
1002 1475 1130 1549 positum
1154 1483 1270 1550 putant.
1306 1498 1308 1503 ·

193 1558 333 1616 Rectiore
356 1558 515 1633 prudenter
532 1568 562 1615 et
579 1557 692 1615 erudite
709 1558 809 1615 docuit
822 1558 1052 1636 Wesenbergius
1070 1560 1099 1616 in
1113 1562 1225 1617 Annot.
1243 1559 1274 1618 in

194 1642 254 1703 cic.
268 1644 356 1702 Tusa.
369 1644 528 1718 specimine
546 1643 641 1718 primo
654 1642 793 1719 (Viburgi
808 1643 901 1717 1830)
915 1664 942 1719 p.
957 1645 997 1701 24
1009 1663 1073 1719 sqq.
1118 1645 1159 1704 Ut
1182 1645 1270 1717 enim,

196 1747 261 1786 cnm
290 1729 332 1785 sic
360 1728 466 1785 dicitur
489 1728 537 1802 (de
559 1728 630 1803 imp.
653 1729 757 1803 Pomp.
784 1729 851 1802 19):
880 1729 970 1786 Ruere
997 1731 1044 1787 illa
1074 1749 1125 1787 nou
1149 1742 1273 1805 pacarent,

196 1823 225 1870 ut
247 1815 312 1870 daec
334 1833 385 1869 nou
408 1814 496 1870 eodem
520 1814 654 1886 labefacta
675 1823 747 1869 motu
769 1815 918 1885 concidant,
943 1832 1028 1871 nemo
1051 1815 1176 1886 dubitat,
1202 1815 1273 1891 quin

195 1898 379 1956 necessariae
412 1898 628 1955 consecutionis
658 1898 736 1969 (odric
768 1900 847 1971 dass)
881 1898 1056 1974 significatio
1090 1900 1204 1957 orietur
1236 1919 1273 1958 ex

195 1983 409 2060 significatione
427 1983 505 2040 modi
518 1986 608 2056 (ruere
624 1985 671 2041 ilia
693 2003 745 2039 uon
763 1993 879 2058 possunt
902 1986 952 2041 tali
968 1987 1053 2048 modo,
1078 1996 1174 2042 utnon
1193 1988 1272 2059 cet),

195 2088 231 2125 ex
255 2067 313 2143 qu'o
335 2087 443 2145 genere
471 2078 516 2125 est
538 2068 625 2139 illud,
656 2067 733 2142 quod
758 2068 834 2126 inira
856 2070 912 2138 IV,
937 2070 975 2126 29
1005 2070 1128 2144 legitur:
1160 2070 1217 2128 Seu
1244 2072 1275 2128 id

195 2174 227 2210 ue
248 2157 361 2227 coqitari
381 2155 489 2228 quidem
507 2163 610 2229 potest,
641 2155 721 2227 quale
742 2159 791 2223 eit,
821 2164 850 2211 ut
877 2174 929 2211 uon
950 2166 1079 2230 repuquet
1101 2159 1189 2230 ipsum
1210 2157 1271 2224 eibi,

195 2239 250 2296 etsi
273 2239 314 2296 ibi
338 2258 395 2295 non
419 2246 479 2295 tem
502 2239 670 2295 consecutio
694 2238 854 2307 iudicatur,
886 2257 973 2314 quam
1002 2240 1072 2313 quid
1101 2239 1130 2296 in
1154 2240 1219 2315 ipsa
1241 2259 1273 2297 re

196 2325 361 2393 inhaeream
396 2324 466 2380 item
495 2325 530 2380 de
554 2323 621 2380 eliis
644 2323 786 2381 orationis
809 2323 911 2383 formis
934 2325 1121 2382 iudicandum
1151 2335 1208 2385 est.
1242 2325 1273 2381 in

196 2410 302 2483 quibus
336 2410 390 2465 hac
423 2408 569 2485 particule
602 2409 798 2484 significetur,
832 2429 890 2483 quo
927 2410 1042 2467 adiecto
1072 2420 1123 2466 aut
1151 2408 1272 2468 excluso

195 2494 307 2568 aliquid
336 2504 432 2550 mente
455 2494 678 2569 concipiendum
702 2495 753 2564 sit,
783 2504 815 2551 ut
843 2495 873 2551 in
902 2494 953 2551 illo
974 2494 1071 2552 Laelii
1094 2495 1158 2552 loco
1182 2499 1196 2565 ξ
1217 2494 1272 2552 52:

201 2579 268 2648 Quis
289 2589 343 2649 cet,
366 2583 415 2654 qui
435 2581 511 2649 velit,
539 2589 568 2636 ut
590 2573 674 2653 rre'que
695 2581 791 2653 diliqat
812 2598 973 2654 quemquam
1002 2599 1048 2636 uec
1076 2583 1134 2656 ipse
1161 2581 1196 2637 ab
1217 2582 1273 2638 ullo

196 2667 337 2738 ditiqatur,
366 2667 547 2738 circumfluere
574 2666 694 2721 ammius
716 2668 812 2739 capiis,
841 2665 897 2722 hoc
919 2674 977 2736 eet,
1006 2682 1041 2722 eo
1071 2666 1157 2723 modo
1180 2683 1273 2740 eaque

196 2750 269 2826 lege.
293 2758 324 2806 ut
346 2759 401 2806 cet.
446 2749 508 2808 cfr.
523 2751 611 2807 Tusc.
625 2751 650 2821 Ι,
665 2751 714 2807 23.
748 2750 850 2806 Livius
873 2750 962 2806 etiam
985 2750 1087 2808 durius
1109 2750 1152 2807 sic
1175 2750 1274 2826 posuit

196 2845 297 2891 utnon
320 2835 356 2890 de
380 2835 475 2902 modo,
499 2844 531 2892 ut
553 2854 674 2911 prorsus
696 2834 833 2891 substitui
858 2835 950 2909 possit
966 2838 1019 2892 m'si
1037 2836 1073 2892 de
1091 2835 1272 2906 condicione,

196 2920 349 2987 XXVIII,
360 2921 407 2991 13,
419 2922 444 2976 1:
462 2940 546 2995 neque
558 2922 687 2978 Romanis
699 2920 842 2992 leqiom'bue
855 2930 946 2976 tautae
962 2940 990 2977 ec
1002 2940 1098 2995 parem
1108 2923 1173 2993 sare
1184 2922 1272 2977 multi·

198 3007 285 3062 tudini
306 3016 396 3073 ratus,
425 3016 460 3062 ut
487 3026 549 3062 nou
576 3009 603 3061 iu
632 3007 743 3079 speciem
771 3007 865 3061 saltem
893 3015 1068 3080 opponeretur
1095 3005 1273 3062 barbarorum

197 3093 309 3146 auritio.
343 3093 443 3165 Atque
464 3092 532 3147 hinc
551 3101 637 3146 natus
656 3099 700 3146 est
716 3091 905 3147 concessivae
924 3090 1085 3164 particulae
1103 3108 1182 3160 usus,
1206 3107 1271 3146 cum

197 3175 281 3232 initio
304 3176 346 3233 sic
369 3177 524 3246 diceretur,
549 3193 636 3250 posse
659 3176 770 3248 aliquid
794 3176 836 3231 ite
858 3175 915 3231 dici
939 3174 1049 3245 fierive,
1073 3184 1105 3231 ut
1122 3174 1202 3231 eliud
1220 3174 1273 3231 ali·

197 3261 267 3334 quid
290 3261 378 3318 simul
401 3272 451 3317 aut
473 3262 555 3317 fieret
578 3269 628 3317 eut
651 3260 713 3316 fieri
738 3279 794 3316 non
813 3279 887 3334 opus
904 3269 991 3329 esset,
1014 3260 1156 3335 paulatim
1175 3270 1272 3316 autem

198 3364 317 3420 prorsus
347 3347 552 3403 obscuraretur
580 3346 660 3402 modi
683 3345 866 3420 significatio.
912 3345 1017 3420 Itaque
1039 3346 1077 3403 eb
1100 3346 1201 3403 eodem
1224 3362 1272 3402 ca·

198 3431 258 3506 pite
282 3431 369 3489 etiem
394 3432 442 3488 ille
465 3449 536 3487 usus
560 3430 697 3490 manavit„
721 3448 786 3486 cum
811 3449 869 3488 non
887 3431 1058 3488 conceditur
1076 3431 1197 3505 aliquid,
1221 3430 1273 3488 sed
1311 3467 1313 3471 »

197 3516 323 3573 sumitur
345 3526 373 3573 et
396 3535 458 3573 esse
481 3525 603 3590 putetur
625 3516 653 3571 in
677 3514 843 3584 iudicando,
868 3515 950 3572 velut
972 3516 1020 3573 hic
1044 3518 1079 3585 tx
1099 3517 1153 3572 82:
1177 3526 1204 3571 ut
1227 3535 1272 3572 sa·

192 3604 272 3677 pierre
293 3606 392 3677 suerit,
427 3620 479 3677 pro
504 3602 622 3674 Quinct.
646 3601 700 3657 79:
734 3611 763 3657 ut
795 3605 886 3657 statim
916 3602 950 3657 de
977 3605 1034 3657 iure
1056 3604 1155 3674 adquis
1177 3619 1272 3657 cucur·

196 3691 271 3744 ruit.
316 3689 361 3744 Ne
389 3687 418 3743 in
447 3705 482 3742 eo
512 3686 645 3760 quidem,
674 3687 752 3760 quod
780 3686 888 3762 legitur
910 3686 939 3756 Ι,
965 3687 1004 3743 65
1029 3688 1069 3759 (ut
1091 3688 1129 3742 ad
1153 3685 1272 3743 Orestam

194 3776 336 3847 peruenias
359 3772 437 3843 cet),
461 3782 490 3828 ut
512 3771 598 3828 aliter
621 3771 823 3846 accipiendum
847 3781 906 3841 est3
934 3771 1090 3845 (eiusmodi
1112 3770 1272 3847 investiga-

198 3857 287 3927 tione,
311 3867 342 3913 ut
364 3858 440 3929 cet).

282 3944 355 4016 quod
376 3943 551 3998 certissimum
572 3941 624 4016 est)
649 3941 714 3997 Hoc
738 3941 908 3998 mendosum
932 3959 1010 4007 esse,
1039 3958 1141 3997 omnes
1164 3939 1272 3996 iudea

197 4028 252 4085 Th.
266 4026 401 4084 Bentleio
418 4026 606 4083 consentiunt
622 4035 740 4101 praeter
752 4023 874 4096 Gzium3
897 4025 1079 4101 ineptissime
1093 4024 1185 4093 enirn,
1205 4042 1271 4086 cum

197 4112 308 4187 aliquid
336 4112 521 4169 concluditur
548 4120 577 4168 et
605 4110 783 4181 affirmetur,
817 4111 935 4167 additur
962 4119 1111 4185 tamquam
1139 4110 1271 4167 animad-

197 4197 331 4254 versione
354 4198 488 4273 dignum,
517 4198 572 4254 hoe
594 4197 706 4271 ipsum,
730 4196 808 4270 quod
832 4195 1037 4266 concludetur,
1061 4204 1173 4252 eertum
1196 4213 1270 4255 esse.

196 4282 280 4339 Nihil
302 4282 344 4339 sic
367 4283 434 4339 eddi
458 4291 564 4358 potest,
587 4282 644 4338 nisi
667 4281 746 4355 quod
769 4280 907 4338 iudicium
926 4281 1075 4338 contineat
1091 4280 1127 4337 de
1144 4279 1209 4354 ipsa
1229 4298 1270 4338 re.

196 4367 408 4443 (Inelegentem
422 4368 627 4444 repetitionem
641 4366 780 4424 adiectivi
797 4366 927 4423 eiusdem
945 4375 974 4422 et
990 4364 1123 4423 adverbii
1141 4365 1273 4441 cognati:

196 4462 325 4527 certeque,
343 4457 528 4522 certissimum,
545 4463 671 4527 certaque
690 4470 749 4510 non
766 4452 909 4524 numero.)
943 4451 993 4508 Ad
1009 4450 1185 4510 sententiam
1202 4460 1273 4527 apta
