3030 5086
411 488 454 532 eu
477 485 558 532 meu.
581 486 643 530 urs.
669 487 689 532 v
711 485 784 530 cnr.
804 488 843 532 ee.
859 484 991 543 (se-ss.)
1173 464 1235 529 757

163 655 301 733 allectus
324 654 403 733 exul,
427 654 538 732 orbus,
561 671 670 735 egene,
693 660 877 733 torqueatur
898 651 1018 729 eculeo;
1040 670 1133 731 quem
1154 649 1237 714 hunc

163 756 314 837 appellus,
325 756 430 819 Zeno?
451 756 594 832 Beatum,
605 755 713 836 inquit.
736 754 839 818 Etiam
850 753 1084 818 beatissimum?
1103 752 1236 833 Quppe,

162 857 296 938 inquiet,
323 875 393 921 cum
415 864 480 920 tam
502 857 661 921 docuerim
683 856 801 936 gradus
829 856 921 920 istam
947 874 1014 919 rem
1035 872 1098 920 nou
1120 853 1237 918 habere

162 978 256 1039 quam
279 959 439 1037 virtutem,
467 959 498 1021 in
527 976 590 1038 qua
612 957 654 1021 sit
674 957 775 1038 ipsum
798 958 892 1022 etiam
914 957 1048 1022 beatum.
1095 957 1145 1021 85.
1168 955 1238 1020 Tibi

162 1058 221 1124 hoc
242 1060 433 1138 incredibile,
461 1061 543 1141 quod
573 1059 801 1138 beatissimum
829 1058 928 1141 quid?
956 1067 1043 1122 tuum
1070 1055 1276 1123 credibilelb

163 1161 196 1226 Si
218 1161 297 1225 enim
321 1162 363 1225 ad
385 1162 535 1241 populum
558 1179 736 1238 merome,
764 1179 849 1239 eum,
878 1160 931 1242 qui
957 1160 1001 1223 ita
1029 1159 1071 1224 sit
1096 1158 1236 1237 affectus,

163 1262 287 1327 beatum
311 1280 381 1326 esse
402 1281 571 1342 numquam
593 1260 756 1341 probabis;
784 1262 811 1325 si
833 1262 874 1325 ad
896 1261 1082 1340 prudentes,
1104 1260 1237 1324 alterum

162 1364 298 1428 tortasse
320 1364 513 1441 dubitabunt,
535 1364 616 1427 sitne
637 1371 758 1427 tanturn
780 1363 812 1426 in
835 1363 964 1441 virtute,
987 1370 1022 1425 ut
1043 1380 1081 1426 ee
1102 1361 1238 1441 praediti

162 1465 213 1530 vel
234 1466 263 1528 iu
287 1464 463 1530 Phalaridis
485 1472 577 1529 tauro
600 1464 682 1529 beuti
705 1464 780 1543 siut;
802 1464 937 1528 alterum
960 1482 1020 1526 uou
1041 1462 1238 1540 dubitabunt,

236 1709 254 1749 l.
274 1701 357 1751 aculeo
376 1703 404 1750 E.
442 1707 465 1752 3.
484 1711 534 1751 tum
552 1718 600 1752 orn.
620 1703 643 1750 E
662 1701 716 1751 dum
735 1703 755 1750 P
791 1708 814 1752 4.
833 1701 903 1750 dium
922 1701 996 1766 sperem
1016 1701 1083 1750 ch
1107 1709 1163 1750 tunc
1181 1701 1239 1766 (pro

162 1770 214 1834 tibi)
234 1771 253 1818 P
307 1777 329 1818 5.
350 1770 414 1833 quod
436 1770 593 1819 beatmsimum
617 1785 665 1818 om.
690 1771 711 1818 1,
735 1770 793 1835 quia
815 1769 971 1819 beatismm
997 1768 1133 1819 EPcltOr.
1179 1770 1239 1817 Post

117 1867 122 1874 ·
162 1838 272 1888 credibile
295 1840 353 1888 edd.
375 1838 433 1902 quio
451 1839 609 1887 brevissimum
628 1838 649 1886 L
703 1844 724 1889 8,
744 1839 775 1887 sit
797 1839 872 1887 r'taR
926 1843 1017 1907 besee
1035 1852 1083 1888 om.
1104 1836 1237 1888 LPCROr.

163 1912 186 1957 8.
206 1906 343 1955 dubitabunt
353 1907 504 1970 sortaeeeC
541 1912 562 1956 9.
582 1904 739 1956 Plutarch
774 1907 868 1955 eones

163 2130 370 2205 cogitationem
396 2132 524 2187 Zenonis
547 2132 620 2188 hose
642 2132 741 2188 omnia
763 2130 977 2188 contemnentis
999 2131 1121 2200 avertit,
1150 2140 1182 2185 ut
1209 2131 1238 2185 in

163 2214 223 2271 illis
246 2215 378 2271 demum:
407 2216 467 2272 Tibi
488 2218 536 2273 boc
558 2227 613 2273 cet.
636 2216 673 2272 ad
696 2217 830 2290 superius
853 2215 926 2272 illud
948 2216 1058 2272 redeat.

254 2299 367 2374 Quippe.
390 2305 499 2374 inquiet,
522 2321 581 2358 curn
604 2311 658 2358 tem
680 2302 829 2376 docuerim)
856 2301 967 2376 Quippe,
984 2320 1041 2357 non
1060 2318 1126 2357 cum
1144 2301 1239 2357 ironis

162 2385 321 2440 aZenone
344 2385 417 2446 dici,
446 2386 529 2458 qussi
560 2404 591 2442 se
619 2387 682 2461 ipse
705 2386 841 2456 irrideat,
871 2386 921 2442 sed
945 2405 1009 2442 cum
1033 2386 1237 2453 affirmatione,

163 2478 196 2525 ut
212 2487 305 2543 paene
324 2469 454 2539 miretur,
478 2471 606 2527 dubiteri
624 2471 765 2546 potuisse,
788 2470 856 2530 Gzii
874 2480 904 2527 et
921 2471 1041 2528 Ottouis
1057 2489 1147 2528 causa
1163 2471 1238 2529 dico.

167 2555 233 2610 Yam
246 2554 354 2610 omittit
367 2555 455 2612 etiam
468 2556 546 2630 Spir.
559 2553 630 2635 [B];
654 2555 733 2614 Gud.
749 2559 763 2612 1
778 2559 823 2629 (ut
835 2557 872 2626 P)
884 2557 962 2624 ‹ium3
988 2556 1066 2614 Gud.
1082 2561 1098 2613 2
1113 2576 1166 2631 pro
1178 2576 1239 2613 cum

163 2648 217 2694 tam
235 2640 369 2695 docuerim
386 2640 474 2697 hebet
491 2641 529 2697 dr‘r
540 2641 657 2708 (licium,
676 2652 706 2696 et
721 2641 751 2698 in
769 2642 901 2717 margine
919 2644 1013 2699 nescio.
1047 2642 1146 2698 Minus
1158 2654 1238 2698 recto

162 2723 228 2779 loco
251 2724 371 2798 ponitur
393 2735 462 2794 icen,
492 2727 590 2784 verius
612 2727 689 2783 euim
713 2737 791 2785 eret:
813 2745 873 2783 cuns
895 2728 953 2783 doc.
977 2737 1031 2783 tem
1053 2730 1096 2783 iet.
1120 2747 1175 2784 reni
1195 2747 1237 2801 pr.

164 2808 223 2866 Sed
241 2818 337 2864 tauron
357 2809 404 2865 hic
421 2821 476 2866 inm
494 2811 595 2867 horum
616 2812 749 2868 codicum
766 2811 941 2869 auctoritate
959 2812 1071 2879 tollere,
1089 2820 1121 2868 ut
1132 2813 1238 2869 deinde

162 2903 266 2950 contra
288 2912 390 2950 omnes
412 2896 537 2951 addatur
553 2900 640 2969 inopie
657 2898 774 2969 (prodes
796 2900 876 2953 istum
899 2917 953 2954 rem
970 2916 1021 2952 non
1038 2900 1126 2970 inopie
1143 2898 1240 2954 babere

163 2997 245 3051 quent
258 2982 401 3050 neruum),
420 2999 477 3036 non
491 2981 594 3037 audeo.
628 2984 723 3057 [petent
739 2985 817 3039 etiem
834 3000 888 3057 pro
901 2985 979 3037 etium
995 2984 1084 3055 ipsum
1095 2981 1189 3040 Gzius
1201 3001 1239 3039 ex

162 3062 292 3137 quinque
315 3064 385 3122 suia.
434 3066 526 3139 Ipsum
549 3067 652 3122 beatum
670 3077 715 3122 est
730 3069 792 3142 ipso
811 3067 899 3140 (quae
916 3066 1021 3123 Latine
1045 3085 1103 3124 uon
1122 3067 1239 3124 diceba·

163 3156 222 3220 tur)
245 3149 496 3218 boeticum-recte
519 3150 613 3209 Gzius
635 3161 787 3226 comparat
809 3152 897 3207 Tusc.
920 3152 958 3219 V,
982 3152 1031 3207 45.

249 3234 297 3290 85.
322 3238 388 3307 quio
410 3233 468 3310 [sic
491 3234 648 3313 edebatur]
671 3237 863 3306 beatissimum)
886 3237 955 3310 quia
967 3237 1048 3293 Zeno
1067 3255 1125 3292 non
1142 3237 1237 3294 solum

162 3318 296 3386 beatum,
327 3320 378 3376 sed
406 3320 494 3377 etiem
519 3321 720 3378 beatissimum
744 3322 905 3397 sapientem
929 3323 972 3378 ita
994 3319 1131 3378 affectum
1155 3323 1237 3381 dicit.

164 3401 310 3475 Quoniam
334 3421 391 3460 non
412 3416 524 3462 tantum
544 3416 665 3482 propter
682 3407 737 3463 hoe
753 3406 935 3463 incredibilis
947 3405 1075 3463 Zenonis
1092 3408 1240 3464 sententia

163 3496 222 3555 est,
251 3488 301 3544 sed
332 3489 388 3545 hoc
416 3491 510 3565 ipsum
539 3492 569 3547 in
597 3491 650 3547 ille
672 3492 817 3549 sententia
841 3492 1013 3548 incredibile
1036 3502 1095 3561 est,
1123 3501 1240 3568 poterat

163 3570 267 3630 Cicero
291 3575 419 3631 scribere
442 3586 472 3631 et
494 3577 661 3652 scripsisset
681 3577 808 3633 sortasse
830 3577 954 3634 rectius:
976 3578 1141 3643 incredibile,
1165 3579 1240 3652 quod

163 3658 340 3714 beatissimum
369 3661 479 3731 (dicit),
509 3670 624 3736 poterat
653 3663 757 3728 etiam,
787 3673 820 3718 ut
849 3662 991 3718 Davisius
1019 3662 1152 3731 volebat,
1181 3662 1239 3719 ita:

165 3743 227 3800 Tibi
248 3745 296 3800 boc
317 3747 478 3809 incredibile,
503 3747 690 3812 beatiammum,
713 3756 747 3804 ut
768 3746 797 3802 in
821 3766 857 3803 ea
878 3766 938 3804 una
959 3765 1032 3804 voce
1055 3765 1092 3803 ex
1110 3748 1238 3805 Zenonis

161 3829 259 3885 verbis
282 3842 406 3905 excepta
429 3831 576 3888 sententia
595 3832 824 3908 significaretur3
846 3822 898 3889 sed
920 3850 973 3889 cur
995 3842 1123 3889 mutetur
1146 3832 1240 3907 scrip·

161 3925 241 3982 tura,
271 3932 359 3970 cause
387 3916 468 3972 nullo
490 3926 544 3974 est.
591 3915 665 3994 [Sed
689 3935 766 3974 nuuc
789 3918 814 3974 B
841 3917 871 3973 id
899 3917 994 3992 ipsum
1023 3919 1098 3991 quod
1120 3917 1237 3988 obtulit,

160 4000 312 4074 scriptum,
336 4012 368 4056 ut
390 4002 474 4071 solet,
498 3999 590 4079 quid]
630 4002 726 4060 Paulo
749 4012 816 4077 post
838 4003 942 4059 beatum
964 4022 1021 4059 esee
1043 4002 1132 4060 etiam
1156 4001 1236 4078 Spir.

159 4080 228 4163 [B];
253 4086 368 4141 codices
391 4087 552 4144 deteriores
574 4096 604 4143 et
622 4087 766 4144 editiones
785 4089 907 4144 verbum
930 4088 1078 4145 omittunt.
1113 4088 1238 4145 Etiamsi

159 4170 275 4226 codices
304 4171 439 4227 meliores
467 4182 603 4228 auctores
631 4192 688 4230 non
718 4173 870 4240 haberem,
899 4173 1063 4230 dubitarem
1092 4173 1236 4244 nonnihil,

159 4274 196 4311 an
219 4256 256 4311 ed
281 4257 355 4312 hanc
378 4256 572 4313 locutionem:
597 4259 683 4332 probo
711 4259 780 4315 burne
808 4258 912 4315 beatum
940 4255 1154 4315 defendendam
1178 4277 1236 4315 non

159 4339 317 4406 sufficeret,
341 4342 419 4413 quod
443 4347 457 4411 ς
482 4343 521 4400 88
546 4343 667 4419 legitur:
691 4346 794 4401 Metelli
813 4347 896 4400 rutum
917 4353 997 4416 nepot
1019 4344 1170 4401 beatiorem.
