<?xml version="1.0" encoding="UTF-8"?>
<!DOCTYPE html PUBLIC "-//W3C//DTD XHTML 1.0 Transitional//EN"
    "http://www.w3.org/TR/xhtml1/DTD/xhtml1-transitional.dtd">
<html xmlns="http://www.w3.org/1999/xhtml" xml:lang="en" lang="en">
 <head>
  <title>
</title>
<meta http-equiv="Content-Type" content="text/html;charset=utf-8" />
  <meta name='ocr-system' content='tesseract 3.04.00' />
  <meta name='ocr-capabilities' content='ocr_page ocr_carea ocr_par ocr_line ocrx_word'/>
</head>
<body>
  <div class='ocr_page' id='page_1' title='image "./mtulliiciceroni35cicegoog/mtulliiciceroni35cicegoog_0263.png"; bbox 0 0 3030 5086; ppageno 0'>
   <div class='ocr_carea' id='block_1_1' title="bbox 256 488 935 554">
    <p class='ocr_par' dir='ltr' id='par_1_1' title="bbox 256 488 935 554">
     <span class='ocr_line' id='line_1_1' title="bbox 256 488 935 554; baseline 0 -3"><span class='ocrx_word' id='word_1_1' title='bbox 256 488 315 554; x_wconf 81' lang='lat'>162</span> <span class='ocrx_word' id='word_1_2' title='bbox 643 506 687 551; x_wconf 83' lang='lat' dir='ltr'>nn</span> <span class='ocrx_word' id='word_1_3' title='bbox 711 504 841 553; x_wconf 73' lang='lat' dir='ltr'>mausus</span> <span class='ocrx_word' id='word_1_4' title='bbox 864 505 935 551; x_wconf 78' lang='lat' dir='ltr'>sors.</span> 
     </span>
    </p>
   </div>
   <div class='ocr_carea' id='block_1_2' title="bbox 214 672 1331 1262">
    <p class='ocr_par' dir='ltr' id='par_1_2' title="bbox 214 672 1331 1262">
     <span class='ocr_line' id='line_1_2' title="bbox 253 672 1331 755; baseline -0.003 -16"><span class='ocrx_word' id='word_1_5' title='bbox 253 675 421 753; x_wconf 90' lang='lat' dir='ltr'>hibetur,</span> <span class='ocrx_word' id='word_1_6' title='bbox 450 677 538 755; x_wconf 89' lang='lat' dir='ltr'>quia</span> <span class='ocrx_word' id='word_1_7' title='bbox 566 675 612 739; x_wconf 92' lang='lat' dir='ltr'>de</span> <span class='ocrx_word' id='word_1_8' title='bbox 641 684 780 738; x_wconf 88' lang='lat' dir='ltr'>ustura</span> <span class='ocrx_word' id='word_1_9' title='bbox 807 673 921 738; x_wconf 88' lang='lat' dir='ltr'>nimis</span> <span class='ocrx_word' id='word_1_10' title='bbox 949 672 1114 738; x_wconf 84' lang='lat' dir='ltr'><strong>obscure</strong></span> <span class='ocrx_word' id='word_1_11' title='bbox 1144 689 1331 737; x_wconf 88' lang='lat' dir='ltr'>memora-</span> 
     </span>
     <span class='ocr_line' id='line_1_3' title="bbox 253 772 1331 854; baseline -0.003 -15"><span class='ocrx_word' id='word_1_12' title='bbox 253 776 316 854; x_wconf 89' lang='lat' dir='ltr'>vit,</span> <span class='ocrx_word' id='word_1_13' title='bbox 339 785 394 840; x_wconf 86' lang='lat' dir='ltr'>aut</span> <span class='ocrx_word' id='word_1_14' title='bbox 415 794 484 840; x_wconf 91' lang='lat' dir='ltr'>curn</span> <span class='ocrx_word' id='word_1_15' title='bbox 503 795 607 840; x_wconf 89' lang='lat' dir='ltr'>rerum</span> <span class='ocrx_word' id='word_1_16' title='bbox 625 775 810 852; x_wconf 87' lang='lat' dir='ltr'>obscuritas,</span> <span class='ocrx_word' id='word_1_17' title='bbox 833 794 895 840; x_wconf 90' lang='lat' dir='ltr'>non</span> <span class='ocrx_word' id='word_1_18' title='bbox 912 775 1086 853; x_wconf 86' lang='lat' dir='ltr'>uerborum,</span> <span class='ocrx_word' id='word_1_19' title='bbox 1108 772 1192 851; x_wconf 83' lang='lat' dir='ltr'>facit,</span> <span class='ocrx_word' id='word_1_20' title='bbox 1214 782 1331 837; x_wconf 89' lang='lat' dir='ltr'>utnon</span> 
     </span>
     <span class='ocr_line' id='line_1_4' title="bbox 252 875 1330 960; baseline -0.002 -19"><span class='ocrx_word' id='word_1_21' title='bbox 252 877 450 959; x_wconf 77' lang='lat' dir='ltr'>intellegatur</span> <span class='ocrx_word' id='word_1_22' title='bbox 472 878 583 956; x_wconf 89' lang='lat' dir='ltr'>oratio,</span> <span class='ocrx_word' id='word_1_23' title='bbox 607 877 707 960; x_wconf 88' lang='lat' dir='ltr'>qualis</span> <span class='ocrx_word' id='word_1_24' title='bbox 730 888 778 943; x_wconf 88' lang='lat' dir='ltr'>ost</span> <span class='ocrx_word' id='word_1_25' title='bbox 799 879 830 942; x_wconf 91' lang='lat' dir='ltr'>in</span> <span class='ocrx_word' id='word_1_26' title='bbox 853 877 981 941; x_wconf 87' lang='lat' dir='ltr'>Timaeo</span> <span class='ocrx_word' id='word_1_27' title='bbox 993 876 1141 940; x_wconf 87' lang='lat' dir='ltr'>Platonis.</span> <span class='ocrx_word' id='word_1_28' title='bbox 1174 875 1330 956; x_wconf 80' lang='lat' dir='ltr'>Epicurus</span> 
     </span>
     <span class='ocr_line' id='line_1_5' title="bbox 252 978 1331 1060; baseline -0.002 -17"><span class='ocrx_word' id='word_1_29' title='bbox 252 986 370 1058; x_wconf 85' lang='lat' dir='ltr'>autern,</span> <span class='ocrx_word' id='word_1_30' title='bbox 394 987 429 1043; x_wconf 91' lang='lat' dir='ltr'>ut</span> <span class='ocrx_word' id='word_1_31' title='bbox 451 980 576 1060; x_wconf 83' lang='lat' dir='ltr'>opinor,</span> <span class='ocrx_word' id='word_1_32' title='bbox 599 998 655 1044; x_wconf 92' lang='lat' dir='ltr'>nec</span> <span class='ocrx_word' id='word_1_33' title='bbox 678 998 738 1043; x_wconf 91' lang='lat' dir='ltr'>non</span> <span class='ocrx_word' id='word_1_34' title='bbox 762 980 841 1058; x_wconf 87' lang='lat' dir='ltr'>vult,</span> <span class='ocrx_word' id='word_1_35' title='bbox 864 980 890 1044; x_wconf 92' lang='lat' dir='ltr'>si</span> <span class='ocrx_word' id='word_1_36' title='bbox 912 979 1028 1060; x_wconf 82' lang='lat' dir='ltr'>possit,</span> <span class='ocrx_word' id='word_1_37' title='bbox 1050 978 1144 1058; x_wconf 90' lang='lat' dir='ltr'>plane</span> <span class='ocrx_word' id='word_1_38' title='bbox 1166 984 1198 1043; x_wconf 88' lang='lat' dir='ltr'>et</span> <span class='ocrx_word' id='word_1_39' title='bbox 1218 986 1331 1058; x_wconf 83' lang='lat' dir='ltr'>aperte</span> 
     </span>
     <span class='ocr_line' id='line_1_6' title="bbox 214 1080 1330 1164; baseline -0.003 -18"><span class='ocrx_word' id='word_1_40' title='bbox 214 1081 346 1161; x_wconf 65' lang='lat' dir='ltr'>dloqui,</span> <span class='ocrx_word' id='word_1_41' title='bbox 370 1099 427 1145; x_wconf 88' lang='lat' dir='ltr'>nec</span> <span class='ocrx_word' id='word_1_42' title='bbox 447 1082 487 1145; x_wconf 89' lang='lat' dir='ltr'>de</span> <span class='ocrx_word' id='word_1_43' title='bbox 510 1101 544 1145; x_wconf 87' lang='lat' dir='ltr'>re</span> <span class='ocrx_word' id='word_1_44' title='bbox 566 1081 708 1160; x_wconf 87' lang='lat' dir='ltr'>obscura,</span> <span class='ocrx_word' id='word_1_45' title='bbox 730 1090 765 1145; x_wconf 90' lang='lat' dir='ltr'>ut</span> <span class='ocrx_word' id='word_1_46' title='bbox 782 1081 910 1164; x_wconf 80' lang='lat' dir='ltr'>physici,</span> <span class='ocrx_word' id='word_1_47' title='bbox 932 1089 988 1145; x_wconf 90' lang='lat' dir='ltr'>aut</span> <span class='ocrx_word' id='word_1_48' title='bbox 1004 1080 1183 1157; x_wconf 86' lang='lat' dir='ltr'>artificiosa,</span> <span class='ocrx_word' id='word_1_49' title='bbox 1206 1088 1241 1143; x_wconf 87' lang='lat' dir='ltr'>ut</span> <span class='ocrx_word' id='word_1_50' title='bbox 1262 1097 1330 1143; x_wconf 82' lang='lat' dir='ltr'>ma·</span> 
     </span>
     <span class='ocr_line' id='line_1_7' title="bbox 253 1181 1330 1262; baseline -0.002 -16"><span class='ocrx_word' id='word_1_51' title='bbox 253 1181 424 1260; x_wconf 87' lang='lat' dir='ltr'>thematioi,</span> <span class='ocrx_word' id='word_1_52' title='bbox 452 1183 508 1247; x_wconf 89' lang='lat' dir='ltr'>sed</span> <span class='ocrx_word' id='word_1_53' title='bbox 536 1183 576 1248; x_wconf 94' lang='lat' dir='ltr'>de</span> <span class='ocrx_word' id='word_1_54' title='bbox 597 1183 710 1247; x_wconf 76' lang='lat' dir='ltr'>illustri</span> <span class='ocrx_word' id='word_1_55' title='bbox 737 1190 769 1248; x_wconf 91' lang='lat' dir='ltr'>et</span> <span class='ocrx_word' id='word_1_56' title='bbox 789 1182 869 1248; x_wconf 84' lang='lat' dir='ltr'>facili</span> <span class='ocrx_word' id='word_1_57' title='bbox 893 1192 924 1247; x_wconf 88' lang='lat' dir='ltr'>et</span> <span class='ocrx_word' id='word_1_58' title='bbox 945 1183 1005 1246; x_wconf 88' lang='lat' dir='ltr'>iam</span> <span class='ocrx_word' id='word_1_59' title='bbox 1027 1182 1059 1246; x_wconf 92' lang='lat' dir='ltr'>iu</span> <span class='ocrx_word' id='word_1_60' title='bbox 1083 1182 1193 1262; x_wconf 85' lang='lat' dir='ltr'>vulgus</span> <span class='ocrx_word' id='word_1_61' title='bbox 1215 1197 1330 1262; x_wconf 74' lang='lat' dir='ltr'>perua-</span> 
     </span>
    </p>
   </div>
   <div class='ocr_carea' id='block_1_3' title="bbox 254 1383 1330 1520">
    <p class='ocr_par' dir='ltr' id='par_1_3' title="bbox 254 1383 1330 1520">
     <span class='ocr_line' id='line_1_8' title="bbox 322 1383 1330 1453; baseline -0.003 -19"><span class='ocrx_word' id='word_1_62' title='bbox 322 1392 337 1434; x_wconf 78' lang='lat'><strong>3</strong></span> <span class='ocrx_word' id='word_1_63' title='bbox 370 1385 484 1451; x_wconf 77' lang='lat' dir='ltr'>[Platona</span> <span class='ocrx_word' id='word_1_64' title='bbox 503 1387 536 1453; x_wconf 82' lang='grc' dir='ltr'>Α]</span> <span class='ocrx_word' id='word_1_65' title='bbox 592 1393 613 1435; x_wconf 79' lang='grc'>4,</span> <span class='ocrx_word' id='word_1_66' title='bbox 638 1404 679 1436; x_wconf 84' lang='lat' dir='ltr'>aee</span> <span class='ocrx_word' id='word_1_67' title='bbox 697 1386 784 1436; x_wconf 59' lang='lat' dir='ltr'>sultis</span> <span class='ocrx_word' id='word_1_68' title='bbox 819 1396 841 1436; x_wconf 83' lang='lat' dir='ltr'>et</span> <span class='ocrx_word' id='word_1_69' title='bbox 858 1387 952 1451; x_wconf 81' lang='lat' dir='ltr'>apleC</span> <span class='ocrx_word' id='word_1_70' title='bbox 1006 1391 1028 1437; x_wconf 77' lang='grc'>5.</span> <span class='ocrx_word' id='word_1_71' title='bbox 1053 1403 1095 1437; x_wconf 82' lang='lat' dir='ltr'>nee</span> <span class='ocrx_word' id='word_1_72' title='bbox 1112 1385 1143 1435; x_wconf 84' lang='lat' dir='ltr'>de</span> <span class='ocrx_word' id='word_1_73' title='bbox 1161 1387 1218 1450; x_wconf 88' lang='lat' dir='ltr'>(pro</span> <span class='ocrx_word' id='word_1_74' title='bbox 1236 1383 1330 1448; x_wconf 64' lang='lat' dir='ltr'>airola</span> 
     </span>
     <span class='ocr_line' id='line_1_9' title="bbox 254 1454 913 1520; baseline 0.005 -18"><span class='ocrx_word' id='word_1_75' title='bbox 254 1454 453 1519; x_wconf 57' lang='lat' dir='ltr'>&amp;facilioribus</span> <span class='ocrx_word' id='word_1_76' title='bbox 471 1456 495 1503; x_wconf 83' lang='lat' dir='ltr'>ia</span> <span class='ocrx_word' id='word_1_77' title='bbox 513 1471 600 1506; x_wconf 80' lang='lat' dir='ltr'>omues</span> <span class='ocrx_word' id='word_1_78' title='bbox 632 1454 775 1520; x_wconf 53' lang='lat' dir='ltr'>pervehere</span> <span class='ocrx_word' id='word_1_79' title='bbox 794 1455 913 1507; x_wconf 84' lang='lat' dir='ltr'>LPMCR</span> 
     </span>
    </p>
   </div>
   <div class='ocr_carea' id='block_1_4' title="bbox 250 1645 1339 4532">
    <p class='ocr_par' dir='ltr' id='par_1_4' title="bbox 250 1645 1333 2998">
     <span class='ocr_line' id='line_1_10' title="bbox 253 1645 1329 1721; baseline -0.003 -19"><span class='ocrx_word' id='word_1_80' title='bbox 253 1645 355 1711; x_wconf 86' lang='lat' dir='ltr'>saliae,</span> <span class='ocrx_word' id='word_1_81' title='bbox 378 1646 475 1702; x_wconf 88' lang='lat' dir='ltr'>Taciti</span> <span class='ocrx_word' id='word_1_82' title='bbox 499 1647 561 1718; x_wconf 87' lang='lat' dir='ltr'>(cir.</span> <span class='ocrx_word' id='word_1_83' title='bbox 585 1646 621 1702; x_wconf 86' lang='lat' dir='ltr'>de</span> <span class='ocrx_word' id='word_1_84' title='bbox 644 1647 741 1702; x_wconf 81' lang='lat' dir='ltr'>obsidii</span> <span class='ocrx_word' id='word_1_85' title='bbox 762 1645 879 1702; x_wconf 89' lang='lat' dir='ltr'>nomine</span> <span class='ocrx_word' id='word_1_86' title='bbox 896 1646 925 1702; x_wconf 91' lang='lat' dir='ltr'>iu</span> <span class='ocrx_word' id='word_1_87' title='bbox 943 1663 1007 1704; x_wconf 89' lang='lat' dir='ltr'>exc.</span> <span class='ocrx_word' id='word_1_88' title='bbox 1026 1645 1063 1701; x_wconf 88' lang='lat' dir='ltr'>ad</span> <span class='ocrx_word' id='word_1_89' title='bbox 1080 1645 1107 1721; x_wconf 90' lang='lat'>1,</span> <span class='ocrx_word' id='word_1_90' title='bbox 1120 1645 1183 1718; x_wconf 76' lang='lat'>44),</span> <span class='ocrx_word' id='word_1_91' title='bbox 1207 1654 1268 1701; x_wconf 82' lang='lat' dir='ltr'>tnui</span> <span class='ocrx_word' id='word_1_92' title='bbox 1291 1661 1329 1699; x_wconf 87' lang='lat' dir='ltr'>ex</span> 
     </span>
     <span class='ocr_line' id='line_1_11' title="bbox 253 1728 1331 1806; baseline 0 -21"><span class='ocrx_word' id='word_1_93' title='bbox 253 1731 344 1786; x_wconf 88' lang='lat' dir='ltr'>verbo</span> <span class='ocrx_word' id='word_1_94' title='bbox 373 1733 550 1793; x_wconf 73' lang='lat' dir='ltr'>ateramoadi,</span> <span class='ocrx_word' id='word_1_95' title='bbox 584 1731 758 1805; x_wconf 87' lang='lat' dir='ltr'>praesertim</span> <span class='ocrx_word' id='word_1_96' title='bbox 786 1731 921 1787; x_wconf 86' lang='lat' dir='ltr'>absolute</span> <span class='ocrx_word' id='word_1_97' title='bbox 950 1748 1015 1786; x_wconf 86' lang='lat' dir='ltr'>cum</span> <span class='ocrx_word' id='word_1_98' title='bbox 1044 1729 1264 1806; x_wconf 80' lang='lat' dir='ltr'>praepositione</span> <span class='ocrx_word' id='word_1_99' title='bbox 1296 1728 1331 1785; x_wconf 81' lang='lat' dir='ltr'>de</span> 
     </span>
     <span class='ocr_line' id='line_1_12' title="bbox 254 1814 1330 1892; baseline -0.003 -20"><span class='ocrx_word' id='word_1_100' title='bbox 254 1815 365 1892; x_wconf 85' lang='lat' dir='ltr'>posit03</span> <span class='ocrx_word' id='word_1_101' title='bbox 396 1833 462 1873; x_wconf 89' lang='lat' dir='ltr'>narn</span> <span class='ocrx_word' id='word_1_102' title='bbox 486 1816 581 1891; x_wconf 90' lang='lat' dir='ltr'>ipsum</span> <span class='ocrx_word' id='word_1_103' title='bbox 606 1836 751 1873; x_wconf 81' lang='lat' dir='ltr'>memorare</span> <span class='ocrx_word' id='word_1_104' title='bbox 772 1815 953 1873; x_wconf 87' lang='lat' dir='ltr'>rarissimum</span> <span class='ocrx_word' id='word_1_105' title='bbox 979 1824 1024 1872; x_wconf 88' lang='lat' dir='ltr'>est</span> <span class='ocrx_word' id='word_1_106' title='bbox 1044 1816 1123 1891; x_wconf 87' lang='lat' dir='ltr'>apud</span> <span class='ocrx_word' id='word_1_107' title='bbox 1146 1814 1330 1883; x_wconf 78' lang='lat' dir='ltr'>Ciceronem,</span> 
     </span>
     <span class='ocr_line' id='line_1_13' title="bbox 254 1901 1330 1976; baseline -0.002 -18"><span class='ocrx_word' id='word_1_108' title='bbox 254 1901 304 1974; x_wconf 91' lang='lat' dir='ltr'>qui</span> <span class='ocrx_word' id='word_1_109' title='bbox 320 1920 524 1958; x_wconf 65' lang='lat' dir='ltr'>consenseram</span> <span class='ocrx_word' id='word_1_110' title='bbox 541 1901 612 1958; x_wconf 87' lang='lat' dir='ltr'>dicit</span> <span class='ocrx_word' id='word_1_111' title='bbox 626 1901 697 1972; x_wconf 88' lang='lat' dir='ltr'>(vid.</span> <span class='ocrx_word' id='word_1_112' title='bbox 710 1901 866 1976; x_wconf 86' lang='lat' dir='ltr'>Zumptins</span> <span class='ocrx_word' id='word_1_113' title='bbox 882 1901 919 1957; x_wconf 93' lang='lat' dir='ltr'>ad</span> <span class='ocrx_word' id='word_1_114' title='bbox 933 1902 1017 1959; x_wconf 89' lang='lat' dir='ltr'>Verr.</span> <span class='ocrx_word' id='word_1_115' title='bbox 1030 1901 1055 1963; x_wconf 76' lang='grc' dir='ltr'>Ι,</span> <span class='ocrx_word' id='word_1_116' title='bbox 1072 1902 1158 1973; x_wconf 58' lang='grc'>112);</span> <span class='ocrx_word' id='word_1_117' title='bbox 1182 1910 1330 1975; x_wconf 88' lang='lat' dir='ltr'>postremo</span> 
     </span>
     <span class='ocr_line' id='line_1_14' title="bbox 253 1982 1331 2061; baseline -0.002 -18"><span class='ocrx_word' id='word_1_118' title='bbox 253 2005 291 2043; x_wconf 88' lang='lat' dir='ltr'>ex</span> <span class='ocrx_word' id='word_1_119' title='bbox 326 1986 423 2061; x_wconf 85' lang='lat' dir='ltr'>positu</span> <span class='ocrx_word' id='word_1_120' title='bbox 451 1987 607 2043; x_wconf 84' lang='lat' dir='ltr'>verborum</span> <span class='ocrx_word' id='word_1_121' title='bbox 641 1996 807 2059; x_wconf 79' lang='lat' dir='ltr'>eoprroraerrto</span> <span class='ocrx_word' id='word_1_122' title='bbox 839 1993 895 2061; x_wconf 79' lang='lat' dir='ltr'>qui.</span> <span class='ocrx_word' id='word_1_123' title='bbox 952 1986 1049 2042; x_wconf 83' lang='lat' dir='ltr'>Etiam</span> <span class='ocrx_word' id='word_1_124' title='bbox 1079 1986 1236 2060; x_wconf 73' lang='lat' dir='ltr'>perlabatur</span> <span class='ocrx_word' id='word_1_125' title='bbox 1266 1982 1331 2041; x_wconf 80' lang='lat' dir='ltr'>iere</span> 
     </span>
     <span class='ocr_line' id='line_1_15' title="bbox 253 2070 1331 2147; baseline -0.004 -18"><span class='ocrx_word' id='word_1_126' title='bbox 253 2071 401 2147; x_wconf 74' lang='lat' dir='ltr'>poeticum</span> <span class='ocrx_word' id='word_1_127' title='bbox 430 2080 488 2139; x_wconf 84' lang='lat' dir='ltr'>est;</span> <span class='ocrx_word' id='word_1_128' title='bbox 523 2072 581 2128; x_wconf 92' lang='lat' dir='ltr'>vid.</span> <span class='ocrx_word' id='word_1_129' title='bbox 605 2072 714 2147; x_wconf 86' lang='lat' dir='ltr'>Opuso.</span> <span class='ocrx_word' id='word_1_130' title='bbox 739 2071 831 2128; x_wconf 86' lang='lat' dir='ltr'>Aoad.</span> <span class='ocrx_word' id='word_1_131' title='bbox 855 2072 870 2128; x_wconf 98' lang='grc' dir='ltr'>Ι</span> <span class='ocrx_word' id='word_1_132' title='bbox 893 2091 921 2146; x_wconf 90' lang='lat' dir='ltr'>p.</span> <span class='ocrx_word' id='word_1_133' title='bbox 940 2072 1000 2127; x_wconf 76' lang='lat'>200</span> <span class='ocrx_word' id='word_1_134' title='bbox 1029 2071 1092 2141; x_wconf 84' lang='lat' dir='ltr'>(ubi</span> <span class='ocrx_word' id='word_1_135' title='bbox 1120 2081 1175 2135; x_wconf 80' lang='lat' dir='ltr'>ter,</span> <span class='ocrx_word' id='word_1_136' title='bbox 1208 2088 1267 2127; x_wconf 90' lang='lat' dir='ltr'>non</span> <span class='ocrx_word' id='word_1_137' title='bbox 1290 2070 1331 2126; x_wconf 81' lang='lat' dir='ltr'>ln&#39;s</span> 
     </span>
     <span class='ocr_line' id='line_1_16' title="bbox 254 2155 1329 2225; baseline -0.003 -12"><span class='ocrx_word' id='word_1_138' title='bbox 254 2157 351 2214; x_wconf 87' lang='lat' dir='ltr'>dicere</span> <span class='ocrx_word' id='word_1_139' title='bbox 374 2156 531 2225; x_wconf 67' lang='lat' dir='ltr'>debebam</span> <span class='ocrx_word' id='word_1_140' title='bbox 555 2174 621 2214; x_wconf 82' lang='lat' dir='ltr'>nem</span> <span class='ocrx_word' id='word_1_141' title='bbox 645 2157 734 2213; x_wconf 87' lang='lat' dir='ltr'>etiam</span> <span class='ocrx_word' id='word_1_142' title='bbox 757 2156 793 2213; x_wconf 91' lang='lat' dir='ltr'>de</span> <span class='ocrx_word' id='word_1_143' title='bbox 817 2157 851 2213; x_wconf 85' lang='lat' dir='ltr'>R.</span> <span class='ocrx_word' id='word_1_144' title='bbox 875 2157 908 2212; x_wconf 89' lang='lat' dir='ltr'>P.</span> <span class='ocrx_word' id='word_1_145' title='bbox 932 2157 973 2221; x_wconf 90' lang='lat' dir='ltr'>Il,</span> <span class='ocrx_word' id='word_1_146' title='bbox 997 2160 1015 2213; x_wconf 82' lang='lat'>4</span> <span class='ocrx_word' id='word_1_147' title='bbox 1039 2156 1143 2214; x_wconf 90' lang='lat' dir='ltr'>Cicero</span> <span class='ocrx_word' id='word_1_148' title='bbox 1166 2155 1329 2212; x_wconf 87' lang='lat' dir='ltr'>orationem</span> 
     </span>
     <span class='ocr_line' id='line_1_17' title="bbox 254 2241 1331 2317; baseline -0.001 -20"><span class='ocrx_word' id='word_1_149' title='bbox 254 2242 373 2299; x_wconf 87' lang='lat' dir='ltr'>varians</span> <span class='ocrx_word' id='word_1_150' title='bbox 395 2242 527 2317; x_wconf 83' lang='lat' dir='ltr'>scripsit:</span> <span class='ocrx_word' id='word_1_151' title='bbox 550 2244 650 2299; x_wconf 78' lang='lat' dir='ltr'>dieitur</span> <span class='ocrx_word' id='word_1_152' title='bbox 667 2274 707 2284; x_wconf 90' lang='lat'>-</span> <span class='ocrx_word' id='word_1_153' title='bbox 723 2243 880 2317; x_wconf 74' lang='lat' dir='ltr'>perdideras·</span> <span class='ocrx_word' id='word_1_154' title='bbox 899 2274 937 2282; x_wconf 96' lang='lat'>—</span> <span class='ocrx_word' id='word_1_155' title='bbox 954 2244 1073 2315; x_wconf 73' lang='lat' dir='ltr'>sertra);</span> <span class='ocrx_word' id='word_1_156' title='bbox 1096 2241 1200 2299; x_wconf 84' lang='lat' dir='ltr'>saltem</span> <span class='ocrx_word' id='word_1_157' title='bbox 1224 2241 1331 2297; x_wconf 83' lang='lat' dir='ltr'>doctum</span> 
     </span>
     <span class='ocr_line' id='line_1_18' title="bbox 250 2325 1332 2403; baseline -0.002 -20"><span class='ocrx_word' id='word_1_158' title='bbox 250 2327 399 2403; x_wconf 77' lang='lat' dir='ltr'>perdidere.</span> <span class='ocrx_word' id='word_1_159' title='bbox 422 2338 455 2383; x_wconf 86' lang='lat' dir='ltr'>ut</span> <span class='ocrx_word' id='word_1_160' title='bbox 477 2336 555 2384; x_wconf 86' lang='lat' dir='ltr'>esset</span> <span class='ocrx_word' id='word_1_161' title='bbox 576 2330 723 2402; x_wconf 81' lang='lat' dir='ltr'>appellare,</span> <span class='ocrx_word' id='word_1_162' title='bbox 746 2346 905 2401; x_wconf 82' lang='lat' dir='ltr'>numquam</span> <span class='ocrx_word' id='word_1_163' title='bbox 919 2326 1023 2386; x_wconf 89' lang='lat' dir='ltr'>Cicero</span> <span class='ocrx_word' id='word_1_164' title='bbox 1047 2327 1133 2385; x_wconf 84' lang='lat' dir='ltr'>dixit.</span> <span class='ocrx_word' id='word_1_165' title='bbox 1177 2326 1213 2384; x_wconf 90' lang='lat' dir='ltr'>In</span> <span class='ocrx_word' id='word_1_166' title='bbox 1232 2325 1332 2400; x_wconf 87' lang='lat' dir='ltr'>priore</span> 
     </span>
     <span class='ocr_line' id='line_1_19' title="bbox 255 2410 1332 2505; baseline -0.003 -37"><span class='ocrx_word' id='word_1_167' title='bbox 255 2430 341 2468; x_wconf 88' lang='lat' dir='ltr'>versu</span> <span class='ocrx_word' id='word_1_168' title='bbox 376 2415 425 2485; x_wconf 83' lang='lat' dir='ltr'>qui</span> <span class='ocrx_word' id='word_1_169' title='bbox 456 2431 474 2468; x_wconf 90' lang='lat' dir='ltr'>a</span> <span class='ocrx_word' id='word_1_170' title='bbox 503 2412 645 2470; x_wconf 84' lang='lat' dir='ltr'>Cicerone</span> <span class='ocrx_word' id='word_1_171' title='bbox 679 2412 807 2488; x_wconf 89' lang='lat' dir='ltr'>positum</span> <span class='ocrx_word' id='word_1_172' title='bbox 836 2413 954 2469; x_wconf 85' lang='lat' dir='ltr'>videtur</span> <span class='ocrx_word' id='word_1_173' title='bbox 986 2413 1129 2505; x_wconf 69' lang='lat' dir='ltr'>orationis</span> <span class='ocrx_word' id='word_1_174' title='bbox 1158 2410 1332 2468; x_wconf 82' lang='lat' dir='ltr'>vinciendae</span> 
     </span>
     <span class='ocr_line' id='line_1_20' title="bbox 255 2495 1332 2563; baseline -0.003 -9"><span class='ocrx_word' id='word_1_175' title='bbox 255 2514 358 2563; x_wconf 85' lang='lat' dir='ltr'>causa,</span> <span class='ocrx_word' id='word_1_176' title='bbox 392 2514 457 2553; x_wconf 85' lang='lat' dir='ltr'>eum</span> <span class='ocrx_word' id='word_1_177' title='bbox 492 2497 551 2553; x_wconf 91' lang='lat' dir='ltr'>alia</span> <span class='ocrx_word' id='word_1_178' title='bbox 580 2517 637 2553; x_wconf 85' lang='lat' dir='ltr'>vox</span> <span class='ocrx_word' id='word_1_179' title='bbox 671 2497 701 2554; x_wconf 89' lang='lat' dir='ltr'>in</span> <span class='ocrx_word' id='word_1_180' title='bbox 731 2517 816 2554; x_wconf 85' lang='lat' dir='ltr'>versu</span> <span class='ocrx_word' id='word_1_181' title='bbox 851 2506 937 2557; x_wconf 89' lang='lat' dir='ltr'>esset.</span> <span class='ocrx_word' id='word_1_182' title='bbox 986 2495 1147 2561; x_wconf 72' lang='grc' dir='ltr'><strong><em>Σκοτεινος</em></strong></span> <span class='ocrx_word' id='word_1_183' title='bbox 1179 2514 1197 2552; x_wconf 91' lang='lat' dir='ltr'>a</span> <span class='ocrx_word' id='word_1_184' title='bbox 1224 2495 1332 2553; x_wconf 89' lang='lat' dir='ltr'>Latino</span> 
     </span>
     <span class='ocr_line' id='line_1_21' title="bbox 255 2581 1330 2658; baseline -0.001 -20"><span class='ocrx_word' id='word_1_185' title='bbox 255 2589 342 2658; x_wconf 70' lang='lat' dir='ltr'>pocta</span> <span class='ocrx_word' id='word_1_186' title='bbox 371 2582 498 2657; x_wconf 87' lang='lat' dir='ltr'>positum</span> <span class='ocrx_word' id='word_1_187' title='bbox 531 2583 560 2638; x_wconf 90' lang='lat' dir='ltr'>in</span> <span class='ocrx_word' id='word_1_188' title='bbox 589 2584 758 2640; x_wconf 87' lang='lat' dir='ltr'>memoriam</span> <span class='ocrx_word' id='word_1_189' title='bbox 788 2591 909 2639; x_wconf 83' lang='lat' dir='ltr'>revocat</span> <span class='ocrx_word' id='word_1_190' title='bbox 936 2581 1031 2641; x_wconf 87' lang='lat' dir='ltr'>Cassii</span> <span class='ocrx_word' id='word_1_191' title='bbox 1060 2582 1205 2639; x_wconf 82' lang='lat' dir='ltr'>Heminae</span> <span class='ocrx_word' id='word_1_192' title='bbox 1233 2581 1330 2639; x_wconf 81' lang='lat' dir='ltr'>locum</span> 
     </span>
     <span class='ocr_line' id='line_1_22' title="bbox 255 2666 1333 2743; baseline 0 -20"><span class='ocrx_word' id='word_1_193' title='bbox 255 2667 334 2742; x_wconf 90' lang='lat' dir='ltr'>apud</span> <span class='ocrx_word' id='word_1_194' title='bbox 357 2666 486 2723; x_wconf 85' lang='lat' dir='ltr'>Nonium</span> <span class='ocrx_word' id='word_1_195' title='bbox 511 2687 538 2742; x_wconf 92' lang='lat' dir='ltr'>p.</span> <span class='ocrx_word' id='word_1_196' title='bbox 552 2669 612 2724; x_wconf 78' lang='lat'>515</span> <span class='ocrx_word' id='word_1_197' title='bbox 633 2686 696 2724; x_wconf 85' lang='lat' dir='ltr'>voc.</span> <span class='ocrx_word' id='word_1_198' title='bbox 716 2670 880 2743; x_wconf 77' lang='lat' dir='ltr'>perplerim:</span> <span class='ocrx_word' id='word_1_199' title='bbox 903 2670 1030 2725; x_wconf 82' lang='lat' dir='ltr'>Prudens</span> <span class='ocrx_word' id='word_1_200' title='bbox 1051 2669 1199 2742; x_wconf 65' lang='lat' dir='ltr'>perplexim</span> <span class='ocrx_word' id='word_1_201' title='bbox 1221 2669 1333 2724; x_wconf 70' lang='lat' dir='ltr'>scolene</span> 
     </span>
     <span class='ocr_line' id='line_1_23' title="bbox 255 2751 1332 2828; baseline -0.001 -19"><span class='ocrx_word' id='word_1_202' title='bbox 255 2753 354 2811; x_wconf 78' lang='lat' dir='ltr'>scribit.</span> <span class='ocrx_word' id='word_1_203' title='bbox 392 2752 427 2808; x_wconf 94' lang='lat' dir='ltr'>In</span> <span class='ocrx_word' id='word_1_204' title='bbox 450 2756 561 2809; x_wconf 77' lang='lat' dir='ltr'>scottiae</span> <span class='ocrx_word' id='word_1_205' title='bbox 583 2754 656 2809; x_wconf 86' lang='lat' dir='ltr'>latet</span> <span class='ocrx_word' id='word_1_206' title='bbox 678 2751 841 2821; x_wconf 71' lang='grc' dir='ltr'><strong><em>σκοτεινῶς,</em></strong></span> <span class='ocrx_word' id='word_1_207' title='bbox 865 2772 883 2809; x_wconf 98' lang='lat' dir='ltr'>a</span> <span class='ocrx_word' id='word_1_208' title='bbox 904 2753 1097 2828; x_wconf 80' lang='lat' dir='ltr'>grammatico</span> <span class='ocrx_word' id='word_1_209' title='bbox 1117 2751 1332 2827; x_wconf 88' lang='lat' dir='ltr'>interpretandi</span> 
     </span>
     <span class='ocr_line' id='line_1_24' title="bbox 256 2836 1333 2897; baseline -0.001 -2"><span class='ocrx_word' id='word_1_210' title='bbox 256 2848 285 2895; x_wconf 91' lang='lat' dir='ltr'>et</span> <span class='ocrx_word' id='word_1_211' title='bbox 315 2837 447 2895; x_wconf 88' lang='lat' dir='ltr'>vertendi</span> <span class='ocrx_word' id='word_1_212' title='bbox 476 2855 565 2895; x_wconf 85' lang='lat' dir='ltr'>causa</span> <span class='ocrx_word' id='word_1_213' title='bbox 587 2837 727 2895; x_wconf 89' lang='lat' dir='ltr'>additum.</span> <span class='ocrx_word' id='word_1_214' title='bbox 774 2838 819 2894; x_wconf 88' lang='lat' dir='ltr'>De</span> <span class='ocrx_word' id='word_1_215' title='bbox 843 2839 995 2895; x_wconf 87' lang='lat' dir='ltr'>lleraclito</span> <span class='ocrx_word' id='word_1_216' title='bbox 1018 2837 1123 2897; x_wconf 86' lang='lat' dir='ltr'>Cicero</span> <span class='ocrx_word' id='word_1_217' title='bbox 1151 2839 1214 2894; x_wconf 88' lang='lat' dir='ltr'>sine</span> <span class='ocrx_word' id='word_1_218' title='bbox 1241 2836 1333 2894; x_wconf 89' lang='lat' dir='ltr'>dubio</span> 
     </span>
     <span class='ocr_line' id='line_1_25' title="bbox 255 2922 840 2998; baseline -0.002 -18"><span class='ocrx_word' id='word_1_219' title='bbox 255 2922 364 2980; x_wconf 82' lang='lat' dir='ltr'>famem</span> <span class='ocrx_word' id='word_1_220' title='bbox 388 2922 529 2996; x_wconf 88' lang='lat' dir='ltr'>sequitur,</span> <span class='ocrx_word' id='word_1_221' title='bbox 553 2942 611 2978; x_wconf 90' lang='lat' dir='ltr'>non</span> <span class='ocrx_word' id='word_1_222' title='bbox 634 2924 698 2998; x_wconf 89' lang='lat' dir='ltr'>ipse</span> <span class='ocrx_word' id='word_1_223' title='bbox 720 2923 840 2980; x_wconf 88' lang='lat' dir='ltr'>iudicat.</span> 
     </span>
    </p>

    <p class='ocr_par' dir='ltr' id='par_1_5' title="bbox 256 3007 1339 4532">
     <span class='ocr_line' id='line_1_26' title="bbox 341 3007 1332 3084; baseline -0.001 -20"><span class='ocrx_word' id='word_1_224' title='bbox 341 3017 366 3064; x_wconf 83' lang='lat' dir='ltr'>et</span> <span class='ocrx_word' id='word_1_225' title='bbox 387 3008 453 3077; x_wconf 85' lang='lat' dir='ltr'>iam)</span> <span class='ocrx_word' id='word_1_226' title='bbox 478 3009 567 3064; x_wconf 80' lang='lat' dir='ltr'>Recte</span> <span class='ocrx_word' id='word_1_227' title='bbox 591 3017 659 3082; x_wconf 83' lang='lat' dir='ltr'>post</span> <span class='ocrx_word' id='word_1_228' title='bbox 682 3008 846 3065; x_wconf 87' lang='lat' dir='ltr'>Manutinm</span> <span class='ocrx_word' id='word_1_229' title='bbox 870 3008 963 3066; x_wconf 83' lang='lat' dir='ltr'>Gaius</span> <span class='ocrx_word' id='word_1_230' title='bbox 986 3008 1144 3084; x_wconf 81' lang='lat' dir='ltr'>separavit,</span> <span class='ocrx_word' id='word_1_231' title='bbox 1168 3007 1245 3082; x_wconf 90' lang='lat' dir='ltr'>quod</span> <span class='ocrx_word' id='word_1_232' title='bbox 1268 3020 1332 3063; x_wconf 87' lang='lat' dir='ltr'>erat</span> 
     </span>
     <span class='ocr_line' id='line_1_27' title="bbox 256 3092 1334 3169; baseline -0.001 -20"><span class='ocrx_word' id='word_1_233' title='bbox 256 3097 349 3159; x_wconf 61' lang='lat' dir='ltr'>eliaam</span> <span class='ocrx_word' id='word_1_234' title='bbox 377 3092 479 3167; x_wconf 88' lang='lat' dir='ltr'>inepta</span> <span class='ocrx_word' id='word_1_235' title='bbox 506 3093 583 3149; x_wconf 89' lang='lat' dir='ltr'>enirn</span> <span class='ocrx_word' id='word_1_236' title='bbox 607 3094 655 3150; x_wconf 89' lang='lat' dir='ltr'>hie</span> <span class='ocrx_word' id='word_1_237' title='bbox 678 3103 741 3150; x_wconf 89' lang='lat' dir='ltr'>erat</span> <span class='ocrx_word' id='word_1_238' title='bbox 764 3095 921 3151; x_wconf 84' lang='lat' dir='ltr'>vehemens</span> <span class='ocrx_word' id='word_1_239' title='bbox 949 3093 1001 3150; x_wconf 93' lang='lat' dir='ltr'>illa</span> <span class='ocrx_word' id='word_1_240' title='bbox 1023 3113 1076 3169; x_wconf 87' lang='lat' dir='ltr'>per</span> <span class='ocrx_word' id='word_1_241' title='bbox 1097 3093 1260 3169; x_wconf 83' lang='lat' dir='ltr'>asyndeton</span> <span class='ocrx_word' id='word_1_242' title='bbox 1282 3092 1334 3149; x_wconf 87' lang='lat' dir='ltr'>ed·</span> 
     </span>
     <span class='ocr_line' id='line_1_28' title="bbox 256 3177 1335 3254; baseline 0 -20"><span class='ocrx_word' id='word_1_243' title='bbox 256 3178 353 3234; x_wconf 89' lang='lat' dir='ltr'>iectio.</span> <span class='ocrx_word' id='word_1_244' title='bbox 390 3177 448 3251; x_wconf 84' lang='lat' dir='ltr'>Qui</span> <span class='ocrx_word' id='word_1_245' title='bbox 472 3178 643 3235; x_wconf 86' lang='lat' dir='ltr'>oalurnniari</span> <span class='ocrx_word' id='word_1_246' title='bbox 667 3179 756 3236; x_wconf 83' lang='lat' dir='ltr'>volet.</span> <span class='ocrx_word' id='word_1_247' title='bbox 780 3190 911 3252; x_wconf 83' lang='lat' dir='ltr'>quaeret.</span> <span class='ocrx_word' id='word_1_248' title='bbox 934 3180 1002 3253; x_wconf 90' lang='lat' dir='ltr'>quid</span> <span class='ocrx_word' id='word_1_249' title='bbox 1026 3180 1064 3235; x_wconf 92' lang='lat' dir='ltr'>ad</span> <span class='ocrx_word' id='word_1_250' title='bbox 1084 3179 1243 3254; x_wconf 83' lang='lat' dir='ltr'>Epicurum</span> <span class='ocrx_word' id='word_1_251' title='bbox 1267 3196 1335 3254; x_wconf 89' lang='lat' dir='ltr'>per·</span> 
     </span>
     <span class='ocr_line' id='line_1_29' title="bbox 256 3263 1334 3339; baseline 0 -20"><span class='ocrx_word' id='word_1_252' title='bbox 256 3263 391 3331; x_wconf 82' lang='lat' dir='ltr'>tinuerit,</span> <span class='ocrx_word' id='word_1_253' title='bbox 421 3263 499 3335; x_wconf 90' lang='lat' dir='ltr'>quod</span> <span class='ocrx_word' id='word_1_254' title='bbox 522 3267 589 3321; x_wconf 78' lang='lat' dir='ltr'>inlu.</span> <span class='ocrx_word' id='word_1_255' title='bbox 620 3264 649 3319; x_wconf 91' lang='lat' dir='ltr'>id</span> <span class='ocrx_word' id='word_1_256' title='bbox 672 3276 731 3334; x_wconf 85' lang='lat' dir='ltr'>est,</span> <span class='ocrx_word' id='word_1_257' title='bbox 761 3274 828 3338; x_wconf 87' lang='lat' dir='ltr'>post</span> <span class='ocrx_word' id='word_1_258' title='bbox 851 3264 1010 3339; x_wconf 82' lang='lat' dir='ltr'>Epicurum</span> <span class='ocrx_word' id='word_1_259' title='bbox 1040 3264 1092 3320; x_wconf 92' lang='lat' dir='ltr'>illa</span> <span class='ocrx_word' id='word_1_260' title='bbox 1114 3274 1276 3339; x_wconf 81' lang='lat' dir='ltr'>pervagata</span> <span class='ocrx_word' id='word_1_261' title='bbox 1302 3263 1334 3319; x_wconf 90' lang='lat' dir='ltr'>iu</span> 
     </span>
     <span class='ocr_line' id='line_1_30' title="bbox 257 3347 1334 3426; baseline 0.002 -24"><span class='ocrx_word' id='word_1_262' title='bbox 257 3348 363 3424; x_wconf 82' lang='lat' dir='ltr'>vulgus</span> <span class='ocrx_word' id='word_1_263' title='bbox 386 3358 493 3406; x_wconf 88' lang='lat' dir='ltr'>essent.</span> <span class='ocrx_word' id='word_1_264' title='bbox 535 3350 690 3422; x_wconf 75' lang='lat' dir='ltr'>Peruapoto</span> <span class='ocrx_word' id='word_1_265' title='bbox 713 3349 800 3405; x_wconf 87' lang='lat' dir='ltr'>etiam</span> <span class='ocrx_word' id='word_1_266' title='bbox 825 3347 924 3426; x_wconf 64' lang='lat' dir='ltr'>[Ale]</span> <span class='ocrx_word' id='word_1_267' title='bbox 948 3368 1004 3425; x_wconf 82' lang='lat' dir='ltr'>mg.</span> <span class='ocrx_word' id='word_1_268' title='bbox 1020 3348 1111 3419; x_wconf 75' lang='lat' dir='ltr'>Crat..</span> <span class='ocrx_word' id='word_1_269' title='bbox 1131 3349 1221 3423; x_wconf 70' lang='lat' dir='ltr'>Spin,</span> <span class='ocrx_word' id='word_1_270' title='bbox 1245 3348 1290 3405; x_wconf 88' lang='lat' dir='ltr'>El.</span> <span class='ocrx_word' id='word_1_271' title='bbox 1305 3349 1334 3413; x_wconf 77' lang='lat'>2,</span> 
     </span>
     <span class='ocr_line' id='line_1_31' title="bbox 257 3434 1334 3508; baseline 0 -19"><span class='ocrx_word' id='word_1_272' title='bbox 257 3434 442 3507; x_wconf 86' lang='lat' dir='ltr'>restituitque</span> <span class='ocrx_word' id='word_1_273' title='bbox 472 3443 539 3508; x_wconf 87' lang='lat' dir='ltr'>post</span> <span class='ocrx_word' id='word_1_274' title='bbox 562 3434 726 3491; x_wconf 87' lang='lat' dir='ltr'>Manutinm</span> <span class='ocrx_word' id='word_1_275' title='bbox 751 3435 901 3493; x_wconf 84' lang='lat' dir='ltr'>Davisius.</span> <span class='ocrx_word' id='word_1_276' title='bbox 948 3435 1031 3492; x_wconf 85' lang='lat' dir='ltr'>Solet</span> <span class='ocrx_word' id='word_1_277' title='bbox 1058 3453 1093 3491; x_wconf 91' lang='lat' dir='ltr'>ea</span> <span class='ocrx_word' id='word_1_278' title='bbox 1116 3453 1189 3503; x_wconf 81' lang='lat' dir='ltr'>vox,</span> <span class='ocrx_word' id='word_1_279' title='bbox 1218 3434 1269 3490; x_wconf 93' lang='lat' dir='ltr'>ubi</span> <span class='ocrx_word' id='word_1_280' title='bbox 1297 3434 1334 3489; x_wconf 91' lang='lat' dir='ltr'>de</span> 
     </span>
     <span class='ocr_line' id='line_1_32' title="bbox 257 3519 1335 3595; baseline 0 -21"><span class='ocrx_word' id='word_1_281' title='bbox 257 3519 345 3575; x_wconf 90' lang='lat' dir='ltr'>rebus</span> <span class='ocrx_word' id='word_1_282' title='bbox 369 3519 473 3575; x_wconf 89' lang='lat' dir='ltr'>notitia</span> <span class='ocrx_word' id='word_1_283' title='bbox 496 3519 554 3575; x_wconf 90' lang='lat' dir='ltr'>lato</span> <span class='ocrx_word' id='word_1_284' title='bbox 579 3519 766 3576; x_wconf 87' lang='lat' dir='ltr'>manantibus</span> <span class='ocrx_word' id='word_1_285' title='bbox 784 3520 911 3595; x_wconf 78' lang='lat' dir='ltr'>ponitur.</span> <span class='ocrx_word' id='word_1_286' title='bbox 935 3520 1040 3595; x_wconf 87' lang='lat' dir='ltr'>partim</span> <span class='ocrx_word' id='word_1_287' title='bbox 1065 3540 1083 3576; x_wconf 87' lang='lat' dir='ltr'>a</span> <span class='ocrx_word' id='word_1_288' title='bbox 1104 3519 1243 3587; x_wconf 85' lang='lat' dir='ltr'>librariis,</span> <span class='ocrx_word' id='word_1_289' title='bbox 1267 3536 1335 3595; x_wconf 82' lang='lat' dir='ltr'>par·</span> 
     </span>
     <span class='ocr_line' id='line_1_33' title="bbox 256 3603 1336 3679; baseline 0.002 -21"><span class='ocrx_word' id='word_1_290' title='bbox 256 3603 308 3660; x_wconf 87' lang='lat' dir='ltr'>tim</span> <span class='ocrx_word' id='word_1_291' title='bbox 333 3622 351 3660; x_wconf 87' lang='lat' dir='ltr'>a</span> <span class='ocrx_word' id='word_1_292' title='bbox 374 3604 476 3678; x_wconf 87' lang='lat' dir='ltr'>primis</span> <span class='ocrx_word' id='word_1_293' title='bbox 499 3605 660 3661; x_wconf 86' lang='lat' dir='ltr'>editoribus</span> <span class='ocrx_word' id='word_1_294' title='bbox 683 3623 748 3661; x_wconf 83' lang='lat' dir='ltr'>curn</span> <span class='ocrx_word' id='word_1_295' title='bbox 772 3605 865 3661; x_wconf 89' lang='lat' dir='ltr'>altera</span> <span class='ocrx_word' id='word_1_296' title='bbox 888 3606 1063 3679; x_wconf 87' lang='lat' dir='ltr'>permutari,</span> <span class='ocrx_word' id='word_1_297' title='bbox 1087 3605 1135 3661; x_wconf 81' lang='lat' dir='ltr'>liic</span> <span class='ocrx_word' id='word_1_298' title='bbox 1157 3604 1274 3679; x_wconf 90' lang='lat' dir='ltr'>quidem</span> <span class='ocrx_word' id='word_1_299' title='bbox 1298 3622 1336 3661; x_wconf 86' lang='lat' dir='ltr'>eo</span> 
     </span>
     <span class='ocr_line' id='line_1_34' title="bbox 257 3689 1332 3763; baseline 0.002 -18"><span class='ocrx_word' id='word_1_300' title='bbox 257 3689 396 3763; x_wconf 87' lang='lat' dir='ltr'>ineptius.</span> <span class='ocrx_word' id='word_1_301' title='bbox 419 3689 496 3762; x_wconf 89' lang='lat' dir='ltr'>quod</span> <span class='ocrx_word' id='word_1_302' title='bbox 520 3690 638 3745; x_wconf 88' lang='lat' dir='ltr'>additur</span> <span class='ocrx_word' id='word_1_303' title='bbox 660 3693 686 3745; x_wconf 84' lang='lat' dir='ltr'>r&#39;n</span> <span class='ocrx_word' id='word_1_304' title='bbox 709 3692 818 3763; x_wconf 63' lang='lat' dir='ltr'>vulpam</span> <span class='ocrx_word' id='word_1_305' title='bbox 844 3689 896 3746; x_wconf 86' lang='lat' dir='ltr'>cfr.</span> <span class='ocrx_word' id='word_1_306' title='bbox 919 3690 977 3759; x_wconf 89' lang='lat' dir='ltr'>Ill,</span> <span class='ocrx_word' id='word_1_307' title='bbox 1002 3690 1029 3755; x_wconf 75' lang='lat'>5,</span> <span class='ocrx_word' id='word_1_308' title='bbox 1054 3691 1082 3749; x_wconf 92' lang='lat' dir='ltr'>in</span> <span class='ocrx_word' id='word_1_309' title='bbox 1107 3692 1192 3748; x_wconf 88' lang='lat' dir='ltr'>Verr.</span> <span class='ocrx_word' id='word_1_310' title='bbox 1216 3691 1256 3749; x_wconf 87' lang='lat' dir='ltr'>ll.</span> <span class='ocrx_word' id='word_1_311' title='bbox 1281 3690 1332 3747; x_wconf 79' lang='lat'>85.</span> 
     </span>
     <span class='ocr_line' id='line_1_35' title="bbox 261 3775 1337 3848; baseline 0.002 -19"><span class='ocrx_word' id='word_1_312' title='bbox 261 3776 460 3845; x_wconf 57' lang='lat' dir='ltr'>Psaramounis</span> <span class='ocrx_word' id='word_1_313' title='bbox 487 3794 533 3831; x_wconf 83' lang='lat' dir='ltr'>res</span> <span class='ocrx_word' id='word_1_314' title='bbox 561 3794 615 3831; x_wconf 90' lang='lat' dir='ltr'>usu</span> <span class='ocrx_word' id='word_1_315' title='bbox 643 3785 673 3830; x_wconf 90' lang='lat' dir='ltr'>et</span> <span class='ocrx_word' id='word_1_316' title='bbox 695 3775 894 3848; x_wconf 81' lang='lat' dir='ltr'>possessione,</span> <span class='ocrx_word' id='word_1_317' title='bbox 922 3794 988 3832; x_wconf 90' lang='lat' dir='ltr'>cum</span> <span class='ocrx_word' id='word_1_318' title='bbox 1017 3776 1175 3832; x_wconf 89' lang='lat' dir='ltr'>multorum</span> <span class='ocrx_word' id='word_1_319' title='bbox 1203 3776 1278 3831; x_wconf 83' lang='lat' dir='ltr'>lirrut</span> <span class='ocrx_word' id='word_1_320' title='bbox 1306 3783 1337 3831; x_wconf 86' lang='lat' dir='ltr'>et</span> 
     </span>
     <span class='ocr_line' id='line_1_36' title="bbox 258 3859 1335 3934; baseline 0.004 -21"><span class='ocrx_word' id='word_1_321' title='bbox 258 3859 404 3934; x_wconf 83' lang='lat' dir='ltr'>vrrlgares.</span> <span class='ocrx_word' id='word_1_322' title='bbox 453 3860 555 3933; x_wconf 90' lang='lat' dir='ltr'>ltaque</span> <span class='ocrx_word' id='word_1_323' title='bbox 579 3860 671 3934; x_wconf 88' lang='lat' dir='ltr'>probo</span> <span class='ocrx_word' id='word_1_324' title='bbox 695 3879 758 3917; x_wconf 89' lang='lat' dir='ltr'>eos.</span> <span class='ocrx_word' id='word_1_325' title='bbox 788 3860 838 3933; x_wconf 90' lang='lat' dir='ltr'>qui</span> <span class='ocrx_word' id='word_1_326' title='bbox 867 3861 984 3916; x_wconf 83' lang='lat' dir='ltr'>inversa</span> <span class='ocrx_word' id='word_1_327' title='bbox 1006 3862 1120 3917; x_wconf 86' lang='lat' dir='ltr'>ratione</span> <span class='ocrx_word' id='word_1_328' title='bbox 1144 3861 1179 3916; x_wconf 89' lang='lat' dir='ltr'>de</span> <span class='ocrx_word' id='word_1_329' title='bbox 1202 3863 1267 3918; x_wconf 88' lang='lat' dir='ltr'>lnv.</span> <span class='ocrx_word' id='word_1_330' title='bbox 1293 3860 1335 3925; x_wconf 80' lang='grc' dir='ltr'>ΙΙ,</span> 
     </span>
     <span class='ocr_line' id='line_1_37' title="bbox 263 3945 1336 4020; baseline 0.004 -21"><span class='ocrx_word' id='word_1_331' title='bbox 263 3945 321 3999; x_wconf 83' lang='lat'>113</span> <span class='ocrx_word' id='word_1_332' title='bbox 344 3945 490 4000; x_wconf 83' lang='lat' dir='ltr'>scribunt:</span> <span class='ocrx_word' id='word_1_333' title='bbox 513 3964 545 4000; x_wconf 82' lang='lat' dir='ltr'>ne</span> <span class='ocrx_word' id='word_1_334' title='bbox 567 3949 590 3999; x_wconf 85' lang='lat' dir='ltr'>r&#39;s</span> <span class='ocrx_word' id='word_1_335' title='bbox 613 3946 695 4001; x_wconf 84' lang='lat' dir='ltr'>lroaos</span> <span class='ocrx_word' id='word_1_336' title='bbox 717 3949 824 4001; x_wconf 81' lang='lat' dir='ltr'>rrr&#39;rm&#39;ran</span> <span class='ocrx_word' id='word_1_337' title='bbox 843 3949 1026 4020; x_wconf 78' lang='lat' dir='ltr'>pervrrlpetur,</span> <span class='ocrx_word' id='word_1_338' title='bbox 1050 3947 1100 4002; x_wconf 85' lang='lat' dir='ltr'>ubi</span> <span class='ocrx_word' id='word_1_339' title='bbox 1123 3946 1220 4004; x_wconf 90' lang='lat' dir='ltr'>editur</span> <span class='ocrx_word' id='word_1_340' title='bbox 1234 3965 1336 4020; x_wconf 79' lang='lat' dir='ltr'>pervo-</span> 
     </span>
     <span class='ocr_line' id='line_1_38' title="bbox 256 4028 1336 4106; baseline 0.004 -22"><span class='ocrx_word' id='word_1_341' title='bbox 256 4038 334 4102; x_wconf 72' lang='lat' dir='ltr'>petar</span> <span class='ocrx_word' id='word_1_342' title='bbox 356 4028 420 4100; x_wconf 86' lang='lat' dir='ltr'>(cfr.</span> <span class='ocrx_word' id='word_1_343' title='bbox 446 4031 545 4099; x_wconf 67' lang='lat'>5114,</span> <span class='ocrx_word' id='word_1_344' title='bbox 568 4030 604 4084; x_wconf 88' lang='lat' dir='ltr'>ad</span> <span class='ocrx_word' id='word_1_345' title='bbox 630 4031 758 4087; x_wconf 88' lang='lat' dir='ltr'>Herenn.</span> <span class='ocrx_word' id='word_1_346' title='bbox 782 4032 836 4089; x_wconf 87' lang='lat' dir='ltr'>IV.</span> <span class='ocrx_word' id='word_1_347' title='bbox 853 4036 905 4101; x_wconf 91' lang='grc'>11;</span> <span class='ocrx_word' id='word_1_348' title='bbox 930 4032 993 4088; x_wconf 86' lang='lat' dir='ltr'>Liv.</span> <span class='ocrx_word' id='word_1_349' title='bbox 1017 4032 1041 4102; x_wconf 65' lang='grc' dir='ltr'>Ι,</span> <span class='ocrx_word' id='word_1_350' title='bbox 1069 4034 1115 4099; x_wconf 90' lang='lat'>10,</span> <span class='ocrx_word' id='word_1_351' title='bbox 1141 4033 1180 4103; x_wconf 84' lang='lat'>7).</span> <span class='ocrx_word' id='word_1_352' title='bbox 1226 4032 1336 4106; x_wconf 81' lang='lat' dir='ltr'>Eper-</span> 
     </span>
     <span class='ocr_line' id='line_1_39' title="bbox 259 4114 1336 4191; baseline 0.004 -22"><span class='ocrx_word' id='word_1_353' title='bbox 259 4116 368 4185; x_wconf 74' lang='lat' dir='ltr'>vulpoto</span> <span class='ocrx_word' id='word_1_354' title='bbox 390 4123 490 4170; x_wconf 91' lang='lat' dir='ltr'>natum</span> <span class='ocrx_word' id='word_1_355' title='bbox 516 4115 545 4170; x_wconf 90' lang='lat' dir='ltr'>in</span> <span class='ocrx_word' id='word_1_356' title='bbox 568 4114 646 4170; x_wconf 80' lang='lat' dir='ltr'>Gud.</span> <span class='ocrx_word' id='word_1_357' title='bbox 671 4116 688 4170; x_wconf 80' lang='lat'>2</span> <span class='ocrx_word' id='word_1_358' title='bbox 709 4119 889 4190; x_wconf 65' lang='lat' dir='ltr'>persuadente.</span> <span class='ocrx_word' id='word_1_359' title='bbox 912 4117 941 4173; x_wconf 90' lang='lat' dir='ltr'>in</span> <span class='ocrx_word' id='word_1_360' title='bbox 961 4117 1039 4174; x_wconf 84' lang='lat' dir='ltr'>Vict.</span> <span class='ocrx_word' id='word_1_361' title='bbox 1064 4117 1127 4172; x_wconf 87' lang='lat' dir='ltr'>cod.</span> <span class='ocrx_word' id='word_1_362' title='bbox 1147 4120 1336 4191; x_wconf 79' lang='lat' dir='ltr'>promrrlpatn;</span> 
     </span>
     <span class='ocr_line' id='line_1_40' title="bbox 259 4199 1336 4272; baseline 0.005 -19"><span class='ocrx_word' id='word_1_363' title='bbox 259 4199 308 4272; x_wconf 90' lang='lat' dir='ltr'>qui</span> <span class='ocrx_word' id='word_1_364' title='bbox 338 4217 420 4255; x_wconf 88' lang='lat' dir='ltr'>orror</span> <span class='ocrx_word' id='word_1_365' title='bbox 449 4199 518 4255; x_wconf 89' lang='lat' dir='ltr'>mihi</span> <span class='ocrx_word' id='word_1_366' title='bbox 542 4209 675 4255; x_wconf 84' lang='lat' dir='ltr'>vorsatus</span> <span class='ocrx_word' id='word_1_367' title='bbox 704 4219 767 4257; x_wconf 85' lang='lat' dir='ltr'>osse</span> <span class='ocrx_word' id='word_1_368' title='bbox 791 4202 907 4257; x_wconf 77' lang='lat' dir='ltr'>videtur</span> <span class='ocrx_word' id='word_1_369' title='bbox 934 4202 1022 4259; x_wconf 87' lang='lat' dir='ltr'>etiarn</span> <span class='ocrx_word' id='word_1_370' title='bbox 1052 4203 1080 4258; x_wconf 90' lang='lat' dir='ltr'>in</span> <span class='ocrx_word' id='word_1_371' title='bbox 1110 4220 1145 4257; x_wconf 85' lang='lat' dir='ltr'>eo</span> <span class='ocrx_word' id='word_1_372' title='bbox 1174 4202 1288 4266; x_wconf 83' lang='lat' dir='ltr'>codice,</span> <span class='ocrx_word' id='word_1_373' title='bbox 1320 4221 1336 4258; x_wconf 89' lang='lat' dir='ltr'>e</span> 
     </span>
     <span class='ocr_line' id='line_1_41' title="bbox 259 4284 1337 4359; baseline 0.003 -19"><span class='ocrx_word' id='word_1_374' title='bbox 259 4303 318 4357; x_wconf 82' lang='lat' dir='ltr'>quo</span> <span class='ocrx_word' id='word_1_375' title='bbox 342 4284 496 4358; x_wconf 83' lang='lat' dir='ltr'>Zumptius</span> <span class='ocrx_word' id='word_1_376' title='bbox 518 4295 548 4340; x_wconf 89' lang='lat' dir='ltr'>et</span> <span class='ocrx_word' id='word_1_377' title='bbox 570 4295 672 4359; x_wconf 83' lang='lat' dir='ltr'>postea</span> <span class='ocrx_word' id='word_1_378' title='bbox 696 4286 832 4341; x_wconf 84' lang='lat' dir='ltr'>Klotzius</span> <span class='ocrx_word' id='word_1_379' title='bbox 855 4287 883 4342; x_wconf 91' lang='lat' dir='ltr'>in</span> <span class='ocrx_word' id='word_1_380' title='bbox 909 4289 994 4346; x_wconf 81' lang='lat' dir='ltr'>Verr.</span> <span class='ocrx_word' id='word_1_381' title='bbox 1019 4288 1060 4356; x_wconf 87' lang='lat' dir='ltr'>Il,</span> <span class='ocrx_word' id='word_1_382' title='bbox 1085 4288 1142 4342; x_wconf 81' lang='lat'>104</span> <span class='ocrx_word' id='word_1_383' title='bbox 1167 4287 1337 4343; x_wconf 86' lang='lat' dir='ltr'>ediderunt:</span> 
     </span>
     <span class='ocr_line' id='line_1_42' title="bbox 260 4372 1336 4448; baseline 0.005 -25"><span class='ocrx_word' id='word_1_384' title='bbox 260 4373 286 4424; x_wconf 82' lang='lat' dir='ltr'>iu</span> <span class='ocrx_word' id='word_1_385' title='bbox 310 4389 337 4423; x_wconf 79' lang='lat' dir='ltr'>re</span> <span class='ocrx_word' id='word_1_386' title='bbox 360 4379 414 4425; x_wconf 86' lang='lat' dir='ltr'>turn</span> <span class='ocrx_word' id='word_1_387' title='bbox 437 4372 520 4426; x_wconf 67' lang='lat' dir='ltr'>eterra.</span> <span class='ocrx_word' id='word_1_388' title='bbox 545 4380 599 4425; x_wconf 84' lang='lat' dir='ltr'>tom</span> <span class='ocrx_word' id='word_1_389' title='bbox 622 4380 734 4435; x_wconf 81' lang='lat' dir='ltr'>testato,</span> <span class='ocrx_word' id='word_1_390' title='bbox 759 4381 814 4427; x_wconf 81' lang='lat' dir='ltr'>tarn</span> <span class='ocrx_word' id='word_1_391' title='bbox 836 4373 886 4427; x_wconf 82' lang='lat' dir='ltr'>obs</span> <span class='ocrx_word' id='word_1_392' title='bbox 908 4382 931 4428; x_wconf 85' lang='lat' dir='ltr'>te</span> <span class='ocrx_word' id='word_1_393' title='bbox 953 4377 1011 4448; x_wconf 77' lang='lat' dir='ltr'>ipso</span> <span class='ocrx_word' id='word_1_394' title='bbox 1029 4374 1213 4447; x_wconf 69' lang='lat' dir='ltr'>promulqnlu.</span> <span class='ocrx_word' id='word_1_395' title='bbox 1258 4372 1336 4429; x_wconf 82' lang='lat' dir='ltr'>Nam</span> 
     </span>
     <span class='ocr_line' id='line_1_43' title="bbox 257 4453 1339 4532; baseline 0.007 -27"><span class='ocrx_word' id='word_1_396' title='bbox 257 4456 429 4528; x_wconf 70' lang='lat' dir='ltr'>promulpore</span> <span class='ocrx_word' id='word_1_397' title='bbox 451 4453 508 4511; x_wconf 89' lang='lat' dir='ltr'>uisi</span> <span class='ocrx_word' id='word_1_398' title='bbox 532 4455 567 4511; x_wconf 89' lang='lat' dir='ltr'>de</span> <span class='ocrx_word' id='word_1_399' title='bbox 590 4455 654 4529; x_wconf 87' lang='lat' dir='ltr'>lege</span> <span class='ocrx_word' id='word_1_400' title='bbox 677 4465 707 4511; x_wconf 89' lang='lat' dir='ltr'>et</span> <span class='ocrx_word' id='word_1_401' title='bbox 728 4457 881 4531; x_wconf 82' lang='lat' dir='ltr'>rogatione</span> <span class='ocrx_word' id='word_1_402' title='bbox 899 4458 1089 4532; x_wconf 90' lang='lat' dir='ltr'>proponenda</span> <span class='ocrx_word' id='word_1_403' title='bbox 1106 4476 1265 4531; x_wconf 88' lang='lat' dir='ltr'>numquam</span> <span class='ocrx_word' id='word_1_404' title='bbox 1285 4466 1339 4513; x_wconf 85' lang='lat' dir='ltr'>aut</span> 
     </span>
    </p>
   </div>
   <div class='ocr_carea' id='block_1_5' title="bbox 0 0 1528 5086">
    <p class='ocr_par' dir='ltr' id='par_1_6' title="bbox 0 0 1528 5086">
     <span class='ocr_line' id='line_1_44' title="bbox 0 0 1528 5086; baseline 0 0"><span class='ocrx_word' id='word_1_405' title='bbox 0 0 1528 5086; x_wconf 95' lang='lat' dir='ltr'> </span> 
     </span>
    </p>
   </div>
  </div>
 </body>
</html>
