3030 5086
602 500 776 550 menceus
798 501 843 548 ιιι
1195 481 1258 548 806

187 663 376 748 (quemquam
399 674 425 730 is
448 673 529 730 locus
546 672 698 732 Ciceronis
721 692 778 731 non
802 685 856 743 est,
878 673 929 730 sed
951 673 1025 731 nihil
1046 673 1102 731 hoc
1125 673 1162 731 ed
1184 677 1259 748 rem)

187 779 233 817 nec
260 763 347 815 ruinas
374 761 448 815 ilium
471 758 627 816 manifesto
650 770 708 816 est:
737 770 762 817 et
783 779 835 816 nou
856 763 944 817 minue
965 762 1048 817 ilium
1094 760 1199 816 Restet
1220 779 1258 818 ex

186 845 232 924 iis,
255 862 331 919 queo
348 844 479 902 Kritzius
502 844 634 920 protulit,
657 844 833 902 testimoniis
855 847 935 918 (nam
958 846 993 901 de
1010 844 1107 902 Taciti
1131 853 1160 900 et
1181 854 1256 902 cete·

187 947 284 988 rorum
313 928 484 987 inferiorum
514 948 567 987 usu
596 930 706 988 dictum
734 931 790 1005 est)
818 949 893 986 unus
916 930 1151 987 Tusculanorum
1175 928 1258 989 Oios-

186 1015 267 1072 ronis
290 1015 386 1084 locus,
408 1016 439 1085 I,
464 1016 519 1072 65:
552 1013 627 1083 Quid
648 1025 688 1072 cst
709 1018 839 1072 inventio!
860 1017 987 1090 Profecto
1009 1017 1054 1083 id,
1082 1034 1135 1091 qao
1162 1034 1210 1073 nec
1231 1019 1259 1074 in

186 1102 237 1158 deo
257 1102 407 1175 quidquam
429 1104 515 1157 maius
537 1102 651 1174 iutellepi
667 1109 765 1176 potest.
801 1102 912 1159 Verum
935 1101 976 1157 ibi
993 1101 1109 1158 codices
1128 1100 1257 1159 omnium

187 1185 446 1262 praestantissimi,
470 1185 646 1243 Perisiensis
669 1196 699 1242 et
720 1184 799 1244 Gud.
821 1189 846 1254 l,
870 1201 935 1242 cum
958 1186 1025 1243 aliis
1047 1186 1157 1242 hebent
1178 1206 1210 1243 ne
1230 1190 1259 1244 in

186 1273 243 1338 deo,
267 1281 299 1327 nt
320 1280 454 1346 apertum
477 1271 525 1339 sit,
547 1270 596 1327 hie
617 1280 650 1328 ut
672 1271 744 1328 alibi
760 1271 943 1345 aliquotiens
964 1271 1046 1345 (vid,
1069 1289 1145 1346 quae
1167 1290 1259 1330 anno·

186 1356 248 1414 tavi
270 1356 306 1413 ad
329 1356 380 1413 lib.
396 1356 489 1428 1,39)
512 1355 656 1414 excidisse
678 1358 786 1431 quidem
808 1358 852 1429 (at
873 1374 960 1431 quam
983 1356 1071 1415 facile
1093 1366 1161 1414 ente
1178 1359 1258 1432 quid·

186 1443 302 1516 quaml),
326 1441 403 1515 quod
426 1442 456 1499 in
479 1441 579 1499 codice
601 1441 731 1516 perbono
750 1440 920 1500 Coloniensi
943 1451 972 1499 et
994 1442 1061 1499 eliis
1083 1441 1258 1516 quibusdam

186 1526 331 1584 scribitur.
376 1527 441 1584 Neo
463 1527 549 1585 aliter
571 1526 757 1584 iudicandum
781 1537 828 1584 est
848 1527 885 1584 de
906 1528 1001 1584 altero
1023 1528 1259 1586 'susculenarum

185 1612 251 1670 loco
275 1615 302 1681 l,
327 1613 382 1680 71,
411 1613 462 1669 ubi
484 1612 595 1670 editur:
622 1631 668 1670 neo
696 1616 804 1670 interire
825 1615 920 1686 piar,
948 1613 1064 1671 codices
1085 1612 1195 1670 habent
1216 1633 1258 1683 ne,

187 1696 338 1757 Ciceronis
355 1697 384 1754 in
403 1697 590 1755 conclusione
607 1698 790 1755 annectenda
805 1716 876 1755 usus
890 1698 1153 1764 constantissimus,
1171 1717 1258 1774 quem

186 1783 274 1859 paulo
291 1792 359 1851 aute
376 1783 510 1858 exposui,
528 1783 671 1858 postulat:
691 1803 723 1841 ue
739 1787 846 1840 interire
862 1784 969 1858 quidem
986 1786 1075 1858 ipitur.
1109 1786 1210 1859 Atque
1227 1784 1258 1843 hi

185 1869 243 1925 duo
265 1868 333 1935 loci,
356 1868 426 1943 quid
449 1868 478 1926 in
502 1887 561 1926 uno
584 1878 613 1926 et
634 1869 728 1926 altero
746 1879 898 1944 praeterea
915 1867 1024 1926 factum
1042 1869 1089 1936 sit,
1111 1869 1258 1945 aperiunt,

186 1970 361 2028 quamquem
387 1953 534 2029 plerique,
564 1955 613 2029 qui
636 1955 665 2012 iu
689 1955 890 2028 quaestionem
914 1954 1050 2025 veniunt,
1079 1953 1138 2010 alia
1166 1955 1259 2013 mani·

185 2037 263 2097 festa
280 2040 385 2096 menda
402 2041 520 2097 hebent.
553 2041 738 2108 Percussum,
756 2058 830 2114 quos
847 2040 1021 2114 conquirere
1039 2040 1131 2115 potui,
1148 2059 1258 2098 omnes.

271 2126 295 2183 I.
331 2126 423 2183 Recta
451 2126 636 2183 enarratione
664 2136 845 2193 removetur,
879 2125 956 2199 quod
989 2144 1006 2182 a
1034 2126 1200 2183 Foroellino
1228 2135 1259 2183 et

187 2209 337 2269 Schellero
360 2209 487 2286 proferri
510 2211 595 2268 video
618 2229 655 2268 ex
678 2223 751 2268 orat
768 2212 816 2269 111
840 2209 876 2267 de
894 2210 949 2286 leg.
969 2230 1029 2286 agr.
1049 2214 1082 2266 4:
1109 2211 1198 2286 Caput
1219 2221 1258 2269 est

186 2298 251 2370 lepis
268 2297 513 2369 quadrupesimum,
533 2297 567 2352 de
584 2316 636 2370 quo
653 2316 699 2370 eqo
717 2298 843 2367 consulto,
871 2294 997 2367 Quirites,
1020 2315 1104 2370 neque
1119 2298 1197 2371 opud
1211 2315 1258 2354 uos

188 2391 248 2438 oute
264 2383 323 2456 feci
343 2384 496 2438 inertiorem
517 2393 572 2438 cet.
608 2382 735 2439 Prorsus
756 2382 856 2457 inepte
877 2381 1067 2457 intellegetur
1088 2401 1177 2439 ue-
1197 2389 1258 2456 qui·

184 2468 255 2536 dem,
278 2466 361 2540 qussi
385 2467 462 2541 apud
481 2466 611 2539 Quirites
633 2467 841 2542 potiusquam
864 2467 943 2542 apud
965 2467 1064 2524 nescio
1087 2486 1161 2542 quos
1182 2468 1258 2526 alios

185 2551 471 2608 commemorandum
488 2550 587 2610 fuerit.
623 2551 681 2610 Sed
699 2553 767 2609 huic
784 2571 868 2628 neque
889 2554 966 2628 apud
986 2573 1033 2611 voe
1054 2563 1116 2610 aute
1136 2570 1258 2628 respou-

185 2637 264 2705 dent,
287 2654 362 2711 quea
380 2637 469 2713 paulo
486 2646 745 2713 postsequuntur:
767 2657 851 2712 neque
867 2657 928 2695 vero
944 2658 1027 2708 uuuc;
1051 2638 1099 2710 (de
1116 2658 1200 2713 neque
1215 2669 1257 2682 -

184 2741 268 2797 neque
289 2741 351 2779 uero
374 2723 432 2779 vid.
451 2721 560 2798 Opusc.
579 2741 643 2778 mea
659 2723 754 2781 Aced.
773 2724 790 2781 Ι
807 2743 834 2798 p.
848 2723 931 2795 406).
965 2724 1019 2781 Est
1040 2735 1138 2780 tamen
1163 2724 1258 2781 minus

184 2807 310 2882 diligens
326 2807 465 2883 negativa
483 2807 619 2883 partitio;
642 2826 708 2863 narn
726 2811 852 2876 courum,
875 2808 953 2881 quod
971 2809 1171 2883 praeponitur.
1194 2817 1258 2866 tan·

184 2902 244 2950 tum
274 2892 311 2948 ad
341 2893 421 2968 prius
444 2892 605 2949 membrum
629 2892 770 2967 pertinet,
801 2902 830 2950 et
858 2911 922 2949 cum
952 2894 1050 2969 priore
1079 2892 1144 2950 loco
1172 2903 1259 2970 neget

184 2977 290 3037 Cicero
313 2996 344 3034 se
367 2997 427 3034 rem
451 2996 711 3045 commemorasse,
740 2977 834 3034 altero
856 2995 931 3047 non,
961 2988 992 3035 ut
1013 2968 1203 3054 expectetur,
1226 2997 1258 3036 se

184 3062 399 3139 disputaturum
429 3063 466 3120 de
488 3081 524 3120 ea
546 3073 647 3138 negat,
677 3062 728 3120 sed
755 3072 883 3131 tantum,
911 3081 969 3120 non
998 3064 1065 3120 ideo
1092 3063 1257 3138 disputetu-

183 3168 263 3217 rum,
293 3149 371 3223 quod
399 3149 442 3206 rei
471 3148 606 3224 publicae
629 3158 737 3205 statum
760 3158 937 3205 commotum
961 3148 1042 3205 velit.
1086 3150 1191 3222 Itaque
1213 3149 1257 3205 in-

184 3234 255 3292 cidit
278 3234 325 3290 hio
347 3235 430 3292 locus
452 3234 552 3308 ulique
574 3252 611 3291 ex
634 3233 770 3310 partein
793 3233 823 3290 id
845 3252 952 3310 genus,
982 3233 1060 3308 quod
1088 3234 1183 3310 primo
1206 3253 1257 3291 ex·

183 3336 270 3376 cursu
293 3320 435 3390 tractavi,
459 3337 517 3376 non
541 3319 611 3393 quie
631 3337 690 3376 non
712 3319 786 3376 assit
808 3330 964 3393 utrumque
985 3339 1086 3394 neque,
1114 3320 1165 3377 scd
1187 3320 1258 3393 qnia

183 3423 241 3462 non
265 3405 338 3462 setis
360 3405 516 3481 diligenter
537 3405 614 3461 inter
636 3423 667 3461 se
690 3405 878 3480 respondent.

269 3490 309 3547 ll.
338 3491 387 3547 Ad
410 3491 492 3547 Fam.
515 3490 540 3560 1,
565 3490 594 3558 8,
619 3490 653 3547 3:
681 3509 713 3547 eo
734 3490 841 3546 subluto
863 3499 926 3560 totu,
949 3491 998 3547 sed
1019 3487 1098 3567 [cod.
1117 3488 1198 3548 Med.
1217 3487 1256 3567 tt]

183 3594 230 3633 uso
257 3576 323 3632 miii
347 3584 435 3649 mauis
462 3595 544 3650 quom
571 3576 699 3633 omnibus.
754 3576 907 3650 Scriptura
934 3574 1092 3632 manifesto
1120 3584 1257 3651 corrupta

183 3671 242 3729 est3
273 3679 338 3717 nem
369 3680 421 3717 nec
444 3661 540 3718 omitti
564 3662 684 3718 verbum
708 3661 922 3718 substantivum
946 3661 1057 3736 potuit,
1086 3679 1181 3734 neque
1209 3661 1258 3718 sed

183 3755 284 3822 aptum
313 3757 358 3802 est
386 3746 536 3821 (quoniam
571 3747 626 3804 hoc
658 3765 717 3803 non
745 3746 894 3812 elevandi,
928 3747 979 3803 sed
1006 3745 1200 3803 confirmandi
1227 3755 1258 3802 et

183 3830 382 3907 amplificandi
413 3850 501 3889 causa
529 3831 673 3905 additur),
703 3842 734 3889 et
760 3831 852 3888 multo
881 3831 976 3887 minus
1004 3850 1036 3888 ne
1067 3850 1102 3874 ·—-
1134 3832 1255 3906 quidem,

183 3916 269 3991 quasi
286 3916 390 3975 Cicero
413 3936 445 3974 se
468 3917 571 3973 saltem
595 3917 800 3992 excipiendum
824 3926 854 3973 et
875 3916 1011 3974 omnibns
1030 3915 1256 3992 praeferendum

182 4001 274 4060 fuisse
297 4002 450 4078 significet
485 4002 610 4078 Scripsit
627 4001 741 4072 Cicero,
765 4002 1008 4076 quemedmodum
1026 4001 1115 4058 etiam
1132 4002 1256 4059 Wesen-

183 4087 302 4162 bergius
324 4088 510 4146 scribendum
534 4087 622 4145 vidite
648 4106 681 4144 eo
708 4087 816 4144 wbiuto
838 4097 892 4144 toto
914 4097 1005 4156 eunt,
1033 4106 1091 4145 nec
1112 4088 1178 4143 miii
1198 4099 1254 4145 oet.

270 4174 328 4231 ΙΙΙ.
358 4174 407 4232 Ad
429 4174 522 4231 Attio.
544 4175 591 4242 11,
618 4177 648 4242 l,
673 4173 706 4230 5:
734 4173 821 4242 usqi
847 4173 975 4229 limitem
1001 4183 1026 4229 et
1052 4175 1257 4230 inconstantium

182 4265 240 4315 eius
261 4259 433 4334 reprehendi,
456 4263 505 4334 qui
525 4259 627 4316 Romae
649 4259 812 4315 minuetum
831 4260 1006 4333 pipeteret,
1030 4277 1089 4316 cum
1111 4261 1138 4315 iu
1161 4257 1256 4316 Sicilie

182 4345 347 4402 uuiiiitatem
369 4355 506 4420 repetere
527 4346 683 4402 dictitasset.
719 4343 775 4401 Sed
796 4363 881 4418 neque
903 4362 998 4418 meque
1020 4363 1098 4418 opere
1118 4345 1179 4401 diri
1199 4361 1257 4401 esec

181 4430 256 4487 noba
284 4430 461 4487 lrborondum
488 4441 544 4488 eet.
597 4429 817 4504 ineptissimum
845 4437 891 4486 est
917 4430 980 4500 esd,
1014 4445 1088 4505 cum
1110 4428 1184 4486 nihil
1216 4429 1257 4487 sit
