3030 5086
241 453 305 520 310
632 471 678 518 nu
700 469 831 519 ruamus
854 470 925 516 norv.

325 639 439 705 XXXI.
468 639 519 705 99.
546 639 616 704 Hue
638 643 670 702 et
690 638 776 718 illuc,
804 638 978 720 Torquate,
1001 657 1057 704 vos
1079 639 1211 705 versetis
1233 639 1319 720 lieet;

240 741 316 808 nihil
341 741 374 805 in
400 741 460 805 hac
486 740 650 821 praeclara
676 739 811 821 epistula
838 740 990 821 seriptum
1018 740 1058 805 ab
1080 740 1217 822 Epicuro
1245 759 1320 806 eou-

240 861 356 926 gruens
373 848 405 907 et
420 842 607 907 conveniens
625 842 758 906 decretis
772 841 838 907 eius
850 842 1023 923 reperietis
1057 843 1107 906 lta
1118 842 1320 924 redarguitur

240 944 310 1027 ipse
336 964 357 1009 a
379 961 462 1023 sese,
490 944 776 1024 convincunturque
804 944 922 1025 scripta
952 943 1018 1009 eius
1040 943 1199 1025 probitate
1220 943 1320 1025 ipsius

203 1046 224 1111 5
241 1064 279 1111 ao
299 1045 448 1110 moribus.
491 1045 573 1110 Nam
589 1045 651 1110 ista
668 1045 895 1110 commendatio
917 1064 1095 1127 puerorum,
1117 1045 1268 1110 memoria
1289 1053 1322 1112 et

241 1147 357 1212 caritas
379 1146 547 1225 amicitiae,
578 1165 769 1212 summorum
793 1145 964 1212 officiorum
991 1147 1024 1212 in
1046 1152 1184 1212 extremo
1207 1147 1320 1229 spiritu

241 1247 437 1314 conservatio
459 1248 583 1328 indicat,
604 1248 744 1312 innatam
767 1267 837 1313 esse
858 1248 973 1313 homini
996 1248 1184 1330 probitatem
1200 1248 1320 1330 gratui-

241 1355 315 1431 tam,
337 1369 399 1416 non
415 1349 578 1415 invitatam
596 1349 808 1432 voluptatibus
825 1368 882 1414 nec
898 1350 1108 1431 praemiorum
1124 1350 1319 1416 mercedibus

241 1458 409 1518 evocatam.
456 1453 546 1531 Quod
569 1451 650 1516 enim
673 1451 883 1516 testimonium
905 1450 1005 1517 maius
1027 1451 1216 1532 quaerimus,
1239 1468 1320 1533 quae

311 1662 333 1704 2.
352 1656 465 1720 saraptam
483 1653 624 1719 epabtnloE
677 1660 700 1706 8.
719 1654 807 1704 reich
851 1654 1007 1720 redarmatur
1027 1652 1198 1722 [umbrida
1247 1660 1271 1704 ⁴.
1292 1653 1320 1721 [o

240 1742 267 1775 oe
293 1723 328 1791 A]
390 1724 558 1786 vincunturque
583 1721 700 1790 [maor.
723 1731 866 1787 verruntque
890 1724 965 1773 ceteri
1002 1724 1104 1773 bonitate
1127 1723 1150 1772 R
1207 1727 1229 1772 5.
1257 1740 1319 1773 com·

241 1792 390 1844 mandatione
408 1792 451 1841 LP
508 1796 531 1842 8.
554 1799 668 1841 mutatam
687 1791 731 1841 PR
782 1799 913 1842 maumam
930 1791 1005 1842 LMO
1057 1808 1103 1841 non
1118 1790 1319 1856 praeeat-mc

242 1867 266 1912 9.
285 1861 343 1926 quid
361 1862 382 1909 E
418 1859 494 1925 mopr'a
512 1858 555 1908 LP

328 2034 400 2109 Cap.
423 2033 535 2103 XXX,
560 2033 608 2089 99.
658 2033 702 2089 Ito
729 2032 916 2106 ardorqut'tur)
944 2033 980 2089 In
1008 2032 1064 2089 bac
1090 2031 1223 2107 generali
1251 2049 1321 2089 eon·

241 2118 372 2177 elusione
395 2117 561 2175 necessario
584 2117 733 2192 praesenti
756 2126 887 2192 tempore
902 2116 1006 2176 Cicero
1024 2116 1126 2188 utitur,
1149 2117 1321 2194 flagitatque

241 2204 272 2263 id
304 2221 430 2279 sequens
462 2206 713 2276 convincunturque.
769 2204 882 2260 Tamen
921 2202 951 2259 in
985 2209 1152 2268 nostrorum
1186 2202 1321 2260 codicum

241 2289 374 2364 principe
397 2287 455 2345 fuit
477 2289 668 2361 radamantum
694 2306 761 2344 nam
784 2287 827 2344 sie
850 2287 938 2344 etiam
962 2283 1058 2369 [Aa]
1081 2281 1144 2362 ΰξχ
1166 2298 1196 2345 et
1218 2305 1319 2346 omnes

242 2373 359 2433 Gaiani.
404 2373 509 2432 Ortum
532 2372 562 2429 id
585 2383 629 2429 est
652 2392 689 2430 ex
711 2376 856 2447 reperiam.

327 2455 583 2535 convincunturque)
595 2456 720 2516 Codices
737 2457 840 2533 optimi
853 2457 929 2530 (Pal.
946 2460 972 2527 l,
987 2456 1063 2532 Spir.
1078 2452 1143 2538 [B],
1157 2475 1214 2533 mg.
1229 2455 1320 2529 Orat,

242 2543 289 2604 El.
304 2545 333 2614 2,
352 2538 402 2614 Et,
422 2543 510 2600 etiam
523 2543 620 2600 Mead.
633 2553 662 2599 et
674 2543 718 2599 ed.
731 2542 836 2615 Marsi)
850 2546 1051 2616 vincunturque,
1070 2542 1149 2617 quod
1166 2560 1185 2599 a
1196 2541 1321 2600 Davisio

241 2629 409 2688 restitutum
433 2627 527 2687 Gzius
549 2638 579 2685 et
601 2627 731 2686 Orellius
754 2637 919 2685 tenuerunt.
963 2628 1040 2684 Nam
1063 2630 1152 2684 oerore
1173 2626 1232 2684 dici
1248 2626 1323 2703 Epi·

242 2714 305 2772 curi
338 2714 448 2788 scripte
482 2722 511 2769 et
539 2714 575 2770 ad
603 2713 759 2788 legendum
788 2713 987 2770 commendari
1015 2712 1162 2788 probitate
1196 2712 1259 2770 eius
1292 2719 1321 2769 et

241 2800 383 2869 moribus,
406 2817 464 2872 quo
487 2816 574 2855 sensu
597 2798 676 2873 apud
701 2798 856 2856 Horatium
874 2798 941 2873 (Ep.
954 2799 995 2863 Il,
1012 2799 1038 2868 l,
1052 2799 1104 2871 75)
1121 2816 1224 2854 versus
1245 2815 1321 2855 unus

242 2894 272 2943 et
294 2886 369 2942 alter
391 2892 484 2940 totum
508 2891 613 2958 poema
637 2883 743 2941 ducere
766 2893 796 2940 et
817 2882 945 2940 vendere
968 2882 1082 2954 dicitur,
1106 2891 1136 2939 et
1157 2901 1211 2958 per
1227 2901 1259 2941 se
1275 2882 1321 2940 in·

242 2979 341 3046 aptum
376 2979 422 3026 est
449 2969 527 3042 (quis
555 2967 633 3025 enim
661 2978 729 3044 post
756 2969 870 3043 aliquot
899 2968 1017 3025 saecula
1050 2976 1171 3044 propter
1199 2967 1321 3044 Epicuri

241 3074 338 3113 mores
360 3054 417 3111 sibi
440 3054 556 3129 ignotos
579 3053 690 3128 scripta
717 3054 780 3111 eius
801 3052 952 3130 legebati)
976 3063 1005 3111 et
1032 3055 1070 3111 ab
1092 3053 1144 3126 iis,
1172 3072 1248 3129 quae
1276 3071 1321 3111 so-

242 3149 388 3215 quuntur,
416 3148 446 3195 et
468 3138 587 3196 omnino
609 3139 647 3195 ab
671 3157 720 3208 eo,
749 3140 784 3196 de
813 3158 871 3214 quo
894 3140 1005 3216 agitur,
1028 3139 1242 3197 alienissimum
1265 3147 1319 3197 est.

243 3224 303 3284 Sed
324 3244 361 3281 ne
380 3227 521 3281 vincuntur
543 3223 661 3298 quidem
684 3233 796 3281 rectum
820 3234 880 3293 eat;
904 3243 970 3281 nam
994 3241 1123 3299 persona
1144 3233 1196 3280 eut
1217 3241 1265 3280 rea
1286 3224 1321 3280 ab

242 3310 302 3367 alia
323 3309 402 3366 vinei
425 3309 524 3383 aliqua
546 3328 578 3366 re
601 3309 716 3379 dieitur,
740 3318 860 3366 autres
882 3309 983 3383 aliqua
1004 3327 1040 3365 ea
1061 3328 1093 3365 re
1116 3308 1195 3365 vinci
1217 3316 1248 3365 et
1269 3307 1321 3365 ob-

242 3395 369 3466 scurari,
400 3412 525 3469 quaeum
553 3394 583 3450 in
612 3405 760 3451 certamen
788 3394 889 3451 venire
917 3394 1026 3469 possit,
1060 3402 1094 3451 ut
1115 3393 1209 3451 virtus
1232 3392 1320 3463 vitio;

241 3481 352 3555 scripta
379 3479 527 3555 probitate
554 3479 683 3536 bominis
706 3479 783 3536 vinei
811 3498 868 3537 nou
898 3489 976 3536 recte
1005 3480 1150 3537 dicuntur.
1195 3478 1320 3551 Deinde,

242 3565 320 3640 quod
343 3574 433 3639 eaput
454 3573 513 3634 est,
542 3582 617 3638 quae
645 3564 812 3621 adiciuntur
834 3564 936 3637 (Nam
957 3568 1011 3621 tato
1033 3567 1121 3636 eet),
1151 3564 1320 3634 ostendunt,

241 3650 297 3708 hoc
320 3649 424 3709 Cicero
447 3649 560 3720 dicore,
588 3650 654 3724 ipsa
681 3649 733 3706 illa
760 3649 908 3724 probitate
932 3649 1010 3707 vitae
1033 3648 1156 3725 Epicuri
1182 3649 1322 3725 redargui

241 3736 403 3792 sententias
437 3735 519 3804 eius;
560 3754 704 3809 apparere
737 3735 835 3805 eninr,
875 3735 942 3792 eliis
975 3737 1063 3792 rebus
1102 3735 1140 3791 ad
1173 3735 1320 3810 agendum

241 3821 375 3878 homines
403 3829 509 3876 natura
536 3820 664 3894 impelli,
698 3838 785 3894 quam
820 3821 926 3894 quibus
954 3839 1005 3878 eos
1032 3819 1179 3895 Epicurus
1207 3818 1321 3894 impelli

241 3905 329 3963 dicat.
380 3907 486 3979 Itaque
519 3905 672 3961 verissime
701 3905 841 3962 Davisius
874 3909 1065 3963 corroborentur
1098 3904 1187 3962 scribi
1215 3903 1319 3974 voluit,

241 3992 344 4049 eudem
367 4008 488 4067 prorsus
510 3991 666 4060 sententia,
690 4010 748 4064 que
765 3993 830 4059 §81
852 3991 972 4048 dicitur:
995 3992 1040 4048 Ito
1063 3996 1130 4049 enim
1152 3993 1244 4047 uiuunt
1259 3993 1320 4065 qui-

241 4079 314 4146 dam,
337 4087 366 4133 ot
388 4096 478 4134 eorum
500 4079 554 4133 vito
577 4078 717 4149 rrrsellutur
739 4079 832 4132 oratio.
877 4075 961 4148 (cod.
985 4077 1060 4133 Mor.
1083 4077 1269 4149 ooeneanlur.)

327 4182 379 4219 non
401 4158 553 4239 inuitatum)
577 4161 626 4220 Sic
648 4161 760 4237 primus
782 4162 933 4219 Victorius
962 4169 991 4218 et
1018 4162 1123 4219 deinde
1147 4160 1318 4220 Lambinus.

242 4246 425 4305 Confirmant
447 4266 505 4321 mg.
530 4245 620 4316 Crat,
643 4246 719 4305 Pell.
748 4250 774 4316 l,
794 4247 821 4317 3,
841 4248 869 4315 6,
893 4242 956 4326 [B,]
980 4247 1048 4304 Per.
1062 4247 1090 4316 2,
1114 4247 1160 4304 El.
1186 4255 1319 4320 uterque,

242 4331 327 4391 CCC.
352 4332 443 4407 (Oxx.
466 4332 522 4406 Utp
545 4341 707 4401 mutuatam
731 4330 824 4390 Gzius
848 4333 946 4406 tacet.)
