3030 5086
419 495 463 541 nr
486 495 567 541 nnn.
589 495 652 541 nm.
676 496 709 542 nv
732 494 805 542 cnr.
826 495 848 544 r.
867 495 1000 559 (rs-rs.)
1184 477 1246 544 sot

172 664 263 744 quius
285 671 342 735 est,
366 669 402 727 ut
423 661 568 743 coniugia
589 663 727 727 uirorum
750 669 783 727 et
803 682 936 727 unorum
953 670 1066 727 natura
1084 662 1250 728 coniuncta

173 784 243 830 esse
254 765 403 842 dicerent,
426 782 489 844 qua
507 783 544 828 ex
562 764 661 845 stirpe
678 764 837 829 orirentur
853 764 1006 830 amicitiae
1022 764 1248 846 cognationum.

172 871 276 948 Atque
302 865 342 930 ab
369 865 418 930 his
440 866 534 930 initiis
556 864 689 947 proiecti
713 866 849 930 omnium
871 867 1021 932 virtutum
1044 875 1076 932 et
1098 867 1248 950 originem

172 975 204 1033 et
219 967 471 1049 progressionem
488 967 644 1048 persecuti
661 973 741 1032 sunt
781 968 828 1032 Ex
845 987 907 1049 quo
924 969 1107 1048 magnitudo
1125 987 1249 1050 quoque

171 1069 268 1134 animi
285 1068 448 1148 existebat,
470 1072 541 1150 qua'
554 1067 644 1133 facile
666 1077 775 1149 posset
796 1070 966 1151 repugnari
988 1069 1161 1151 obsistique
1182 1069 1287 1138 ior-5

171 1179 281 1249 tunae,
314 1171 398 1251 quod
432 1171 584 1235 maximae
611 1189 663 1235 res
693 1177 799 1236 essent
831 1171 862 1235 in
897 1177 1053 1253 potestate
1087 1171 1248 1252 sapientis.

172 1273 351 1337 varietates
373 1278 478 1336 autem
500 1272 694 1352 iniuriasque
715 1272 860 1337 fortunae
881 1270 973 1337 facile
990 1280 1130 1339 veterum
1147 1273 1248 1353 philo-

172 1374 341 1455 sophorum
363 1375 540 1454 praeceptis
557 1373 701 1437 instituta
717 1372 782 1437 vita
799 1373 977 1455 superabat
1013 1375 1061 1438 18.
1084 1375 1249 1456 Principiis

171 1482 276 1540 autem
298 1495 319 1538 a
340 1482 456 1538 natura
472 1474 563 1552 datis,
585 1474 805 1555 amplitudines
824 1477 977 1557 quaedam
995 1475 1148 1541 bonorum
1167 1476 1248 1540 enci·

171 1577 328 1655 tenantur,
351 1577 467 1656 partim
489 1575 648 1656 proiectae
665 1595 685 1640 a
704 1577 965 1657 contemplatione
986 1597 1090 1642 rerum
1113 1578 1248 1642 occulta·
1268 1581 1310 1646 10

241 1767 263 1813 9.
283 1762 468 1812 coniunctionum
487 1762 507 1812 C
543 1767 567 1811 ³.
586 1771 657 1826 atque
676 1789 706 1800 -
725 1763 835 1813 virtutum
853 1778 902 1814 om.
922 1764 943 1812 L
978 1763 1007 1812 iis
1025 1765 1049 1814 R
1082 1773 1104 1814 st
1122 1773 1181 1813 anto
1199 1764 1248 1814 ori·

169 1831 245 1894 qinom
264 1831 353 1881 om.C
407 1838 429 1881 4.
449 1839 470 1879 et
486 1831 674 1896 progressionem
692 1846 740 1881 om.
760 1831 803 1878 LP
859 1838 882 1882 5.
899 1833 1016 1897 possitL
1071 1837 1109 1884 l0.
1129 1832 1247 1896 quaedam

171 1907 228 1963 (pro
244 1900 343 1962 partim)
363 1901 385 1948 R
420 1898 569 1947 occultiorum
588 1899 698 1949 EPCOr.

171 2057 325 2112 docuerunt.
370 2055 474 2129 Itaque
498 2054 653 2112 dicendum
676 2062 754 2112 erat:
783 2065 812 2112 ut
838 2057 959 2127 coriiupr'a
987 2058 1106 2113 virorum
1134 2065 1159 2113 et
1181 2075 1247 2114 riso·

171 2160 231 2196 rum
259 2143 402 2210 mirantum
436 2158 503 2196 nam
535 2149 565 2196 et
592 2150 691 2197 natura
720 2150 750 2196 et
777 2142 894 2197 dicerem
921 2141 1021 2198 insunt
1048 2141 1078 2198 in
1107 2141 1249 2216 primaria

170 2226 327 2284 sententia.
374 2225 479 2284 Cicero
501 2224 600 2281 nescio
623 2224 770 2298 quomodo
795 2224 910 2282 initium
934 2225 1077 2283 orationis
1099 2226 1247 2296 deserens,

170 2311 254 2384 quasi
278 2311 418 2368 dixisset:
440 2313 576 2384 primique
597 2312 636 2366 ita
658 2302 813 2380 documnm,
837 2320 875 2379 nt,
899 2328 958 2366 non
980 2310 1076 2367 solum
1098 2311 1128 2368 in
1151 2318 1248 2368 tauto·

171 2396 279 2470 logiam
296 2396 401 2453 incidit
416 2395 542 2452 similem
560 2395 633 2464 eius,
652 2413 727 2469 quae
739 2396 797 2465 III,
814 2396 850 2452 12
869 2403 972 2452 notata
989 2407 1034 2452 est
1046 2398 1096 2468 (sic
1112 2415 1248 2470 erumna-

170 2492 241 2551 rnnt,
260 2491 289 2537 ut
305 2484 343 2537 ita
355 2483 439 2556 paria
456 2480 621 2554 redderent),
640 2481 691 2536 sed
708 2480 738 2537 in
757 2481 848 2538 multo
861 2481 1002 2537 maiorem
1014 2481 1248 2561 perversitatem,

169 2566 194 2623 si
217 2567 284 2640 quis
306 2566 462 2623 verborum
491 2565 715 2640 grammaticam
742 2566 978 2623 coniunctionem
1007 2566 1144 2640 persequi
1168 2565 1249 2624 volet

170 2653 281 2722 (tratura
298 2653 424 2708 tributum
442 2651 598 2720 hominibus,
616 2659 645 2706 ut
659 2651 814 2726 philosophi
831 2653 969 2722 (domem).
1002 2650 1057 2728 [Et
1073 2661 1171 2708 tamen
1189 2669 1247 2709 non

170 2736 262 2792 multo
285 2737 372 2792 aliter
394 2736 592 2809 interponitur
614 2737 714 2792 diceret
735 2736 816 2792 Laol.
842 2737 897 2806 35,
927 2737 1012 2794 Verr.
1026 2737 1105 2800 ¹Act.
1129 2737 1156 2808 I,
1183 2733 1248 2816 rt]

261 2821 306 2876 18.
341 2822 531 2895 amplitudines
558 2822 694 2893 quaedam
717 2821 842 2877 bonorum
865 2822 1063 2892 annitebantur)
1086 2821 1250 2895 Imaginem

118 2944 122 2948 -
173 2905 257 2962 duxit
280 2905 317 2961 ab
340 2905 491 2974 aedificiis,
515 2923 590 2979 quoe
608 2924 626 2960 a
642 2904 842 2963 fundamentis
859 2905 1040 2974 excitantur3
1064 2905 1136 2962 dicit
1151 2913 1250 2962 autem

172 2990 207 3046 de
231 2991 373 3046 virtutum
403 2990 480 3064 apud
509 2999 624 3045 veteres
653 2989 720 3046 illos
749 2990 958 3047 constitutione
987 3000 1017 3046 et
1044 2990 1251 3064 explicatione,

171 3074 222 3132 sed
251 3075 381 3131 oratoria
409 3075 534 3148 quadarn
566 3074 759 3149 ambiguitate
786 3075 823 3131 iis
851 3075 944 3131 utitur
966 3074 1065 3132 verbis
1087 3077 1131 3148 (ut
1161 3074 1249 3149 paulo

170 3169 237 3236 post
264 3162 387 3216 absoluta
409 3162 474 3232 est),
504 3169 653 3234 tamquam
683 3178 740 3216 non
769 3159 805 3216 de
834 3159 1003 3231 sententiis,
1032 3160 1083 3217 sed
1111 3160 1147 3216 de
1176 3159 1249 3234 ipsis

169 3245 328 3302 virtutibus
351 3264 455 3319 reapse
478 3245 551 3302 ortis
573 3255 604 3300 et
625 3244 789 3320 progressis
811 3245 959 3319 loquatur.
999 3245 1249 3302 Animadverten-

170 3330 223 3387 dus
246 3341 398 3404 praeterea
422 3331 469 3387 hio
492 3349 609 3404 quoque
632 3330 774 3387 orationis
796 3330 918 3386 liberior
937 3348 1055 3400 cursus;
1078 3348 1146 3386 nam
1170 3329 1249 3404 quod

170 3415 254 3471 huic:
275 3421 377 3489 partim
395 3419 535 3491 profectae
557 3436 575 3471 a
596 3417 813 3490 corrumpdrtione
830 3424 887 3474 cet.
912 3416 1090 3492 respondere
1113 3415 1248 3485 debebat,

171 3500 201 3556 id
224 3500 311 3556 aliter
338 3499 553 3558 conformatum
580 3500 624 3557 ita
646 3509 704 3557 est:
733 3502 859 3575 quodque
887 3502 935 3558 lsoc
962 3503 1047 3558 solum
1069 3503 1172 3557 aminal
1193 3507 1247 3557 cei.

171 3617 211 3626 -
235 3590 418 3659 temperantia,
442 3588 579 3655 modestia,
603 3589 706 3642 iustitia
728 3618 768 3628 —
791 3587 915 3643 absoluta
937 3596 976 3643 est
999 3586 1043 3661 (id
1065 3596 1126 3658 est,
1145 3588 1249 3661 partim

166 3672 305 3745 profectae
337 3691 355 3727 a
378 3672 485 3746 pudore
512 3681 537 3727 et
563 3674 723 3745 appetitione
749 3675 883 3728 convmtna
911 3671 1044 3728 homanum
1072 3674 1158 3744 eet.);
1187 3670 1248 3730 vid.

171 3773 235 3811 exc.
263 3756 300 3812 ad
328 3757 357 3825 1,
382 3757 431 3813 23.
478 3757 523 3813 De
551 3756 616 3830 ipsa
645 3755 698 3811 illa
725 3756 871 3814 divisione
898 3756 1057 3825 virtutum,
1091 3774 1167 3830 quse
1188 3755 1249 3814 *hio

170 3840 330 3916 significari
354 3841 479 3911 videtur,
503 3841 565 3898 dixi
588 3841 626 3897 ad
649 3845 664 3911 5
688 3843 716 3897 4.

256 3946 346 3982 rerum
372 3925 549 4003 monitorum)
578 3925 629 3984 Sic
656 3925 798 4000 scriptum
827 3934 891 3982 erat
923 3926 953 3981 in
982 3925 1046 3982 cod.
1074 3925 1165 3994 Mon,
1195 3918 1249 3995 Εξ,

171 4009 249 4068 Gud.
272 4021 412 4086 utroque,
441 4012 510 4068 Bas.
533 4020 749 4084 tenueruntque
771 4012 822 4082 (ex
845 4011 883 4084 R)
906 4010 1034 4068 editores
1056 4009 1175 4084 quidam
1198 4029 1249 4067 ve·

169 4103 262 4153 teres.
291 4107 323 4153 ut
345 4096 426 4155 Crat.
471 4095 569 4155 Ceteri
598 4097 769 4152 monitionum
796 4094 956 4168 (Gruterus
984 4104 1014 4152 et
1036 4095 1177 4152 Davisius
1205 4099 1252 4152 ta·n

169 4183 292 4252 centes),
315 4182 392 4255 quod
417 4181 504 4238 etiam
527 4182 557 4238 in
577 4200 634 4256 mg.
654 4179 735 4239 Crat
752 4188 911 4237 annotatur
927 4176 1100 4259 [amoenum
1117 4176 1175 4259 Β];
1197 4179 1250 4237 sed

169 4265 319 4341 respuitur
346 4266 375 4321 in
405 4267 459 4322 hac
486 4285 518 4322 re
541 4285 596 4323 usu
619 4264 772 4324 Ciceronis
794 4265 1013 4340 comparativus
1035 4284 1133 4323 rerum
1156 4283 1248 4342 genus

171 4368 228 4406 non
246 4349 421 4425 simpliciter
432 4351 599 4419 declarans3
618 4352 677 4410 vid.
690 4352 716 4421 1,
731 4352 771 4408 64
788 4352 889 4424 (rerum
906 4352 1070 4408 mundarum
1086 4353 1250 4425 ignoratione

171 4436 298 4508 anablata),
317 4437 354 4504 V,
371 4437 418 4501 10,
436 4437 531 4494 Acad.
543 4438 569 4508 I,
585 4438 631 4495 15.
665 4437 743 4494 Puto
762 4437 796 4494 in
818 4435 919 4494 codiee
940 4436 1101 4513 archetypo
1124 4436 1249 4494 obscura
