3030 5086
459 498 503 543 nr
527 498 607 544 nnn.
631 497 693 543 nus.
716 497 740 542 11
762 498 835 544 cnr.
856 501 894 546 ns.
910 497 973 561 (se.)
1190 482 1252 552 283

178 673 282 731 eutem
304 674 336 730 et
356 663 507 729 invidiam
530 665 620 734 facile
642 664 768 744 vitabis3
798 666 839 729 ad
862 684 916 729 ees
938 666 1020 730 enim
1042 685 1093 731 res
1115 666 1154 731 ab
1177 666 1252 747 Epi·

177 785 250 831 curo
278 777 448 848 praecepto
476 768 599 831 duntur.
654 766 696 830 Et
723 773 827 831 tumen
857 768 951 831 tentis
979 768 1182 850 vectigalibus
1210 768 1252 832 sd

247 1009 267 1054 l.
286 1022 324 1054 res
343 1004 402 1054 enirn
421 1004 442 1052 E
479 1009 502 1054 2.
522 1013 600 1053 tamen
618 1021 665 1052 non
683 1003 756 1052 tantis
774 1002 894 1054 LPMCR

175 1208 297 1288 [Aeque
320 1210 532 1267 incredibiliter
554 1211 715 1267 advocetur
739 1211 826 1286 Verg.
849 1212 927 1268 Aen.
951 1209 1127 1288 V11,470.]
1172 1210 1250 1268 lllud

176 1295 280 1352 merito
295 1313 545 1370 supervacaneum
564 1295 653 1365 dicus,
672 1295 750 1369 quod
763 1294 933 1354 Gronovius
951 1303 980 1351 et
993 1294 1251 1353 Drakenborchius

176 1380 226 1453 (nd
248 1380 313 1438 Liv.
339 1381 392 1450 IV,
418 1381 472 1450 30,
499 1382 550 1452 15)
573 1380 709 1455 exemplu
731 1380 898 1455 colligenda
920 1390 1075 1454 prterunt,
1098 1381 1149 1437 ubi
1172 1381 1251 1439 dice·

174 1473 269 1535 retur,
296 1483 360 1521 rem
382 1465 511 1539 aliquem
534 1467 606 1522 setis
629 1484 708 1534 esse,
736 1465 766 1521 id
789 1477 847 1534 est,
870 1464 1015 1524 sufficere.
1061 1467 1096 1523 In
1120 1465 1251 1525 Cornelii

174 1549 262 1607 etiarn
291 1549 395 1624 Epum.
421 1552 438 1606 4
467 1550 545 1624 quod
573 1551 714 1626 scripturn
744 1559 802 1606 est:
830 1551 1003 1607 abstinentiae
1029 1556 1080 1608 erit
1109 1552 1156 1608 hoc
1183 1556 1251 1608 satis
1286 1584 1289 1588 ⁴

175 1638 362 1704 testimonium,
391 1645 470 1691 reete
499 1635 541 1692 sic
564 1636 621 1692 iarn
646 1633 795 1691 Drakenb.
824 1635 972 1691 intellexit
994 1637 1055 1708 (loc
1077 1639 1250 1692 testimonium

173 1723 241 1776 cates
263 1723 334 1792 erit).
369 1719 588 1794 Relinquuutur
609 1721 708 1796 igitur,
731 1719 767 1775 dc
790 1720 896 1794 quibus
920 1719 1079 1791 dubitetur,
1103 1721 1160 1777 duo
1183 1721 1250 1791 loci,

174 1805 249 1862 ulter
272 1804 423 1863 Ciceronis
446 1806 476 1862 in
499 1824 545 1880 ep.
568 1805 605 1861 ed
629 1807 693 1862 Att.
717 1805 792 1873 XII,
811 1806 865 1861 50:
888 1810 914 1861 si
934 1809 1001 1862 satis
1023 1807 1159 1862 conuitium
1181 1825 1250 1880 qua·

174 1891 237 1946 dam
260 1891 294 1946 de
315 1909 344 1945 re
366 1890 503 1959 haberem,
532 1890 568 1946 de
591 1909 650 1964 qno
673 1890 808 1963 equidem
832 1908 890 1946 non
913 1890 1001 1946 nimis
1023 1890 1153 1959 conlido,
1182 1909 1248 1947 nem

174 1974 237 2050 ipse
265 1975 422 2031 verborum
451 1975 564 2050 positus
591 1984 749 2051 repugnet,
778 1992 832 2030 nec
859 1993 929 2031 sane
957 1985 1026 2050 epte
1054 1975 1112 2031 dici
1134 1975 1253 2033 ridetur

174 2062 311 2117 consilium
334 2061 425 2128 habeo,
449 2069 481 2116 nt
503 2060 628 2117 addatur
650 2063 725 2127 satis,
744 2079 854 2134 parum,
879 2060 1002 2130 similie3
1026 2057 1176 2140 [Moserus
1199 2079 1249 2116 ex-

151 2136 279 2202 'cidisse
302 2145 417 2220 putavit
440 2156 539 2201 certam
567 2155 617 2202 ant
641 2144 737 2200 simile
760 2145 937 2202 adiectivum
962 2155 1028 2220 post
1050 2142 1146 2224 satim]
1175 2145 1250 2202 ulter

174 2230 326 2305 scriptoris
349 2229 561 2286 rhetoricorum
585 2231 623 2286 ud
645 2229 827 2286 Herennium
852 2230 881 2285 in
904 2230 969 2304 ipso
991 2230 1091 2287 initio:
1115 2234 1160 2287 oie
1182 2236 1249 2287 sutis

174 2317 253 2370 otium
275 2316 364 2371 studio
386 2317 559 2390 suppeditare
571 2334 726 2390 possmnns,
750 2315 799 2371 ubi
818 2315 868 2388 qui
890 2319 970 2370 otium
990 2315 1138 2384 omittunt,
1162 2315 1249 2371 debe·

174 2400 245 2456 bunt
267 2400 377 2456 dicere.
406 2400 456 2456 ubi
484 2400 624 2475 scriptum
654 2398 853 2475 repperissent
882 2400 917 2455 de
945 2400 1079 2457 homine:
1108 2401 1249 2475 suppedito

174 2488 220 2541 rei.
253 2483 312 2543 Sed
335 2494 460 2558 utroque
484 2484 548 2542 loco
571 2487 674 2541 cotrsilii
695 2495 725 2540 et
747 2489 793 2541 otii
813 2485 875 2552 illo,
899 2504 957 2558 qno
981 2484 1053 2554 dixi,
1078 2485 1163 2542 modo
1187 2503 1249 2541 cor·

173 2570 270 2645 rumpi
299 2569 402 2645 potnit.
455 2570 500 2626 De
529 2570 618 2646 Legg.
649 2571 678 2628 Ι.
703 2570 743 2626 30
772 2579 884 2626 tontum
914 2570 983 2627 meli
1012 2571 1096 2628 codd.
1127 2571 1249 2627 habent:

174 2657 247 2728 qttod
273 2664 457 2728 arpumentnm
483 2659 555 2711 ,satie
582 2666 634 2716 est,
663 2655 799 2711 meliores
828 2665 856 2710 et
885 2655 983 2729 plures
1011 2658 1168 2728 arpumenti.
1214 2655 1249 2712 In

173 2739 362 2816 Digestorum
385 2739 461 2796 libro
484 2740 550 2809 XL,
576 2742 603 2800 5,
627 2742 665 2796 45
691 2739 836 2814 (Ulpiun.)
859 2741 1005 2797 sententie
1027 2741 1149 2817 respuit,
1172 2740 1250 2813 quod

124 2840 128 2848 ·
172 2825 202 2882 in
231 2825 294 2882 cod.
318 2825 490 2882 Florentino
519 2837 577 2881 est:
611 2829 677 2881 sotis
706 2827 829 2881 im'nn'ont
851 2827 924 2898 facit
952 2827 1081 2893 libertati,
1115 2825 1145 2881 in
1173 2825 1249 2882 libro

172 2909 585 2982 XXXVIII,1‚19(Gai.):
611 2921 638 2967 ut
660 2914 727 2966 sutis
750 2921 852 2984 tempus
874 2912 913 2966 ad
935 2921 1075 2983 qreaestnm
1091 2911 1249 2982 sumendum

174 2996 281 3058 habeat,
317 3005 430 3051 tantum
459 2996 615 3051 verborum
650 2995 817 3051 coniunctio
851 2993 979 3051 offendit⁴
1031 2992 1247 3074 [Omittendum

174 3076 396 3158 vinetorum]
431 3079 621 3154 Comparant,
640 3081 717 3153 qnod
735 3081 812 3155 apud
826 3079 997 3137 Sallustium
1011 3090 1054 3136 est
1068 3081 1143 3155 (lug.
1163 3081 1248 3154 102):

168 3175 296 3240 parenetes
318 3167 424 3222 abutzde
447 3167 572 3221 tredennis
595 3166 652 3238 (cui
678 3165 772 3221 simile
801 3175 844 3220 est
873 3165 903 3221 in
927 3175 1000 3221 orat.
1024 3165 1131 3223 Licinii
1155 3169 1169 3234 §
1194 3166 1248 3221 26:

172 3251 278 3306 abunde
305 3251 450 3307 libertatem
479 3254 560 3324 roti);
595 3250 683 3306 velim
712 3259 809 3306 tumen
838 3250 1048 3317 animadverti,
1084 3250 1203 3325 adiungi
1233 3268 1249 3306 e

173 3335 333 3392 contrario:
357 3339 500 3392 arrrieormn
524 3355 608 3409 neque
630 3336 703 3391 nobis
725 3355 809 3409 neque
831 3340 954 3408 cerionem
973 3339 1086 3391 annuum
1104 3338 1248 3409 satisfuit.

173 3420 258 3496 Nego
281 3420 337 3476 dici
361 3421 507 3495 potuisse:
530 3424 611 3476 ann'ci
632 3454 668 3462 —
695 3424 762 3477 satis
778 3423 901 3494 snertmt.

257 3508 310 3561 iam
328 3506 468 3579 contemtu)
488 3506 537 3564 Sic
555 3507 641 3561 etiam
663 3502 757 3584 [AB],
778 3505 864 3580 Spin,
883 3525 940 3581 mg.
960 3505 1050 3569 Cret,
1074 3519 1105 3563 ut
1124 3505 1248 3568 ridetur,

121 3617 123 3619 >
174 3590 261 3647 ctiam
285 3586 335 3659 Εξ.
381 3591 551 3647 Deteriores
579 3601 742 3647 ceterorum
766 3591 947 3663 (Dnvisitmi,
972 3591 1051 3649 Oxx.
1074 3604 1133 3664 χψ.
1158 3589 1248 3662 Gzii),

172 3687 205 3731 ut
227 3676 334 3745 nostri,
363 3687 524 3732 contemnere
552 3676 606 3746 (sic
629 3677 885 3752 interpungentes:
909 3679 1078 3750 praesidium
1106 3679 1159 3731 iam
1187 3695 1249 3730 con·

175 3766 308 3834 temnere).
353 3756 396 3828 Εξ
413 3764 546 3836 potentis.
595 3761 731 3818 Contemni
752 3762 881 3818 restituit
905 3762 1064 3818 Victorius.

258 3847 299 3902 Et
321 3857 406 3902 tannen
431 3850 511 3902 tontis
533 3847 717 3919 vectigalibus)
742 3846 790 3903 Sic
815 3846 878 3902 Pul.
896 3849 920 3914 l,
944 3846 1060 3914 Morel,
1084 3844 1163 3919 Spir.
1183 3838 1248 3923 [B],

172 3929 218 3986 El.
234 3928 312 4002 (2?);
339 3931 386 3998 „in
406 3932 595 4006 Scaligernno
614 3951 663 3987 non
680 3932 766 3987 lineis
785 3933 958 3988 subductum
977 3937 1068 3987 erat.“
1104 3931 1248 3986 Ettamen
1319 3966 1322 3970 ι

173 4015 261 4072 simili
286 4016 371 4072 modo
395 4028 482 4090 utque
501 4017 525 4080 I,
543 4017 589 4084 15,
610 4017 637 4072 h.
655 4017 731 4072 libro
746 4018 785 4072 64
802 4017 930 4090 ponitur,
954 4015 1009 4072 hnc
1027 4015 1186 4072 sententia:
1210 4024 1247 4085 et,

173 4100 287 4157 etiamsi
311 4100 372 4167 illo,
396 4121 470 4175 quoe
494 4101 566 4164 dixi,
590 4100 759 4170 deleccrint,
783 4112 880 4156 tumen
906 4111 959 4156 cet.
994 4102 1099 4174 Itaque
1121 4099 1250 4156 refertur

173 4186 319 4260 particula
336 4187 372 4241 nd
391 4187 512 4242 tacitum
535 4187 716 4242 intellectum
735 4200 763 4241 et
780 4185 997 4242 concessionem
1016 4185 1155 4242 contrarii
1175 4185 1247 4255 eius,

173 4272 250 4344 quod
274 4281 360 4328 untcn
384 4272 511 4346 positum
535 4283 589 4328 cst.
639 4271 765 4328 >Notavit
795 4272 849 4326 hoc
876 4289 968 4345 genus
997 4268 1190 4328 Gernherdus
1217 4269 1247 4326 in

173 4354 238 4415 Cet.
266 4359 313 4413 16.
358 4353 420 4435 [Ad
446 4359 510 4413 Au.
536 4357 608 4422 XII,
633 4357 671 4412 42
695 4352 773 4434 init]
818 4355 885 4412 Non
909 4355 967 4412 olio
989 4373 1111 4431 genere,
1134 4364 1247 4412 tantum
