3030 5086
195 429 258 493 698
587 449 629 493 nn
652 448 782 495 sturnus
807 448 878 494 nou.

196 624 266 679 tem.
313 615 404 693 Quid,
426 633 495 680 curu
518 614 607 680 listas
630 616 760 693 fabulas,
785 635 802 681 e
825 616 936 698 quibus
959 616 1077 682 utilitas
1100 617 1185 682 nulla
1207 616 1281 683 elici

195 723 313 797 potest,
343 736 411 781 eum
441 717 601 798 voluptate
629 719 780 799 legimus?
829 720 880 784 52.
909 718 1006 797 Quid,
1034 737 1103 784 cum
1131 719 1280 783 volumus

198 819 322 883 nomina
345 837 462 897 corum,
485 819 539 899 qui
560 820 636 900 quid
657 819 826 900 gesserint,
850 827 925 885 nota
947 820 1036 884 nobis
1059 838 1137 900 esse,
1159 839 1280 900 pareu-

196 928 258 997 toS,
286 921 436 1001 patriam,
465 921 561 985 multa
589 927 753 1003 praeterea
781 922 906 987 minimo
934 922 1132 987 necessaria?
1181 921 1279 1003 Quid,

157 1023 280 1103 bquod
302 1023 442 1087 hominos
465 1021 571 1087 infima
594 1021 728 1103 fortuna,
750 1025 836 1088 nulla
858 1043 915 1106 spe
934 1042 1039 1088 rerum
1056 1025 1279 1105 gerendarum,

196 1124 324 1206 opifices
346 1124 479 1205 denique
501 1126 696 1190 delectentur
713 1125 865 1191 historia?
887 1126 1080 1207 maximeque
1097 1145 1150 1191 eos
1167 1126 1281 1190 videre

196 1244 364 1307 possumus
387 1246 437 1290 res
458 1237 564 1307 gestas
586 1228 697 1292 audire
719 1236 751 1292 et
771 1228 875 1310 legero
897 1228 990 1306 velle,
1019 1227 1073 1309 qui
1099 1248 1119 1292 a
1141 1245 1198 1308 spe
1222 1245 1280 1305 ge·

197 1328 284 1392 rendi
308 1328 422 1392 absunt
444 1327 573 1394 conlecti
592 1335 759 1394 senectute.
811 1330 966 1409 Quocirca
987 1328 1125 1410 intellegi
1148 1345 1281 1394 necesse

270 1521 289 1566 1.
313 1515 408 1564 tabulas
428 1515 447 1563 Ρ
501 1515 567 1564 nulla
590 1515 639 1565 dici
656 1516 701 1566 EC
725 1514 791 1565 inulla
813 1515 870 1565 duci
891 1516 936 1565 Pu
990 1521 1011 1567 2.
1032 1524 1079 1565 tatu
1101 1514 1237 1580 voluptates
1256 1514 1281 1563 Ε

197 1589 221 1636 3,
241 1582 283 1646 qut'
298 1583 362 1647 qaod
381 1585 400 1632 l]
438 1589 459 1635 5,
479 1585 574 1646 irfirraa
594 1586 615 1632 Ε
652 1589 673 1634 6.
694 1583 836 1634 delectentur
854 1584 919 1635 Ll’c

196 1761 296 1815 inscius
318 1761 432 1814 auritium
455 1776 553 1825 cerula,
576 1760 675 1815 innacius
691 1760 823 1832 faciendi,
840 1759 899 1832 feci
920 1760 1027 1827 innacius,
1044 1759 1150 1831 suctum
1174 1766 1216 1814 est
1239 1775 1284 1813 me

197 1846 288 1907 bascio,
312 1861 454 1916 nusquam
478 1847 590 1899 racemus.

283 1931 342 1985 elici
365 1925 467 2005 potest)
490 1927 563 1987 Cum
593 1929 622 1984 in
647 1928 812 2009 cod.,arch.
836 1937 912 1985 esset
935 1929 990 1985 dici
1011 1929 1055 2000 (ut
1078 1926 1108 1984 iu
1131 1924 1198 2004 [B,]
1224 1925 1283 1983 ali·

197 2023 268 2088 quot
285 2014 371 2082 Pall.,
386 2013 492 2083 Mead,
506 2012 591 2080 CCC,
605 2013 684 2072 Oxx.
696 2014 752 2088 Ux,
767 2012 844 2079 Gzii,
863 2022 987 2088 excepto
1000 2011 1078 2071 Gud.
1096 2014 1132 2085 l),
1151 2010 1283 2087 duplici·

198 2110 243 2156 ter
266 2099 294 2155 id
312 2106 475 2155 correctum
495 2108 548 2166 est,
572 2110 604 2156 ut
622 2109 670 2156 aut
689 2101 753 2156 <larci
774 2109 851 2156 esset
868 2098 945 2172 (Pal.
964 2100 1005 2171 4),
1028 2096 1281 2172 quemadmodum

198 2195 266 2240 ante
284 2183 390 2242 Gaium
415 2184 608 2254 scribebatur,
632 2195 683 2242 aut
706 2187 771 2243 elici.
795 2184 873 2258 quod
897 2203 933 2241 ex
957 2202 1016 2240 uno
1035 2183 1099 2241 Pal.
1123 2186 1208 2258 (puto
1232 2200 1282 2240 se·

198 2269 323 2326 oriudum
359 2269 463 2340 luisse,
499 2269 589 2326 nostri
620 2270 644 2326 L
672 2269 866 2342 simillimum)
894 2278 923 2326 at
951 2267 1030 2327 Gud.
1057 2271 1070 2327 1
1107 2268 1133 2324 is
1160 2267 1281 2329 ascivit.

197 2354 304 2423 Tenui,
328 2354 405 2428 quod
429 2373 495 2410 eum
519 2355 664 2424 codicem,
689 2374 704 2410 e
727 2375 785 2429 quo
808 2354 901 2412 nostri
924 2354 1003 2411 ducti
1026 2353 1095 2425 sint,
1118 2351 1160 2410 sic
1183 2353 1281 2430 scrip·

198 2448 258 2496 tum
282 2438 373 2496 fuisse
397 2440 499 2510 credo,
529 2449 560 2496 at
589 2459 625 2496 ax
654 2443 679 2497 el
700 2440 787 2498 facile
811 2442 831 2496 d
858 2439 938 2496 nasci
962 2448 1070 2515 posset.
1117 2436 1280 2498 Simillimo

198 2544 297 2581 erroro
320 2525 349 2581 in
373 2526 461 2582 Tusc.
485 2525 531 2596 ll,
557 2527 594 2582 27
627 2545 680 2601 pro
702 2528 831 2584 eiciuntur
854 2525 916 2598 (sed
940 2525 968 2582 in
992 2524 1206 2599 antiquissimis
1228 2542 1279 2581 co·

199 2611 313 2667 dicibus
343 2610 514 2685 saepissimo
542 2611 631 2668 scribi
660 2615 781 2669 eicuatur
807 2621 836 2667 ct
863 2621 962 2667 cetera
990 2609 1139 2681 similiter,
1169 2608 1279 2668 sciunt.

199 2696 249 2770 qui
283 2696 355 2752 baec
389 2700 564 2768 tractarunt)
594 2695 703 2754 lactum
738 2706 782 2753 est
815 2698 942 2753 dicuntur
969 2696 1059 2769 (quod
1087 2695 1117 2752 in
1146 2693 1278 2770 optimis,

199 2780 278 2840 Gud.
306 2786 316 2838 l
356 2791 384 2838 et
418 2778 464 2861 [ut
498 2800 574 2838 nunc
608 2778 730 2861 scimus]
764 2783 833 2840 Par.
870 2781 964 2857 prima
997 2799 1085 2838 manu
1116 2779 1278 2855 scribitur),

198 2867 304 2924 deinde
332 2869 468 2924 doccantur
489 2868 579 2941 (quod
602 2865 664 2923 fere
687 2868 717 2923 in
740 2867 846 2925 ceteris
869 2876 927 2935 est3
958 2866 986 2923 in
1010 2866 1079 2923 Par.
1102 2875 1130 2922 et
1155 2863 1234 2923 Gud.
1259 2885 1277 2921 a

196 2972 285 3029 snpra
308 2952 472 3025 scribitur);
496 2953 593 3009 oditur
614 2955 772 3022 adluuntur,
796 2953 886 3016 verbo
909 2952 947 3008 ad
971 2970 1031 3008 rom
1052 2950 1170 3008 minime
1188 2960 1275 3026 apto;

196 3058 267 3096 vera
290 3057 348 3095 vox
377 3037 406 3094 in
435 3037 549 3094 duobus
573 3038 687 3095 Davisii
712 3048 740 3095 et
763 3037 888 3094 fortasse
912 3036 978 3094 aliis
1000 3035 1080 3094 felici
1104 3035 1275 3093 coniectura

196 3124 332 3182 restituta
355 3132 408 3181 cst.
445 3123 479 3180 In
504 3122 567 3192 hoc,
591 3143 676 3197 quem
701 3133 871 3190 tractamus,
895 3122 961 3179 loco
984 3120 1117 3179 offendor
1140 3120 1276 3178 nonnihil

196 3210 225 3267 in
244 3209 385 3284 temporis
402 3208 616 3284 significatione
628 3210 716 3283 (quid,
739 3228 809 3266 cotan
824 3210 908 3280 fictae
924 3208 1039 3282 subulas
1057 3216 1085 3263 st
1103 3208 1180 3281 quid,
1203 3226 1274 3264 curn

195 3296 342 3367 coluruus);
371 3312 437 3349 nam
462 3312 557 3367 neque
580 3312 686 3368 perse
709 3303 779 3369 apta
802 3293 932 3363 videtur,
961 3292 1098 3367 quoniam
1124 3301 1192 3349 ante
1214 3309 1273 3348 non

196 3400 231 3439 ea
254 3379 349 3437 forma
372 3378 476 3438 Cicero
500 3397 569 3435 usus
593 3390 651 3447 est,
681 3389 726 3450 ut,
755 3398 821 3435 cum
850 3380 906 3435 hoc
929 3378 976 3434 rel
1005 3377 1076 3434 illud
1100 3375 1274 3444 faceremus,

197 3477 256 3524 tntn
281 3465 392 3540 aliquid
416 3465 546 3541 intellegi
570 3465 694 3531 dicarat,
718 3473 748 3521 ot
770 3464 916 3539 sequitur:
939 3465 1020 3537 quid,
1044 3463 1135 3538 quod
1156 3463 1275 3519 ltonu'ueo

195 3563 250 3611 cet.
296 3552 400 3625 Neque
424 3559 519 3607 tannen
544 3562 658 3608 mutare
681 3552 785 3609 audeo.

283 3637 333 3693 52.
362 3637 541 3709 delectantur)
565 3636 590 3692 Ε
613 3636 697 3695 codd.
727 3636 922 3693 deterioribus
945 3632 1049 3709 (Oxx.)
1072 3643 1099 3690 et
1124 3630 1148 3691 O
1171 3632 1276 3690 Victo·

194 3723 271 3791 rius,
296 3721 460 3783 Manutius,
490 3719 637 3778 Gruterus
660 3721 847 3796 proximique
875 3722 1037 3777 delectentur
1063 3726 1166 3775 contra
1188 3736 1276 3793 regu·

196 3809 252 3864 lam
283 3806 435 3864 sermonis.
482 3806 692 3869 indicativum,
723 3825 809 3880 quem
838 3825 874 3861 ex
900 3806 924 3862 R
949 3803 1029 3863 Crat.
1060 3813 1087 3860 et
1112 3803 1275 3860 Lambinus

195 3901 360 3961 tenuerant,
385 3892 522 3966 probarit
544 3892 625 3961 lira,
649 3892 799 3948 revocarit
822 3891 915 3947 Gaius
939 3909 954 3946 e
978 3889 1071 3945 tribus
1094 3888 1155 3946 suis
1178 3888 1276 3959 codd,

195 3996 269 4052 quos
293 3976 429 4034 meliores
451 3975 551 4046 fuisse,
577 3994 653 4032 nnnc
676 3995 713 4032 ex
732 3976 791 4033 Eri.
816 3975 859 4053 [et
880 3974 918 4052 B]
942 3984 1075 4049 apparet.
1121 3973 1205 4047 Quae
1230 3993 1276 4032 se-

195 4071 334 4136 qunntur,
358 4065 524 4134 tauclmeque
547 4072 616 4126 cet,
640 4080 697 4118 non
722 4061 858 4117 videntur
880 4060 1026 4136 superiori
1050 4060 1276 4136 interrogationi

196 4166 254 4204 uno
278 4156 379 4204 tenore
402 4146 577 4217 continuari,
600 4147 651 4203 sed
674 4146 902 4222 interrogativae
920 4145 1111 4203 affirmationi
1132 4156 1214 4203 recta
1232 4144 1277 4204 af·

195 4233 321 4289 firmatio
350 4232 385 4289 de
409 4232 467 4289 alio
489 4252 597 4308 genere
620 4232 763 4305 (senibus)
786 4231 904 4308 adiungi
929 4231 1096 4306 copulativa
1119 4231 1276 4306 particula.

195 4318 232 4374 ad
256 4328 387 4375 nostrum
415 4336 531 4375 senatun
556 4318 672 4386 durius,
701 4319 738 4375 ad
762 4318 949 4385 Latinorum,
981 4317 1030 4391 qui
1054 4316 1201 4392 particulo
1224 4336 1279 4392 que

196 4403 316 4460 libarius
341 4403 498 4461 utebantur
521 4402 586 4476 (cfr.
610 4404 647 4461 ad
671 4403 728 4465 ΙΙΙ,
752 4403 816 4475 73),
839 4421 896 4459 non
920 4402 1001 4462 item.
