<?xml version="1.0" encoding="UTF-8"?>
<!DOCTYPE html PUBLIC "-//W3C//DTD XHTML 1.0 Transitional//EN"
    "http://www.w3.org/TR/xhtml1/DTD/xhtml1-transitional.dtd">
<html xmlns="http://www.w3.org/1999/xhtml" xml:lang="en" lang="en">
 <head>
  <title>
</title>
<meta http-equiv="Content-Type" content="text/html;charset=utf-8" />
  <meta name='ocr-system' content='tesseract 3.04.00' />
  <meta name='ocr-capabilities' content='ocr_page ocr_carea ocr_par ocr_line ocrx_word'/>
</head>
<body>
  <div class='ocr_page' id='page_1' title='image "./mtulliiciceroni35cicegoog_0010.png"; bbox 0 0 3030 5086; ppageno 0'>
   <div class='ocr_carea' id='block_1_1' title="bbox 371 1644 1214 1789">
    <p class='ocr_par' dir='ltr' id='par_1_1' title="bbox 371 1644 1214 1789">
     <span class='ocr_line' id='line_1_1' title="bbox 371 1644 1214 1789; baseline 0.004 -54"><span class='ocrx_word' id='word_1_1' title='bbox 371 1644 687 1738; x_wconf 80' lang='lat' dir='ltr'>Pctuuoluull</span> <span class='ocrx_word' id='word_1_2' title='bbox 718 1645 779 1735; x_wconf 87' lang='lat' dir='ltr'>DE</span> <span class='ocrx_word' id='word_1_3' title='bbox 810 1644 1015 1738; x_wconf 81' lang='lat' dir='ltr'>lullldlll</span> <span class='ocrx_word' id='word_1_4' title='bbox 1046 1646 1214 1789; x_wconf 73' lang='lat' dir='ltr'>lutus</span> 
     </span>
    </p>
   </div>
   <div class='ocr_carea' id='block_1_2' title="bbox 716 1863 867 1871">
    <p class='ocr_par' dir='ltr' id='par_1_2' title="bbox 716 1863 867 1871">
     <span class='ocr_line' id='line_1_2' title="bbox 716 1863 867 1871; baseline -0.007 0"><span class='ocrx_word' id='word_1_5' title='bbox 716 1863 867 1871; x_wconf 49' lang='lat'>*—</span> 
     </span>
    </p>
   </div>
   <div class='ocr_carea' id='block_1_3' title="bbox 253 1943 1332 4315">
    <p class='ocr_par' dir='ltr' id='par_1_3' title="bbox 253 1943 1332 4315">
     <span class='ocr_line' id='line_1_3' title="bbox 253 1943 1330 2076; baseline 0.002 -18"><span class='ocrx_word' id='word_1_6' title='bbox 253 1943 369 2059; x_wconf 76' lang='lat' dir='ltr'>Tertia</span> <span class='ocrx_word' id='word_1_7' title='bbox 400 1994 477 2059; x_wconf 87' lang='lat' dir='ltr'>haec</span> <span class='ocrx_word' id='word_1_8' title='bbox 504 1993 612 2071; x_wconf 88' lang='lat' dir='ltr'>editio,</span> <span class='ocrx_word' id='word_1_9' title='bbox 645 2012 726 2074; x_wconf 90' lang='lat' dir='ltr'>quae</span> <span class='ocrx_word' id='word_1_10' title='bbox 759 2002 896 2060; x_wconf 88' lang='lat' dir='ltr'>extremo</span> <span class='ocrx_word' id='word_1_11' title='bbox 923 2014 951 2059; x_wconf 88' lang='lat' dir='ltr'>a</span> <span class='ocrx_word' id='word_1_12' title='bbox 978 1996 1058 2060; x_wconf 81' lang='grc'>1873</span> <span class='ocrx_word' id='word_1_13' title='bbox 1087 1995 1168 2076; x_wconf 88' lang='lat' dir='ltr'>typis</span> <span class='ocrx_word' id='word_1_14' title='bbox 1196 1994 1330 2060; x_wconf 79' lang='lat' dir='ltr'>describi</span> 
     </span>
     <span class='ocr_line' id='line_1_4' title="bbox 256 2088 1329 2183; baseline 0.002 -18"><span class='ocrx_word' id='word_1_15' title='bbox 256 2108 369 2183; x_wconf 87' lang='lat' dir='ltr'>coepta</span> <span class='ocrx_word' id='word_1_16' title='bbox 396 2106 493 2165; x_wconf 89' lang='lat' dir='ltr'>totum</span> <span class='ocrx_word' id='word_1_17' title='bbox 523 2099 679 2166; x_wconf 83' lang='lat' dir='ltr'>biennium</span> <span class='ocrx_word' id='word_1_18' title='bbox 707 2108 739 2166; x_wconf 83' lang='lat' dir='ltr'>et</span> <span class='ocrx_word' id='word_1_19' title='bbox 760 2101 879 2182; x_wconf 82' lang='lat' dir='ltr'>aliquot</span> <span class='ocrx_word' id='word_1_20' title='bbox 900 2088 1023 2166; x_wconf 86' lang='lat' dir='ltr'>mensas</span> <span class='ocrx_word' id='word_1_21' title='bbox 1049 2101 1130 2165; x_wconf 88' lang='lat' dir='ltr'>inter</span> <span class='ocrx_word' id='word_1_22' title='bbox 1152 2101 1329 2182; x_wconf 88' lang='lat' dir='ltr'>typotheta-</span> 
     </span>
     <span class='ocr_line' id='line_1_5' title="bbox 256 2190 1331 2291; baseline 0.003 -20"><span class='ocrx_word' id='word_1_23' title='bbox 256 2227 326 2272; x_wconf 87' lang='lat' dir='ltr'>rum</span> <span class='ocrx_word' id='word_1_24' title='bbox 348 2225 452 2272; x_wconf 87' lang='lat' dir='ltr'>moras</span> <span class='ocrx_word' id='word_1_25' title='bbox 474 2207 590 2286; x_wconf 83' lang='lat' dir='ltr'>haesit,</span> <span class='ocrx_word' id='word_1_26' title='bbox 617 2208 660 2273; x_wconf 86' lang='lat' dir='ltr'>ita</span> <span class='ocrx_word' id='word_1_27' title='bbox 682 2208 813 2274; x_wconf 86' lang='lat' dir='ltr'>alteram</span> <span class='ocrx_word' id='word_1_28' title='bbox 837 2206 953 2291; x_wconf 74' lang='lat' dir='ltr'>reddit,</span> <span class='ocrx_word' id='word_1_29' title='bbox 981 2215 1016 2272; x_wconf 88' lang='lat' dir='ltr'>ut</span> <span class='ocrx_word' id='word_1_30' title='bbox 1037 2190 1176 2289; x_wconf 80' lang='lat' dir='ltr'>singulae</span> <span class='ocrx_word' id='word_1_31' title='bbox 1197 2209 1331 2288; x_wconf 79' lang='lat' dir='ltr'>paginae</span> 
     </span>
     <span class='ocr_line' id='line_1_6' title="bbox 255 2314 1330 2396; baseline 0.001 -19"><span class='ocrx_word' id='word_1_32' title='bbox 255 2314 381 2396; x_wconf 77' lang='lat' dir='ltr'>paginis</span> <span class='ocrx_word' id='word_1_33' title='bbox 403 2314 623 2395; x_wconf 77' lang='lat' dir='ltr'>respondeant.</span> <span class='ocrx_word' id='word_1_34' title='bbox 668 2314 730 2380; x_wconf 85' lang='lat' dir='ltr'>Sed</span> <span class='ocrx_word' id='word_1_35' title='bbox 747 2322 849 2379; x_wconf 72' lang='grc'>111111</span> <span class='ocrx_word' id='word_1_36' title='bbox 872 2316 903 2378; x_wconf 91' lang='grc'>11</span> <span class='ocrx_word' id='word_1_37' title='bbox 921 2315 1079 2380; x_wconf 86' lang='lat' dir='ltr'>Ciceronis</span> <span class='ocrx_word' id='word_1_38' title='bbox 1095 2316 1237 2379; x_wconf 89' lang='lat' dir='ltr'>oratione</span> <span class='ocrx_word' id='word_1_39' title='bbox 1258 2333 1330 2394; x_wconf 91' lang='lat' dir='ltr'>per·</span> 
     </span>
     <span class='ocr_line' id='line_1_7' title="bbox 258 2421 1330 2503; baseline 0.001 -18"><span class='ocrx_word' id='word_1_40' title='bbox 258 2438 374 2503; x_wconf 88' lang='lat' dir='ltr'>pauca,</span> <span class='ocrx_word' id='word_1_41' title='bbox 406 2438 537 2500; x_wconf 89' lang='lat' dir='ltr'>quorum</span> <span class='ocrx_word' id='word_1_42' title='bbox 565 2421 596 2485; x_wconf 96' lang='lat' dir='ltr'>in</span> <span class='ocrx_word' id='word_1_43' title='bbox 625 2421 705 2486; x_wconf 88' lang='lat' dir='ltr'>notis</span> <span class='ocrx_word' id='word_1_44' title='bbox 733 2422 814 2485; x_wconf 91' lang='lat' dir='ltr'>ratio</span> <span class='ocrx_word' id='word_1_45' title='bbox 842 2422 1019 2502; x_wconf 83' lang='lat' dir='ltr'>exponitur,</span> <span class='ocrx_word' id='word_1_46' title='bbox 1052 2422 1083 2486; x_wconf 95' lang='lat' dir='ltr'>in</span> <span class='ocrx_word' id='word_1_47' title='bbox 1114 2421 1195 2486; x_wconf 88' lang='lat' dir='ltr'>notis</span> <span class='ocrx_word' id='word_1_48' title='bbox 1225 2421 1330 2501; x_wconf 89' lang='lat' dir='ltr'>plura,</span> 
     </span>
     <span class='ocr_line' id='line_1_8' title="bbox 258 2527 1330 2610; baseline -0.001 -18"><span class='ocrx_word' id='word_1_49' title='bbox 258 2528 362 2592; x_wconf 90' lang='lat' dir='ltr'>omnia</span> <span class='ocrx_word' id='word_1_50' title='bbox 378 2527 444 2592; x_wconf 87' lang='lat' dir='ltr'>fere</span> <span class='ocrx_word' id='word_1_51' title='bbox 459 2547 559 2609; x_wconf 87' lang='lat' dir='ltr'>parva</span> <span class='ocrx_word' id='word_1_52' title='bbox 576 2534 697 2591; x_wconf 80' lang='lat' dir='ltr'>mutata</span> <span class='ocrx_word' id='word_1_53' title='bbox 713 2528 881 2608; x_wconf 76' lang='lat' dir='ltr'>limatoque</span> <span class='ocrx_word' id='word_1_54' title='bbox 897 2537 979 2607; x_wconf 64' lang='lat' dir='ltr'>suut,</span> <span class='ocrx_word' id='word_1_55' title='bbox 1001 2528 1151 2610; x_wconf 87' lang='lat' dir='ltr'>pleraque</span> <span class='ocrx_word' id='word_1_56' title='bbox 1173 2528 1203 2591; x_wconf 92' lang='lat' dir='ltr'>in</span> <span class='ocrx_word' id='word_1_57' title='bbox 1227 2546 1330 2592; x_wconf 88' lang='lat' dir='ltr'>exeru-</span> 
     </span>
     <span class='ocr_line' id='line_1_9' title="bbox 256 2634 1330 2716; baseline -0.001 -18"><span class='ocrx_word' id='word_1_58' title='bbox 256 2635 380 2715; x_wconf 89' lang='lat' dir='ltr'>ploruur</span> <span class='ocrx_word' id='word_1_59' title='bbox 401 2635 673 2713; x_wconf 80' lang='lat' dir='ltr'>grammaticorum</span> <span class='ocrx_word' id='word_1_60' title='bbox 695 2634 786 2716; x_wconf 90' lang='lat' dir='ltr'>copia</span> <span class='ocrx_word' id='word_1_61' title='bbox 807 2634 959 2715; x_wconf 72' lang='lat' dir='ltr'>augenda,</span> <span class='ocrx_word' id='word_1_62' title='bbox 982 2653 1043 2698; x_wconf 94' lang='lat' dir='ltr'>uno</span> <span class='ocrx_word' id='word_1_63' title='bbox 1066 2635 1158 2699; x_wconf 90' lang='lat' dir='ltr'>etiarn</span> <span class='ocrx_word' id='word_1_64' title='bbox 1182 2642 1214 2699; x_wconf 93' lang='lat' dir='ltr'>et</span> <span class='ocrx_word' id='word_1_65' title='bbox 1231 2634 1330 2699; x_wconf 82' lang='lat' dir='ltr'>altero</span> 
     </span>
     <span class='ocr_line' id='line_1_10' title="bbox 257 2739 1331 2822; baseline -0.002 -16"><span class='ocrx_word' id='word_1_66' title='bbox 257 2740 452 2807; x_wconf 88' lang='lat' dir='ltr'>detrahendo</span> <span class='ocrx_word' id='word_1_67' title='bbox 474 2740 586 2821; x_wconf 75' lang='lat' dir='ltr'>posita</span> <span class='ocrx_word' id='word_1_68' title='bbox 607 2741 638 2803; x_wconf 90' lang='lat' dir='ltr'>in</span> <span class='ocrx_word' id='word_1_69' title='bbox 661 2759 723 2820; x_wconf 94' lang='lat' dir='ltr'>quo</span> <span class='ocrx_word' id='word_1_70' title='bbox 740 2758 854 2822; x_wconf 86' lang='lat' dir='ltr'>genero</span> <span class='ocrx_word' id='word_1_71' title='bbox 871 2741 967 2805; x_wconf 90' lang='lat' dir='ltr'>multo</span> <span class='ocrx_word' id='word_1_72' title='bbox 984 2741 1083 2805; x_wconf 88' lang='lat' dir='ltr'>maior</span> <span class='ocrx_word' id='word_1_73' title='bbox 1101 2756 1177 2821; x_wconf 88' lang='lat' dir='ltr'>pars</span> <span class='ocrx_word' id='word_1_74' title='bbox 1199 2739 1331 2805; x_wconf 90' lang='lat' dir='ltr'>debetur</span> 
     </span>
     <span class='ocr_line' id='line_1_11' title="bbox 258 2846 1332 2929; baseline -0.004 -15"><span class='ocrx_word' id='word_1_75' title='bbox 258 2852 294 2914; x_wconf 86' lang='grc' dir='ltr'>Ο.</span> <span class='ocrx_word' id='word_1_76' title='bbox 318 2848 472 2929; x_wconf 85' lang='lat' dir='ltr'>Sieebyeo.</span> <span class='ocrx_word' id='word_1_77' title='bbox 521 2849 557 2912; x_wconf 93' lang='lat' dir='ltr'>ln</span> <span class='ocrx_word' id='word_1_78' title='bbox 591 2848 649 2913; x_wconf 89' lang='lat' dir='ltr'>hac</span> <span class='ocrx_word' id='word_1_79' title='bbox 682 2849 870 2929; x_wconf 83' lang='lat' dir='ltr'>expolitione</span> <span class='ocrx_word' id='word_1_80' title='bbox 903 2848 982 2911; x_wconf 91' lang='lat' dir='ltr'>ratio</span> <span class='ocrx_word' id='word_1_81' title='bbox 1017 2849 1109 2912; x_wconf 90' lang='lat' dir='ltr'>etiarn</span> <span class='ocrx_word' id='word_1_82' title='bbox 1143 2846 1251 2911; x_wconf 88' lang='lat' dir='ltr'>habita</span> <span class='ocrx_word' id='word_1_83' title='bbox 1283 2854 1332 2910; x_wconf 89' lang='lat' dir='ltr'>est</span> 
     </span>
     <span class='ocr_line' id='line_1_12' title="bbox 257 2952 1330 3034; baseline -0.002 -15"><span class='ocrx_word' id='word_1_84' title='bbox 257 2974 379 3030; x_wconf 84' lang='lat' dir='ltr'>eorum,</span> <span class='ocrx_word' id='word_1_85' title='bbox 403 2973 483 3034; x_wconf 92' lang='lat' dir='ltr'>quac</span> <span class='ocrx_word' id='word_1_86' title='bbox 504 2955 544 3019; x_wconf 87' lang='lat' dir='ltr'>ab</span> <span class='ocrx_word' id='word_1_87' title='bbox 567 2955 636 3019; x_wconf 88' lang='lat' dir='ltr'>aliis</span> <span class='ocrx_word' id='word_1_88' title='bbox 658 2963 807 3019; x_wconf 84' lang='lat' dir='ltr'>annotato</span> <span class='ocrx_word' id='word_1_89' title='bbox 831 2954 920 3018; x_wconf 90' lang='lat' dir='ltr'>nobis</span> <span class='ocrx_word' id='word_1_90' title='bbox 943 2955 1157 3031; x_wconf 83' lang='lat' dir='ltr'>innotuerant,</span> <span class='ocrx_word' id='word_1_91' title='bbox 1180 2954 1236 3017; x_wconf 88' lang='lat' dir='ltr'>sed</span> <span class='ocrx_word' id='word_1_92' title='bbox 1259 2952 1330 3018; x_wconf 88' lang='lat' dir='ltr'>bre-</span> 
     </span>
     <span class='ocr_line' id='line_1_13' title="bbox 258 3060 1332 3143; baseline -0.003 -17"><span class='ocrx_word' id='word_1_93' title='bbox 258 3063 351 3139; x_wconf 85' lang='lat' dir='ltr'>viter,</span> <span class='ocrx_word' id='word_1_94' title='bbox 381 3061 520 3126; x_wconf 89' lang='lat' dir='ltr'>adhibita</span> <span class='ocrx_word' id='word_1_95' title='bbox 543 3062 705 3127; x_wconf 87' lang='lat' dir='ltr'>Holsteinii</span> <span class='ocrx_word' id='word_1_96' title='bbox 734 3081 857 3143; x_wconf 90' lang='lat' dir='ltr'>quoque</span> <span class='ocrx_word' id='word_1_97' title='bbox 885 3060 995 3124; x_wconf 88' lang='lat' dir='ltr'>horurn</span> <span class='ocrx_word' id='word_1_98' title='bbox 1022 3060 1172 3124; x_wconf 86' lang='lat' dir='ltr'>librorunr</span> <span class='ocrx_word' id='word_1_99' title='bbox 1196 3061 1332 3125; x_wconf 89' lang='lat' dir='ltr'>editione</span> 
     </span>
     <span class='ocr_line' id='line_1_14' title="bbox 257 3167 1331 3250; baseline -0.002 -18"><span class='ocrx_word' id='word_1_100' title='bbox 257 3169 356 3250; x_wconf 82' lang='lat' dir='ltr'>(Lips.</span> <span class='ocrx_word' id='word_1_101' title='bbox 383 3170 488 3248; x_wconf 83' lang='grc'>1873).</span> <span class='ocrx_word' id='word_1_102' title='bbox 538 3169 590 3235; x_wconf 89' lang='lat' dir='ltr'>De</span> <span class='ocrx_word' id='word_1_103' title='bbox 614 3169 661 3232; x_wconf 90' lang='lat' dir='ltr'>his</span> <span class='ocrx_word' id='word_1_104' title='bbox 690 3168 815 3232; x_wconf 88' lang='lat' dir='ltr'>uberius</span> <span class='ocrx_word' id='word_1_105' title='bbox 843 3167 893 3230; x_wconf 90' lang='lat' dir='ltr'>hic</span> <span class='ocrx_word' id='word_1_106' title='bbox 919 3168 1040 3231; x_wconf 85' lang='lat' dir='ltr'>dicendi</span> <span class='ocrx_word' id='word_1_107' title='bbox 1075 3186 1175 3248; x_wconf 86' lang='lat' dir='ltr'>neque</span> <span class='ocrx_word' id='word_1_108' title='bbox 1207 3186 1264 3247; x_wconf 91' lang='lat' dir='ltr'>per</span> <span class='ocrx_word' id='word_1_109' title='bbox 1296 3185 1331 3230; x_wconf 88' lang='lat' dir='ltr'>se</span> 
     </span>
     <span class='ocr_line' id='line_1_15' title="bbox 258 3272 1331 3354; baseline -0.004 -14"><span class='ocrx_word' id='word_1_110' title='bbox 258 3294 353 3342; x_wconf 88' lang='lat' dir='ltr'>causa</span> <span class='ocrx_word' id='word_1_111' title='bbox 379 3275 443 3340; x_wconf 90' lang='lat' dir='ltr'>ulla</span> <span class='ocrx_word' id='word_1_112' title='bbox 470 3283 520 3339; x_wconf 88' lang='lat' dir='ltr'>est</span> <span class='ocrx_word' id='word_1_113' title='bbox 546 3283 591 3354; x_wconf 88' lang='lat' dir='ltr'>ct,</span> <span class='ocrx_word' id='word_1_114' title='bbox 619 3296 658 3340; x_wconf 87' lang='lat' dir='ltr'>no</span> <span class='ocrx_word' id='word_1_115' title='bbox 680 3276 710 3338; x_wconf 96' lang='lat' dir='ltr'>id</span> <span class='ocrx_word' id='word_1_116' title='bbox 740 3275 842 3339; x_wconf 89' lang='lat' dir='ltr'>facere</span> <span class='ocrx_word' id='word_1_117' title='bbox 864 3291 971 3351; x_wconf 85' lang='lat' dir='ltr'>conor,</span> <span class='ocrx_word' id='word_1_118' title='bbox 999 3273 1144 3353; x_wconf 90' lang='lat' dir='ltr'>prohibet</span> <span class='ocrx_word' id='word_1_119' title='bbox 1171 3272 1331 3336; x_wconf 87' lang='lat' dir='ltr'>oculorum</span> 
     </span>
     <span class='ocr_line' id='line_1_16' title="bbox 258 3379 1330 3462; baseline -0.005 -15"><span class='ocrx_word' id='word_1_120' title='bbox 258 3384 339 3447; x_wconf 86' lang='lat' dir='ltr'>acies</span> <span class='ocrx_word' id='word_1_121' title='bbox 361 3391 435 3446; x_wconf 89' lang='lat' dir='ltr'>ante</span> <span class='ocrx_word' id='word_1_122' title='bbox 457 3381 576 3462; x_wconf 84' lang='lat' dir='ltr'>aliquot</span> <span class='ocrx_word' id='word_1_123' title='bbox 597 3400 719 3446; x_wconf 87' lang='lat' dir='ltr'>menses</span> <span class='ocrx_word' id='word_1_124' title='bbox 740 3381 786 3445; x_wconf 88' lang='lat' dir='ltr'>ita</span> <span class='ocrx_word' id='word_1_125' title='bbox 807 3380 963 3458; x_wconf 84' lang='lat' dir='ltr'>hebetata,</span> <span class='ocrx_word' id='word_1_126' title='bbox 986 3387 1020 3443; x_wconf 93' lang='lat' dir='ltr'>ut</span> <span class='ocrx_word' id='word_1_127' title='bbox 1042 3399 1081 3443; x_wconf 87' lang='lat' dir='ltr'>ne</span> <span class='ocrx_word' id='word_1_128' title='bbox 1103 3379 1246 3460; x_wconf 79' lang='lat' dir='ltr'>plagulas</span> <span class='ocrx_word' id='word_1_129' title='bbox 1262 3379 1330 3460; x_wconf 90' lang='lat' dir='ltr'>qui·</span> 
     </span>
     <span class='ocr_line' id='line_1_17' title="bbox 258 3485 1330 3568; baseline -0.005 -15"><span class='ocrx_word' id='word_1_130' title='bbox 258 3492 329 3554; x_wconf 88' lang='lat' dir='ltr'>dem</span> <span class='ocrx_word' id='word_1_131' title='bbox 351 3490 390 3553; x_wconf 91' lang='lat' dir='ltr'>ab</span> <span class='ocrx_word' id='word_1_132' title='bbox 413 3489 637 3553; x_wconf 87' lang='lat' dir='ltr'>humanissimo</span> <span class='ocrx_word' id='word_1_133' title='bbox 660 3490 768 3553; x_wconf 86' lang='lat' dir='ltr'>iuvene</span> <span class='ocrx_word' id='word_1_134' title='bbox 787 3487 857 3552; x_wconf 90' lang='lat' dir='ltr'>Chr.</span> <span class='ocrx_word' id='word_1_135' title='bbox 875 3487 1080 3551; x_wconf 87' lang='lat' dir='ltr'>Mikkelsenio</span> <span class='ocrx_word' id='word_1_136' title='bbox 1097 3485 1330 3568; x_wconf 75' lang='lat' dir='ltr'>typothetarum</span> 
     </span>
     <span class='ocr_line' id='line_1_18' title="bbox 259 3592 1329 3677; baseline -0.007 -16"><span class='ocrx_word' id='word_1_137' title='bbox 259 3598 416 3661; x_wconf 86' lang='lat' dir='ltr'>erroribus</span> <span class='ocrx_word' id='word_1_138' title='bbox 444 3604 633 3677; x_wconf 68' lang='lat' dir='ltr'>expurgatas</span> <span class='ocrx_word' id='word_1_139' title='bbox 660 3595 798 3674; x_wconf 85' lang='lat' dir='ltr'>relegere</span> <span class='ocrx_word' id='word_1_140' title='bbox 830 3600 886 3658; x_wconf 91' lang='lat' dir='ltr'>aut</span> <span class='ocrx_word' id='word_1_141' title='bbox 914 3593 1024 3657; x_wconf 87' lang='lat' dir='ltr'>saltem</span> <span class='ocrx_word' id='word_1_142' title='bbox 1057 3592 1107 3656; x_wconf 88' lang='lat' dir='ltr'>hic</span> <span class='ocrx_word' id='word_1_143' title='bbox 1139 3593 1200 3656; x_wconf 88' lang='lat' dir='ltr'>illic</span> <span class='ocrx_word' id='word_1_144' title='bbox 1232 3592 1329 3672; x_wconf 89' lang='lat' dir='ltr'>inspi-</span> 
     </span>
     <span class='ocr_line' id='line_1_19' title="bbox 259 3699 1331 3784; baseline -0.005 -18"><span class='ocrx_word' id='word_1_145' title='bbox 259 3723 328 3768; x_wconf 88' lang='lat' dir='ltr'>ccrc</span> <span class='ocrx_word' id='word_1_146' title='bbox 365 3703 528 3784; x_wconf 85' lang='lat' dir='ltr'>potuerim.</span> <span class='ocrx_word' id='word_1_147' title='bbox 585 3704 695 3781; x_wconf 88' lang='lat' dir='ltr'>ltaque</span> <span class='ocrx_word' id='word_1_148' title='bbox 733 3703 795 3765; x_wconf 93' lang='lat' dir='ltr'>duo</span> <span class='ocrx_word' id='word_1_149' title='bbox 834 3707 973 3776; x_wconf 77' lang='lat' dir='ltr'>tantum,</span> <span class='ocrx_word' id='word_1_150' title='bbox 1012 3719 1093 3780; x_wconf 89' lang='lat' dir='ltr'>quae</span> <span class='ocrx_word' id='word_1_151' title='bbox 1131 3701 1171 3762; x_wconf 88' lang='lat' dir='ltr'>ad</span> <span class='ocrx_word' id='word_1_152' title='bbox 1210 3699 1331 3762; x_wconf 91' lang='lat' dir='ltr'>codices</span> 
     </span>
     <span class='ocr_line' id='line_1_20' title="bbox 259 3805 1331 3890; baseline -0.006 -17"><span class='ocrx_word' id='word_1_153' title='bbox 259 3816 413 3890; x_wconf 85' lang='lat' dir='ltr'>spectant,</span> <span class='ocrx_word' id='word_1_154' title='bbox 447 3810 718 3873; x_wconf 86' lang='lat' dir='ltr'>commemoranda</span> <span class='ocrx_word' id='word_1_155' title='bbox 745 3815 826 3871; x_wconf 90' lang='lat' dir='ltr'>sunt.</span> <span class='ocrx_word' id='word_1_156' title='bbox 881 3808 917 3870; x_wconf 94' lang='lat' dir='ltr'>In</span> <span class='ocrx_word' id='word_1_157' title='bbox 947 3807 1051 3870; x_wconf 90' lang='lat' dir='ltr'>codice</span> <span class='ocrx_word' id='word_1_158' title='bbox 1079 3805 1221 3869; x_wconf 88' lang='lat' dir='ltr'>Parisino</span> <span class='ocrx_word' id='word_1_159' title='bbox 1254 3823 1331 3868; x_wconf 88' lang='lat' dir='ltr'>usus</span> 
     </span>
     <span class='ocr_line' id='line_1_21' title="bbox 260 3912 1331 3996; baseline -0.003 -17"><span class='ocrx_word' id='word_1_160' title='bbox 260 3935 326 3979; x_wconf 77' lang='lat' dir='ltr'>suni</span> <span class='ocrx_word' id='word_1_161' title='bbox 348 3916 403 3993; x_wconf 84' lang='lat' dir='ltr'>iis,</span> <span class='ocrx_word' id='word_1_162' title='bbox 426 3934 506 3996; x_wconf 90' lang='lat' dir='ltr'>quae</span> <span class='ocrx_word' id='word_1_163' title='bbox 529 3914 562 3979; x_wconf 86' lang='grc' dir='ltr'>Ο.</span> <span class='ocrx_word' id='word_1_164' title='bbox 585 3914 756 3978; x_wconf 86' lang='lat' dir='ltr'>Thurotius</span> <span class='ocrx_word' id='word_1_165' title='bbox 778 3915 808 3978; x_wconf 95' lang='lat' dir='ltr'>in</span> <span class='ocrx_word' id='word_1_166' title='bbox 832 3913 925 3991; x_wconf 85' lang='lat' dir='ltr'>libro,</span> <span class='ocrx_word' id='word_1_167' title='bbox 948 3913 1000 3993; x_wconf 92' lang='lat' dir='ltr'>qui</span> <span class='ocrx_word' id='word_1_168' title='bbox 1023 3912 1202 3977; x_wconf 84' lang='lat' dir='ltr'>inscribitur</span> <span class='ocrx_word' id='word_1_169' title='bbox 1224 3912 1331 3976; x_wconf 85' lang='lat' dir='ltr'>Rcvue</span> 
     </span>
     <span class='ocr_line' id='line_1_22' title="bbox 259 4018 1331 4103; baseline -0.005 -17"><span class='ocrx_word' id='word_1_170' title='bbox 259 4023 402 4103; x_wconf 80' lang='lat' dir='ltr'>critique,</span> <span class='ocrx_word' id='word_1_171' title='bbox 426 4024 523 4100; x_wconf 83' lang='grc'>1870,</span> <span class='ocrx_word' id='word_1_172' title='bbox 545 4041 576 4103; x_wconf 92' lang='lat' dir='ltr'>p.</span> <span class='ocrx_word' id='word_1_173' title='bbox 596 4023 635 4085; x_wconf 92' lang='grc'>18</span> <span class='ocrx_word' id='word_1_174' title='bbox 652 4040 719 4102; x_wconf 91' lang='lat' dir='ltr'>sqq.</span> <span class='ocrx_word' id='word_1_175' title='bbox 747 4022 786 4085; x_wconf 89' lang='lat' dir='ltr'>de</span> <span class='ocrx_word' id='word_1_176' title='bbox 808 4019 971 4100; x_wconf 89' lang='lat' dir='ltr'>scripturis</span> <span class='ocrx_word' id='word_1_177' title='bbox 998 4019 1029 4082; x_wconf 95' lang='lat' dir='ltr'>in</span> <span class='ocrx_word' id='word_1_178' title='bbox 1058 4019 1198 4100; x_wconf 82' lang='lat' dir='ltr'>ruargine</span> <span class='ocrx_word' id='word_1_179' title='bbox 1220 4018 1331 4098; x_wconf 88' lang='lat' dir='ltr'>positis</span> 
     </span>
     <span class='ocr_line' id='line_1_23' title="bbox 259 4125 1331 4210; baseline -0.003 -18"><span class='ocrx_word' id='word_1_180' title='bbox 259 4131 400 4210; x_wconf 83' lang='lat' dir='ltr'>exposuit</span> <span class='ocrx_word' id='word_1_181' title='bbox 427 4136 460 4193; x_wconf 88' lang='lat' dir='ltr'>ct</span> <span class='ocrx_word' id='word_1_182' title='bbox 485 4129 516 4192; x_wconf 91' lang='lat' dir='ltr'>in</span> <span class='ocrx_word' id='word_1_183' title='bbox 545 4129 623 4192; x_wconf 90' lang='lat' dir='ltr'>libro</span> <span class='ocrx_word' id='word_1_184' title='bbox 646 4129 753 4209; x_wconf 87' lang='lat' dir='ltr'>quinto</span> <span class='ocrx_word' id='word_1_185' title='bbox 775 4127 815 4192; x_wconf 89' lang='lat' dir='ltr'>ab</span> <span class='ocrx_word' id='word_1_186' title='bbox 837 4147 887 4205; x_wconf 89' lang='lat' dir='ltr'>eo,</span> <span class='ocrx_word' id='word_1_187' title='bbox 916 4126 968 4207; x_wconf 93' lang='lat' dir='ltr'>qui</span> <span class='ocrx_word' id='word_1_188' title='bbox 990 4126 1124 4191; x_wconf 84' lang='lat' dir='ltr'>codicern</span> <span class='ocrx_word' id='word_1_189' title='bbox 1149 4125 1331 4201; x_wconf 83' lang='lat' dir='ltr'>contulerat,</span> 
     </span>
     <span class='ocr_line' id='line_1_24' title="bbox 259 4233 1330 4315; baseline 0 -20"><span class='ocrx_word' id='word_1_190' title='bbox 259 4236 372 4301; x_wconf 84' lang='lat' dir='ltr'>delicta</span> <span class='ocrx_word' id='word_1_191' title='bbox 399 4236 541 4299; x_wconf 83' lang='lat' dir='ltr'>correxit</span> <span class='ocrx_word' id='word_1_192' title='bbox 591 4236 625 4299; x_wconf 95' lang='lat' dir='ltr'>ln</span> <span class='ocrx_word' id='word_1_193' title='bbox 656 4234 762 4299; x_wconf 90' lang='lat' dir='ltr'>codice</span> <span class='ocrx_word' id='word_1_194' title='bbox 788 4233 972 4315; x_wconf 82' lang='lat' dir='ltr'>Erlangensi</span> <span class='ocrx_word' id='word_1_195' title='bbox 1003 4252 1073 4297; x_wconf 84' lang='lat' dir='ltr'>nica</span> <span class='ocrx_word' id='word_1_196' title='bbox 1100 4233 1198 4312; x_wconf 84' lang='lat' dir='ltr'>ipsius</span> <span class='ocrx_word' id='word_1_197' title='bbox 1225 4233 1330 4313; x_wconf 83' lang='lat' dir='ltr'>gravis</span> 
     </span>
    </p>
   </div>
   <div class='ocr_carea' id='block_1_4' title="bbox 260 4337 1330 4495">
    <p class='ocr_par' dir='ltr' id='par_1_4' title="bbox 260 4337 1330 4495">
     <span class='ocr_line' id='line_1_25' title="bbox 260 4337 1330 4424; baseline -0.003 -20"><span class='ocrx_word' id='word_1_198' title='bbox 260 4343 422 4407; x_wconf 80' lang='lat' dir='ltr'>oblivionis</span> <span class='ocrx_word' id='word_1_199' title='bbox 450 4343 541 4424; x_wconf 87' lang='lat' dir='ltr'>culpa</span> <span class='ocrx_word' id='word_1_200' title='bbox 568 4342 744 4406; x_wconf 92' lang='lat' dir='ltr'>accusanda</span> <span class='ocrx_word' id='word_1_201' title='bbox 771 4348 827 4405; x_wconf 87' lang='lat' dir='ltr'>est.</span> <span class='ocrx_word' id='word_1_202' title='bbox 872 4341 948 4406; x_wconf 80' lang='lat' dir='ltr'>Cunr</span> <span class='ocrx_word' id='word_1_203' title='bbox 976 4340 1056 4403; x_wconf 87' lang='lat' dir='ltr'>eninr</span> <span class='ocrx_word' id='word_1_204' title='bbox 1086 4340 1222 4404; x_wconf 82' lang='lat' dir='ltr'>a.1848</span> <span class='ocrx_word' id='word_1_205' title='bbox 1249 4337 1330 4402; x_wconf 91' lang='lat' dir='ltr'>diifi-</span> 
     </span>
     <span class='ocr_line' id='line_1_26' title="bbox 1109 4460 1126 4495; baseline 0 0"><span class='ocrx_word' id='word_1_206' title='bbox 1109 4460 1126 4495; x_wconf 86' lang='grc' dir='ltr'><strong>Α</strong></span> 
     </span>
    </p>
   </div>
   <div class='ocr_carea' id='block_1_5' title="bbox 0 0 1529 5086">
    <p class='ocr_par' dir='ltr' id='par_1_5' title="bbox 0 0 1529 5086">
     <span class='ocr_line' id='line_1_27' title="bbox 0 0 1529 5086; baseline 0 0"><span class='ocrx_word' id='word_1_207' title='bbox 0 0 1529 5086; x_wconf 95' lang='lat' dir='ltr'> </span> 
     </span>
    </p>
   </div>
  </div>
 </body>
</html>
