3030 5086
509 486 552 531 nn
576 486 656 532 usu.
679 485 742 531 uun.
763 487 785 532 v
807 486 880 532 car.
899 490 940 536 ao.
955 488 1018 547 (aa)
1238 471 1297 535 i'll

225 658 307 720 mine
323 655 347 736 †
361 671 456 734 quam
472 652 592 734 aliquid
608 652 716 734 potius
732 671 845 719 novum
862 654 1034 735 exquirere,
1056 654 1181 721 virtutis
1197 661 1302 720 autem

299 814 317 857 1,
338 822 409 870 qnam
427 807 481 854 aine
499 817 561 855 uota
578 807 662 856 mendi
682 805 725 855 Or.
762 805 910 870 dsqcumll
945 807 1109 871 aequimall

226 947 301 1016 Eri„
326 945 403 1020 Spir.
423 942 488 1022 [B],
512 943 592 1002 Gud.
612 946 629 1001 2
655 953 786 1014 tuentur,
808 963 867 1003 non
890 956 969 1003 recte
992 964 1094 1004 rursus
1115 946 1262 1004 sublatum
1285 964 1304 1004 a

225 1032 303 1089 Dav.
332 1040 363 1087 et
393 1029 500 1086 ceteris
530 1029 707 1087 deteriorum
735 1029 819 1087 codd.
846 1031 1036 1100 auctoritate;
1069 1031 1159 1105 (Dav.
1188 1040 1301 1089 tantum

225 1126 285 1174 tres
307 1135 323 1172 e
346 1115 407 1172 suia
429 1115 569 1190 appellat,
592 1115 644 1171 sed
663 1115 767 1172 aberat
782 1115 820 1172 ab
832 1114 912 1173 Oxx.
924 1115 1070 1186 omnibus,
1087 1117 1167 1188 Bac,
1179 1115 1258 1176 Gud.
1274 1119 1302 1187 1,

225 1203 321 1269 itlon.;
345 1200 433 1259 Grut.
458 1202 557 1273 tacet).
602 1200 664 1257 Sint
687 1199 713 1256 si
735 1198 841 1258 Cicero
863 1200 982 1276 scripsit
1003 1201 1096 1275 (quod
1118 1202 1212 1273 Dan,
1236 1220 1302 1259 cum

225 1287 320 1351 Man,
345 1284 463 1354 Lamo„
490 1283 579 1342 Grut.
601 1294 663 1341 aaut
684 1284 867 1359 posuissent,
895 1285 1048 1344 revocavit
1074 1304 1091 1344 e
1113 1287 1200 1347 Parr.
1226 1289 1258 1360 1,
1283 1286 1301 1343 3

228 1369 428 1444 „reliquisque
451 1368 567 1438 codd.“,
589 1379 620 1426 et
640 1369 785 1426 accedunt
806 1367 873 1447 [B,]
898 1365 968 1448 Εξχ,
992 1369 1061 1429 Gaii
1084 1375 1208 1446 omnes),
1230 1371 1303 1430 Piso

224 1456 369 1513 incertum
398 1453 525 1527 relinqui
548 1453 709 1530 significat,
739 1472 884 1528 quaenam
912 1474 947 1512 eo
973 1474 1082 1532 genere
1110 1456 1302 1533 comprehen-

225 1541 347 1608 dantur;
376 1538 447 1596 mihi
475 1537 574 1614 aptius
601 1539 751 1596 videretur
778 1550 850 1598 aunt.
895 1540 1047 1613 (Pisonem
1071 1541 1214 1599 Antiochi
1235 1559 1302 1599 sen·

225 1625 348 1683 tentiam
371 1623 546 1700 significare,
569 1624 641 1681 haec
664 1625 823 1681 secundum
842 1634 978 1683 naturam
997 1643 1062 1683 esse
1079 1625 1213 1694 dicentis,
1235 1643 1302 1685 cum

224 1710 288 1786 ipse
311 1709 394 1765 malit
416 1709 493 1765 bona
516 1710 676 1784 appellare,
699 1707 793 1768 Gaius
815 1721 925 1777 narrat,
948 1711 1053 1785 quiex
1071 1710 1207 1769 hoctoto
1225 1711 1302 1769 libro

224 1813 261 1852 ue
284 1794 314 1851 id
336 1794 454 1868 quidem
477 1793 630 1863 didicerat,
654 1794 726 1852 haec
743 1795 902 1852 secundum
922 1805 1058 1853 naturam
1076 1794 1135 1853 dici
1151 1796 1189 1854 ab
1207 1796 1302 1854 omni·

225 1880 289 1949 bus,
312 1879 401 1935 etiam
424 1897 443 1935 a
462 1877 580 1949 Stoicis,
603 1882 680 1937 bona
701 1898 720 1936 a
735 1880 943 1954 Peripateticis
965 1890 995 1938 et
1011 1880 1163 1938 Antiocho
1180 1881 1302 1956 eiusque

224 1964 384 2038 interprete
408 1963 538 2038 Pisone.)

311 2067 357 2106 uec
383 2050 523 2123 fraudare
551 2082 591 2091 —
619 2049 773 2124 acquirere)
801 2050 885 2107 Haec
912 2051 1004 2107 verba
1036 2050 1198 2125 depravata
1227 2068 1301 2122 ease,

225 2134 325 2209 plures
347 2132 568 2198 intellexerunt,
590 2151 645 2190 nec
661 2143 759 2191 tamen
777 2134 882 2191 vitium
899 2135 1016 2210 penitus
1034 2135 1180 2192 viderunt.
1213 2133 1302 2194 Com·

224 2219 350 2294 paratio,
367 2236 455 2292 quam
473 2217 633 2294 significari
644 2227 759 2294 putant,
778 2228 830 2276 aut
846 2219 919 2276 haec
935 2231 994 2276 est:
1012 2231 1038 2277 rt
1053 2210 1157 2278 audebo
1168 2222 1300 2294 fucere,
1352 2274 1361 2285 ,

225 2314 254 2359 ut
272 2307 363 2377 potius
384 2313 469 2359 vetera
484 2306 587 2359 aornim
607 2304 670 2360 illes
691 2322 736 2361 res
757 2323 810 2359 noa
824 2305 956 2377 fraudem
978 2324 1061 2378 quam
1082 2307 1189 2380 aliquid
1205 2324 1301 2362 novum

224 2392 375 2461 exquiram,
398 2396 450 2443 aut
472 2388 558 2444 haec:
581 2397 606 2444 et
626 2389 730 2445 audebo
751 2407 813 2444 nou
830 2391 964 2462 socero,
987 2391 1062 2463 quod
1083 2390 1168 2448 Stoici
1181 2392 1301 2464 faciunt,

224 2477 273 2546 qai
289 2477 382 2547 potius
404 2473 512 2529 dicendi
532 2482 594 2527 sant
615 2491 659 2529 rea
680 2475 743 2531 illac
764 2492 813 2530 auo
834 2483 919 2530 oeten
940 2477 1042 2531 nomme
1057 2476 1197 2548 fraudare
1218 2494 1302 2550 quom

223 2559 331 2631 aliquid
357 2577 453 2613 novam
473 2560 626 2630 exquirere3
656 2566 781 2632 utraque
808 2576 909 2633 prava.
953 2559 1031 2616 Nam
1061 2559 1190 2635 priorem
1217 2560 1299 2617 illam

223 2642 415 2711 seutentiam,
439 2642 469 2698 in
492 2659 551 2715 qua
573 2643 740 2701 necessario
762 2642 947 2700 scribendum
971 2653 1049 2701 asset
1070 2662 1137 2702 cum
1155 2644 1301 2703 Lambino

225 2725 270 2804 [at
288 2723 422 2803 Baitero]
439 2729 583 2800 aliquod
603 2747 698 2785 novum
715 2729 795 2800 (nam
818 2727 855 2786 de
876 2729 995 2785 nomine
1012 2738 1126 2786 tantum
1143 2748 1222 2786 novo
1239 2739 1301 2786 tum

223 2811 343 2886 agitur),
366 2829 432 2868 cnm
455 2810 528 2868 illud
551 2813 667 2883 evortit,
690 2812 768 2887 qnod
791 2812 822 2869 in
844 2812 900 2870 hec
916 2822 998 2870 recta
1016 2813 1214 2872 declaratione
1231 2831 1301 2871 con·

223 2895 282 2952 silii
306 2905 336 2951 et
357 2895 519 2952 voluntatis
542 2897 660 2953 Pisonis
687 2916 745 2954 non
769 2897 924 2954 dicendum
947 2907 1011 2955 erat
1038 2909 1068 2955 et
1094 2898 1125 2956 in
1147 2917 1301 2974 compara·

224 2979 303 3037 tione
326 2981 493 3054 ponendum
516 3001 568 3037 noa
583 2983 736 3055 fraudare,
766 2982 818 3039 sed
846 2981 1023 3039 affirmative
1050 2985 1199 3058 relinquere
1225 2993 1300 3040 vetus

222 3084 314 3122 nomen
337 3074 388 3121 aut
410 3065 506 3122 simile
524 3065 645 3139 aliquid,
670 3074 731 3123 tum
754 3067 882 3123 maxime
905 3068 1061 3125 verborum
1084 3069 1157 3125 ordo
1179 3077 1209 3125 et
1231 3086 1300 3126 con·

224 3149 351 3224 iunctio;
380 3150 533 3207 dicandum
563 3151 639 3207 enim
664 3161 741 3208 erat:
764 3155 910 3227 potiusque
937 3173 987 3209 non
1010 3154 1150 3226 fraudare
1171 3163 1241 3222 cet.;
1268 3152 1300 3210 in

222 3253 272 3305 aa,
301 3252 377 3308 quae
400 3253 478 3291 nunc
499 3245 558 3301 est,
587 3235 720 3293 oratione
743 3237 909 3294 necessario
931 3246 1045 3295 tantum
1061 3240 1203 3313 fraudare
1223 3237 1299 3310 (sine

221 3320 391 3395 negatione)
419 3328 449 3376 et
477 3324 618 3394 exquirere
639 3331 856 3397 comparantur.
901 3319 955 3403 [Et
981 3323 1102 3382 omnino
1130 3332 1193 3381 tota
1220 3341 1299 3380 com·

221 3404 337 3479 paratio
360 3404 461 3479 inepta
483 3416 575 3471 esset,
604 3422 669 3461 cum
692 3424 779 3463 nemo
801 3426 820 3464 a
841 3408 951 3466 Pisone
973 3409 1152 3483 postularet,
1181 3415 1214 3466 ut
1235 3407 1298 3484 ipse

222 3507 330 3545 novum
354 3508 460 3546 nomeu
478 3486 670 3568 exquireret]
703 3491 892 3566 Relinquitur
913 3493 1004 3569 igitur
1025 3495 1120 3551 altera
1141 3491 1298 3564 sententia,

220 3572 250 3630 in
274 3591 332 3647 qua
354 3592 412 3630 non
436 3574 566 3632 delectus
588 3575 779 3650 significatur,
803 3587 901 3634 utrum
923 3578 996 3636 Piso
1017 3578 1117 3649 faciat,
1140 3579 1192 3636 aed
1209 3596 1298 3653 nega·

220 3666 279 3728 tur,
302 3677 368 3715 eum
391 3658 547 3727 facturum,
571 3660 649 3733 quod
671 3660 723 3718 alii
740 3661 858 3736 quidam
877 3661 998 3734 iaciant,
1020 3664 1109 3738 idque
1125 3664 1226 3740 potius
1242 3663 1299 3720 hoc

220 3760 308 3816 quam
331 3744 405 3800 illud
427 3763 492 3801 ease
514 3744 630 3802 dicitur.
667 3745 726 3803 Sed
742 3746 773 3803 in
790 3747 846 3804 hac
862 3766 979 3822 quoque
996 3750 1216 3825 comparatione
1238 3765 1298 3805 non

220 3828 358 3904 exiguam
382 3827 573 3886 offensionem
597 3830 694 3895 habet,
717 3832 796 3904 quod
813 3833 937 3889 alterum
955 3834 1075 3908 (aliquid
1091 3854 1187 3891 novum
1203 3837 1297 3908 ecqui·

218 3915 289 3985 rere)
307 3914 426 3988 plenum
449 3925 493 3972 est
516 3923 546 3970 et
562 3932 693 3972 seorsum
711 3916 829 3987 dicitur,
852 3918 976 3974 alterum
994 3920 1053 3989 (nec
1068 3921 1209 3993 fraudare
1229 3920 1298 3991 cet.)

219 4015 257 4054 ex
280 3998 491 4073 superioribus,
514 4018 590 4074 quae
612 3999 649 4056 ad
672 4002 923 4076 comparationem
946 4021 1004 4061 non
1028 4004 1177 4079 pertinent
1192 4005 1298 4079 (appel-

219 4083 298 4154 lare),
321 4102 429 4140 nexum
454 4093 508 4149 est,
531 4085 669 4159 qnoniam
693 4086 761 4143 inde
780 4088 900 4146 auditur
915 4089 1102 4147 accusativus
1118 4089 1202 4147 verbi
1211 4091 1297 4163 sruc-

218 4168 300 4236 dam
334 4169 511 4243 omninoque
544 4188 683 4244 perverse
710 4189 777 4228 curn
805 4191 856 4242 eo,
890 4175 969 4247 quod
997 4174 1068 4232 Piso
1097 4191 1222 4232 ausurus
1249 4175 1296 4242 sir,

218 4254 416 4328 comparando
439 4255 636 4330 coniungitur,
660 4257 739 4330 quod
758 4257 850 4316 Stoici
872 4276 930 4315 non
947 4258 1068 4316 iaciant.
1106 4261 1190 4318 Haec
1205 4259 1298 4336 igitur

218 4335 248 4393 in
270 4338 417 4394 sententia
440 4339 567 4397 obscura
589 4351 618 4397 et
640 4360 734 4416 prava
755 4353 838 4411 sunt;
866 4343 896 4401 in
924 4344 1059 4402 oratione
1081 4345 1148 4419 quis
1170 4363 1230 4404 non
1250 4345 1296 4403 in·

217 4421 340 4499 tellegit,
364 4443 446 4498 qaam
464 4427 557 4500 poulo
580 4423 677 4503 [quam
693 4429 801 4503 aliquid
817 4426 923 4506 ροῑίιω]
945 4448 1000 4506 pru
1018 4431 1111 4505 potiere
1131 4449 1216 4507 quam
1236 4447 1296 4489 uon

1039 4544 1091 4596 49*
