3030 5086
493 488 537 533 ar
560 487 641 532 aaa.
663 487 726 532 ms.
750 487 771 531 v
794 486 866 533 car.
888 487 909 538 r.
929 489 975 549 (a.)
1213 470 1276 534 609

196 674 288 736 quem
310 673 366 718 vos
389 661 424 717 ut
445 655 583 720 deditum
599 655 735 736 Epicuro
757 654 902 719 insmtari
919 654 1035 732 soletis,
1058 673 1127 719 sum
1144 655 1275 720 multum
1374 649 1384 667 “

196 756 339 837 equidem
361 774 430 820 cum
447 757 599 834 Phaedro,
622 774 714 836 quem
735 756 825 822 unice
841 757 946 839 diligo,
969 764 1004 820 ut
1026 756 1120 835 scitis,
1141 756 1173 820 io
1197 757 1276 837 Epi-

198 858 263 922 curi
279 858 388 936 hortis,
410 877 489 938 quos
508 859 601 922 modo
618 858 877 938 praeteribamus,
898 859 964 937 sed,
981 857 1097 923 veteris
1114 858 1277 939 proverbii

197 960 367 1038 admonitu,
384 961 524 1024 vivorum
541 958 680 1038 memini3
703 977 760 1024 nec
776 968 878 1024 tamen
896 960 1023 1042 Epicuri
1039 960 1112 1024 licet
1129 960 1277 1042 oblivisci,

266 1117 290 1160 8.
307 1112 509 1175 praeteriebamus
520 1111 632 1162 ELPCR
669 1118 691 1161 4.
711 1110 833 1161 ommom'ti
845 1112 866 1160 E
901 1120 1031 1161 vestrorum
1049 1113 1106 1176 (pro
1124 1112 1276 1179 uiuorum)L

198 1197 240 1229 nec
257 1187 334 1230 tameo
349 1209 379 1217 -
395 1180 479 1229 tabeat
497 1180 595 1228 Nonius
613 1195 636 1243 p.
650 1183 681 1228 to
716 1197 767 1228 cum
786 1183 842 1243 (pro
860 1180 990 1245 tamen)E
1025 1180 1097 1229 macti
1112 1186 1169 1244 (pro
1187 1183 1276 1245 tomen)

198 1263 248 1311 mg.
268 1249 289 1296 P
324 1249 452 1312 Epicurum
470 1248 535 1298 Non.
555 1248 609 1311 (alii
628 1249 702 1296 codd.
720 1247 874 1312 Epicureum)

197 1371 345 1443 quomodo
374 1389 478 1427 vocum
507 1369 736 1445 significationes
763 1370 949 1427 inflectantur
978 1379 1009 1427 et
1035 1371 1275 1446 detorqueantur,

199 1455 293 1524 videt,
317 1456 444 1530 plurima
466 1474 556 1530 prave
579 1455 804 1530 interpretetur,
833 1455 939 1526 multa,
963 1474 1038 1530 quae
1061 1456 1224 1514 rectissime
1247 1464 1277 1514 et

106 1565 110 1571 ¹
198 1540 345 1613 frequenti
369 1541 506 1615 exemplo
528 1540 638 1616 scripta
660 1550 737 1609 sunt,
760 1560 818 1598 non
837 1540 992 1617 intellegit,
1015 1560 1050 1597 ea
1072 1552 1170 1598 autem
1194 1550 1276 1598 tauta

199 1626 362 1682 temeritate
392 1644 427 1682 ac
449 1626 567 1682 licentia
591 1634 698 1694 mutat,
729 1635 762 1682 ut
791 1643 849 1681 non
878 1626 928 1682 uni
957 1635 987 1682 et
1014 1626 1099 1683 alteri
1128 1627 1193 1683 loeo
1217 1626 1276 1684 vim

200 1709 289 1766 faciat
306 1711 399 1781 (velat
422 1711 476 1777 illi,
500 1729 586 1784 quem
610 1730 647 1766 ex
671 1721 745 1767 orat.
769 1730 822 1785 pro
841 1711 965 1767 Murena
988 1711 1100 1785 posui),
1124 1712 1175 1767 sed
1199 1721 1277 1768 totos

199 1794 316 1851 ordines
339 1795 478 1861 locorum,
502 1796 551 1871 qni
575 1814 629 1852 sua
651 1795 842 1853 similitudine
860 1804 889 1852 et
908 1796 1093 1853 auctoritatis
1111 1796 1278 1853 constantia

200 1879 358 1937 firmissimi
371 1892 447 1951 sunt,
461 1889 588 1949 evertat3
607 1891 636 1937 nt
649 1881 685 1936 de
698 1881 766 1938 Div.
779 1881 820 1949 ΙΙ,
835 1882 884 1950 47,
898 1882 983 1938 Verr.
995 1881 1020 1950 Ι,
1037 1882 1106 1951 142,
1120 1881 1149 1938 in
1163 1881 1223 1938 Pis.
1239 1882 1276 1938 19

202 1966 312 2021 mavrrlt
333 1968 432 2022 scilicet
454 1967 548 2022 eicere
565 1985 662 2040 quam,
685 1965 802 2022 sublata
824 1966 1024 2042 interrogandi
1047 1976 1126 2036 nota,
1150 1984 1216 2022 cum
1234 1965 1278 2023 ai·

201 2050 364 2107 firmatione
382 2061 412 2107 et
428 2052 535 2108 acerba
551 2050 687 2108 irrisione
704 2051 747 2107 rei
759 2069 916 2126 perversae
929 2061 957 2107 et
969 2050 1063 2108 ialsae
1075 2052 1177 2109 eodem
1190 2051 1278 2108 modo

202 2134 328 2209 positum
353 2136 538 2211 intellegere,
562 2154 621 2209 quo
644 2135 691 2192 hic
714 2136 759 2206 11,
786 2137 844 2192 102
868 2136 929 2207 (ubi
952 2136 1048 2211 ipsum
1071 2136 1160 2193 illud:
1190 2146 1215 2192 et
1240 2170 1278 2179 -

200 2223 299 2276 scilicet
321 2220 485 2293 habemus).
520 2221 554 2277 ln
573 2221 667 2278 Acad.
687 2230 784 2277 autem
803 2221 844 2289 ΙΙ,
859 2222 897 2277 87
916 2222 1056 2293 (Etiamne
1075 2223 1123 2278 lroc
1139 2222 1280 2295 offirmtum

197 2316 283 2379 potes,
301 2325 358 2362 esse
368 2308 490 2380 utiquam
500 2310 562 2374 vim,
580 2325 639 2362 cum
652 2307 801 2380 prudentia
812 2317 836 2362 et
847 2308 955 2362 coasilio
967 2308 1073 2376 scilicet,
1091 2308 1279 2380 quceflncerit

110 2388 112 2391 ’
205 2422 240 2431 -
261 2392 418 2463 hominemt)
436 2410 493 2447 non
511 2391 719 2447 animadvertit
741 2390 889 2464 (fortasse,
912 2392 990 2464 qnod
1013 2409 1127 2448 comma
1144 2401 1210 2467 post
1227 2394 1279 2448 vim

203 2475 332 2533 Orellius
355 2476 518 2549 omiserat).
542 2486 627 2532 extra
648 2475 743 2550 ipsam
766 2475 1025 2550 interrogationem
1049 2476 1132 2541 addi,
1161 2475 1278 2550 qualem

203 2579 267 2615 eam
290 2561 349 2617 vim
373 2562 494 2637 cogitari
518 2561 625 2617 debere
648 2561 834 2636 perspicuum
858 2561 896 2617 sit
914 2562 984 2633 (arrd
1004 2562 1138 2618 naturlielr
1160 2580 1235 2618 maes
1251 2580 1280 2618 ea

203 2649 259 2700 eine
275 2649 321 2701 mit
333 2647 460 2702 Eiosiolt
476 2655 657 2719 campmsistete
673 2647 731 2702 carrd
741 2647 913 2720 plcrrmdssiq
931 2648 1081 2703 harrdelade
1093 2647 1179 2719 Kroft
1195 2649 1279 2720 seia);

204 2729 256 2787 cir.
270 2729 370 2806 [Verr.
384 2728 513 2806 1V,a7,]
526 2731 562 2786 ad
577 2731 658 2787 Fam.
672 2731 746 2788 XII.
763 2733 809 2794 17,
819 2732 847 2798 2,
859 2731 950 2788 x111.
960 2732 1013 2801 26,
1027 2732 1056 2797 2,
1074 2730 1162 2789 Catil.
1174 2731 1215 2797 Π,
1231 2731 1279 2800 19,

204 2815 241 2870 al.
271 2814 468 2891 [Retractavit
491 2824 593 2890 postea
612 2816 684 2871 haec
702 2813 974 2892 Stuerenburgins.]
1003 2818 1104 2889 Atque
1126 2816 1199 2871 haec
1222 2815 1280 2891 sig·

206 2899 334 2955 sificatio
356 2900 399 2955 rei
423 2919 475 2975 per
498 2919 528 2956 se
552 2900 733 2975 perspicuae,
758 2909 790 2955 nt
813 2899 978 2956 confirmari
1001 2899 1182 2975 explicarive
1205 2917 1280 2974 opus

205 3003 262 3039 non
291 2985 343 3052 sit,
378 2984 538 3048 interdum,
573 3003 637 3040 erran
667 2996 824 3059 propterea
851 2985 887 3040 ad
916 2984 1004 3040 aliam
1033 3003 1094 3040 rem
1123 2984 1289 3057 transitur„

206 3070 339 3144 proxime
368 3070 481 3126 accedit
514 3070 550 3125 ad
584 3069 663 3126 illam
693 3069 870 3125 concedendi
900 3069 957 3125 vim
989 3069 1039 3142 (ab
1067 3070 1167 3125 eadem
1202 3069 1279 3125 enim

204 3154 296 3229 stirpe
319 3159 412 3227 sunt),
444 3155 525 3211 velut
547 3156 563 3211 1
585 3154 621 3210 ad
645 3155 726 3211 Fam.
752 3155 785 3223 6,
813 3157 824 3209 l
851 3157 978 3223 (musitae
1004 3156 1102 3211 scilicet
1129 3156 1282 3211 consolatur

205 3258 282 3312 spes;
299 3272 341 3281 —
353 3243 439 3312 focile
454 3242 570 3297 secundo
586 3243 641 3296 loco
664 3258 704 3295 me
720 3241 872 3295 consolatur
887 3242 967 3311 cet),
991 3239 1027 3295 ad
1039 3242 1103 3295 Att.
1113 3239 1203 3304 XIII,
1215 3241 1241 3307 1,
1252 3241 1280 3303 2,

206 3324 242 3378 ad
267 3325 301 3397 Q.
325 3326 373 3380 Fr.
397 3325 442 3389 ΙΙ,
471 3328 522 3394 14,
547 3327 581 3393 2,
610 3325 659 3398 qui
689 3324 770 3380 locus
799 3342 856 3380 non
885 3334 964 3380 recte
986 3323 1205 3400 interpungitur
1227 3341 1281 3381 nec

206 3409 400 3484 intellegitnr3
423 3411 479 3466 hoc
502 3411 578 3467 enim
592 3409 696 3468 Cicero
720 3409 799 3471 dicit,
823 3428 852 3465 ee
872 3416 994 3465 visrrrum
1012 3410 1280 3482 scilicet(notiirlicd)

201 3514 302 3568 pueros
324 3497 426 3563 cotidie,
450 3497 499 3551 sed
514 3499 703 3570 inspecturum,
727 3495 795 3568 quid
811 3495 917 3551 discant
934 3494 1024 3568 (quod
1042 3493 1192 3551 difficilius
1215 3495 1281 3567 est).

206 3598 288 3651 qaum
310 3583 472 3653 saepissime.

291 3671 387 3720 veteris
406 3667 542 3738 proverbii
562 3664 713 3738 admonitu)
736 3664 827 3739 Apud
847 3663 1018 3720 Petronium
1039 3682 1063 3719 c.
1077 3664 1117 3719 43
1141 3672 1170 3718 et
1192 3680 1217 3723 c.
1231 3663 1282 3731 75,

207 3767 292 3821 quern
305 3751 382 3806 Dar.
399 3749 510 3816 landet,
534 3751 563 3804 in
586 3749 692 3806 anisnis
714 3767 732 3804 a
754 3768 851 3806 rerum
875 3749 1002 3806 tristium
1026 3747 1231 3805 recordatione
1254 3757 1284 3804 et

207 3853 224 3889 a
246 3834 326 3890 luctu
349 3834 385 3890 ad
409 3834 586 3890 hilaritatem
610 3833 769 3890 evocandis
786 3834 907 3891 dicitnr:
937 3835 1060 3891 Vivorum
1078 3836 1283 3890 meminerimus.

207 3918 290 3974 Alibi
308 3920 496 3992 proverbium
508 3938 566 3975 non
584 3919 700 3994 legitur.
735 3918 964 3977 Similitudinem
977 3918 1106 3992 aliquam
1118 3936 1176 3974 non
1190 3917 1284 3973 maxi-

208 4022 282 4058 mam
308 4003 397 4059 habet
419 4022 484 4060 enm
508 4023 557 4068 eo,
588 4004 664 4076 quod
688 4004 875 4068 dicebantur,
903 4004 952 4077 qui
983 4002 1118 4078 sepulcra
1141 4003 1283 4078 legerent,

208 4089 376 4145 memoriam
407 4089 528 4163 perdere
551 4088 629 4159 (Cat.
655 4089 726 4148 Mai.
752 4090 814 4161 21).
860 4089 907 4145 De
935 4088 1072 4145 Phaedro
1099 4087 1209 4144 dictum
1238 4097 1283 4144 est

208 4173 244 4229 ad
268 4175 291 4232 Ι,
314 4176 361 4231 16,
397 4175 516 4230 locatur
538 4174 710 4248 Epicureus,
733 4173 797 4247 ipse
819 4173 940 4229 nimium
964 4171 1230 4247 condiscipulorum
1253 4171 1284 4229 in

209 4259 350 4315 memoria
368 4258 499 4333 magistri
517 4259 718 4316 conservanda
735 4258 862 4314 studium
881 4257 987 4314 leniter
1003 4257 1137 4313 irridens.
1172 4257 1285 4323 Asellis,

208 4363 294 4417 qnam
312 4343 436 4401 formam
456 4344 587 4411 Plautus,
611 4343 776 4410 Lucretius,
796 4343 939 4399 Horatius
955 4342 1058 4416 paucis
1074 4341 1148 4399 locis
1164 4351 1286 4418 propter

209 4447 326 4486 versum
349 4438 520 4504 posuerunt,
543 4428 677 4486 aNonio
699 4437 729 4485 et
751 4428 815 4485 eod.
830 4428 904 4484 Mor.
927 4426 1057 4484 oblatum
1081 4435 1185 4484 contra
1205 4434 1285 4484 cete·

1048 4544 1081 4590 80
