3030 5086
658 433 853 480 rsssssmo.
1178 419 1297 484 XXXV

306 602 342 665 ln
373 602 484 666 ceteris
515 601 722 666 deterioribus
755 600 912 667 codicibus
943 612 1071 683 praeter
1103 622 1294 669 communem

215 708 303 773 illam
326 708 576 790 interpolationis
598 717 629 773 et
651 710 834 772 mendorum
856 709 972 788 labem,
996 728 1059 790 qua
1079 729 1178 790 genus
1200 730 1296 791 agmo-

216 817 318 881 scitur
340 824 500 897 tamqnam
521 825 611 895 nota,
638 814 728 881 facile
755 816 958 897 intellegitur,
987 825 1018 881 et
1045 835 1170 882 errores
1198 837 1296 883 novos

199 924 308 988 *varie
335 923 505 988 accessisse
537 930 570 988 et
593 907 772 1004 ¹corrigendi
806 932 950 987 conatum
984 924 1140 988 interdum
1174 925 1296 1006 longius

216 1050 421 1112 progressum
443 1048 521 1108 essa
544 1029 636 1094 aliter
657 1030 689 1094 iu
712 1030 795 1108 aliis;
819 1030 903 1094 velut
924 1031 948 1108 l,
970 1032 1022 1106 46,
1045 1050 1113 1096 cum
1132 1032 1297 1096 excidisset

216 1142 380 1217 amand,
403 1138 518 1218 partim
538 1137 642 1201 oratio
665 1155 776 1201 manca
800 1137 910 1203 relicta
931 1147 993 1216 est,
1016 1140 1131 1219 partim
1155 1140 1297 1204 additum

215 1244 337 1324 domoc
365 1246 394 1308 in
418 1245 464 1323 ΙΙ,
487 1247 528 1309 26
550 1244 580 1308 in
603 1244 761 1326 plerisque
784 1244 900 1309 omissa
921 1255 1009 1323 sunt,
1038 1264 1118 1327 quse
1145 1247 1235 1327 pauci
1258 1266 1295 1311 ex

216 1346 361 1435 margine
382 1352 531 1434 principis
554 1352 764 1432 servarunt¹)
809 1351 887 1417 Sunt
914 1353 945 1416 in
974 1353 1023 1417 his
1045 1354 1176 1434 vestigia
1199 1372 1296 1434 quae-

216 1461 293 1524 dam
314 1459 472 1551 propioris
485 1437 688 1540 'cognationis
710 1469 864 1523 certorum
883 1455 975 1525 huius
992 1459 1124 1525 familiae
1141 1460 1294 1538 codicum3

218 1567 304 1632 velut
325 1574 473 1647 apparet,
496 1567 661 1631 editionem
686 1567 857 1630 Romanam
882 1567 977 1631 multo
1000 1568 1127 1649 saepius
1150 1586 1219 1632 cum
1242 1585 1294 1631 co·

218 1675 290 1740 dice
322 1684 429 1739 nostro
457 1673 623 1738 Parisiensi
652 1675 827 1738 consentire
854 1693 945 1755 quam
975 1673 1202 1752 Colonienscm;
1238 1675 1294 1739 sed

217 1800 321 1862 neque
342 1781 446 1862 magni
468 1781 614 1845 momenti
642 1780 719 1844 haec
741 1785 814 1844 sunt
836 1781 877 1844 ad
899 1782 1134 1862 ponderandum
1157 1780 1293 1846 familiae

217 1888 429 1952 testimonium
452 1893 536 1965 (nam
559 1886 626 1952 fere
646 1905 818 1969 paucorum
840 1907 861 1952 a
882 1888 1006 1968 generis
1028 1907 1182 1953 consensu
1204 1889 1294 1953 aber·

218 1996 358 2060 rationes
379 1995 468 2060 facile
489 1995 679 2075 iudicantur)
703 2013 805 2075 neque
826 1995 974 2076 explicari
996 1995 1141 2060 distincte
1162 2006 1296 2077 possunt

218 2103 249 2165 in
273 2111 363 2166 tsnta
384 2121 506 2174 eorum,
535 2103 587 2182 qui
615 2101 672 2165 hos
695 2103 816 2166 codices
839 2101 1063 2181 adhibuerunt,
1092 2103 1294 2184 neglegentis.

218 2209 329 2289 Itaque
351 2216 472 2273 tantum
494 2226 585 2288 pono,
607 2209 689 2273 inter
711 2203 836 2273 minime
858 2209 957 2274 malos
977 2228 1045 2274 esse
1062 2209 1247 2275 Pall3et4
1264 2219 1295 2274 et

217 2315 427 2380 Parisiensem
451 2326 591 2380 nostrum
614 2316 658 2397 (in
682 2334 743 2397 quo
766 2317 806 2393 Π,
827 2318 866 2380 61
891 2334 949 2397 pro
972 2317 1023 2379 ubi
1043 2322 1079 2379 ot
1101 2326 1148 2382 est
1169 2317 1228 2380 nisi
1250 2322 1293 2396 ut,

216 2423 249 2487 in
266 2424 378 2487 ceteris
394 2423 601 2488 deterioribus
617 2443 692 2486 nom
707 2426 765 2505 ol),
784 2423 933 2487 mutando
945 2430 977 2487 et
987 2424 1162 2505 corrigendi
1180 2436 1292 2491 conatu

215 2536 291 2611 post
312 2527 357 2600 Εξ
378 2530 468 2608 longe
489 2531 637 2611 progredi
661 2530 815 2595 Ellensem
841 2532 856 2594 1
882 2531 980 2610 (velut
1001 2531 1056 2610 IV,
1078 2534 1098 2598 6
1120 2531 1157 2594 de
1178 2533 1290 2596 anienis

215 2635 372 2699 Matinum
392 2637 499 2716 minos
519 2635 718 2718 odlandum),
740 2647 805 2701 tum
829 2656 913 2714 vero,
937 2639 976 2703 de
998 2657 1059 2718 qno
1083 2639 1197 2704 certius
1219 2658 1293 2704 con·

217 2754 289 2823 stat
307 2745 493 2811 Leidensem
510 2754 661 2822 nostrum,
677 2745 719 2808 ad
736 2763 828 2825 quem
846 2745 1047 2810 similitudine
1064 2747 1184 2811 accedit
1194 2746 1259 2810 Pal.
1273 2749 1293 2810 ⁴2

216 2849 286 2930 (cir.
298 2852 340 2915 ad
353 2851 390 2929 V,
404 2846 467 2930 72).
500 2851 568 2916 Hoc
588 2870 687 2932 genus
710 2848 801 2932 quale
819 2853 868 2930 sit,
891 2853 1028 2931 intellegi
1045 2859 1150 2933 potest
1167 2854 1251 2930 eIII,
1265 2856 1293 2929 l,

217 2959 269 3022 ubi
287 2977 355 3022 cum
367 2977 404 3022 ex
421 2957 539 3020 Maon
555 2957 638 3022 eoas
654 2958 685 3022 in
697 2958 854 3023 codicibus
867 2959 1076 3023 deterioribus
1095 2968 1197 3023 ortmn
1210 2972 1294 3023 esset

216 3064 303 3128 oeteo
319 3064 394 3142 olo-l,
417 3067 449 3129 in
460 3066 545 3129 Leid.
565 3069 610 3145 (et
633 3067 680 3129 ed.
704 3067 818 3146 prima)
837 3064 950 3128 iactum
969 3072 1018 3129 est
1033 3065 1119 3128 heluo
1137 3065 1292 3142 libronnn,

217 3184 249 3237 et
265 3192 282 3237 e
299 3173 337 3243 V,
350 3175 400 3251 39,
424 3173 474 3235 ubi
493 3191 561 3236 cnm
579 3175 721 3251 epotare
738 3181 839 3236 ortum
860 3182 944 3237 esset
959 3177 1068 3251 optare
1084 3182 1115 3237 et
1131 3178 1293 3251 animosiore

217 3291 248 3345 et
269 3285 498 3359 promotusque,
520 3287 651 3359 propter·
675 3300 732 3359 poe
752 3281 781 3342 in
799 3280 886 3343 Leid.
905 3279 1053 3359 scriptum
1077 3285 1126 3343 est
1141 3299 1293 3343 rcscrnorc

216 3392 444 3466 ampostoreptae.
465 3387 579 3450 Verum
591 3386 651 3451 hae
663 3405 769 3450 omnes
781 3388 977 3451 coniecturae
989 3396 1024 3449 ut
1034 3386 1149 3450 nullam
1161 3405 1292 3466 prorsus

217 3495 432 3558 auctoritatem
460 3493 587 3570 habent,
620 3495 664 3557 ita
692 3494 846 3557 interdum
881 3493 929 3576 [ut
956 3512 1054 3573 supra
1081 3493 1158 3575 dixi]
1193 3512 1293 3572 parva

217 3599 331 3664 menda
352 3619 409 3665 nec
431 3601 522 3680 longe
539 3619 558 3664 a
575 3619 648 3664 vero
666 3601 843 3665 aberrantia
862 3601 893 3663 in
914 3619 948 3664 re
965 3610 997 3665 et
1012 3601 1165 3664 sententia
1182 3613 1292 3679 sparte

217 3715 301 3770 recte
323 3706 448 3787 tollunt,
478 3726 499 3771 a
528 3707 667 3772 doctiore
694 3715 725 3772 et
751 3708 956 3787 prudentiore
983 3707 1106 3771 homine
1134 3705 1292 3786 proiectas

286 3946 411 3995 Gruterus
429 3959 521 3996 omncs
541 3946 669 3995 Palatinos
688 3951 732 3995 aut
751 3952 850 3994 ceteros
870 3949 985 4007 quinque
1002 3947 1135 4008 appellans
1154 3952 1199 3993 sut
1217 3949 1291 3994 slmi-

287 4030 343 4079 llter
366 4031 536 4081 detcrlortbus
560 4032 685 4091 adiungit.
722 4029 845 4079 lllrnmur
864 4033 953 4092 igitur,
977 4033 1035 4092 quis
1059 4031 1101 4079 liic
1124 4031 1200 4080 luerit
1220 4031 1291 4079 Pala·
1321 4033 1322 4036 ’

286 4118 356 4164 tinus
376 4117 484 4165 Grutero
503 4113 625 4178 Quotus]

248 4198 269 4260 ¹)
287 4199 457 4249 ilemurabllls
477 4201 612 4250 dissensus
633 4206 672 4249 est
691 4202 716 4248 ln
737 4199 770 4258 11,
790 4199 834 4257 68,
854 4203 897 4249 ubi
919 4200 1025 4249 Palatini
1046 4203 1158 4263 quinque
1178 4206 1201 4248 et
1221 4200 1289 4249 Pori·

287 4287 386 4333 cieuses
409 4290 498 4346 tresll)
518 4286 640 4334 dicuntur
663 4285 758 4334 hubert
782 4285 911 4334 flamonio
936 4287 975 4346 (ut
995 4286 1055 4358 Εξ),
1082 4288 1161 4333 nostri
1187 4290 1210 4332 et
1230 4283 1289 4332 Oros.

286 4376 338 4418 tres
356 4369 451 4419 habent
471 4368 632 4418 Themistocle.

1057 4458 1084 4496 ο.
