3030 5086
222 473 284 536 ttr
609 494 653 538 ou
676 495 808 542 sturnus
830 495 902 541 sou.

223 659 458 739 aurplitudiuem
481 661 570 740 quasi
592 661 624 724 in
646 661 746 726 altere
768 662 866 727 librae
883 662 971 727 larice
988 682 1115 744 ponere.
1163 662 1220 727 92.
1235 661 1325 726 Ter·

221 865 308 921 modo
332 866 369 921 ab
392 885 448 923 usu
471 867 629 936 sermonis,
653 868 705 925 sed
727 869 764 924 ab
787 868 891 925 intima
913 869 976 926 eius
995 880 1101 926 natura
1118 866 1317 927 abhorrere?

220 949 265 1005 Ea
287 952 466 1024 perversitas
488 952 556 1008 iude
579 952 760 1028 aScaligero
783 952 951 1010 defenditur
966 954 1080 1011 duobus
1097 955 1185 1019 locis,
1210 955 1314 1011 altero

219 1035 345 1109 Vergilii
364 1035 476 1111 Cop'
470 1037 586 1109 (Quid
601 1041 731 1094 iuvot-
749 1038 841 1095 obesse
858 1058 940 1112 quom
953 1042 1102 1114 potius-
1060 1040 1311 1111 -decubuieee)‚

220 1124 355 1192 quemi
330 1122 470 1178 Barthius
493 1122 632 1194 (Advers
656 1123 811 1189 XXXIII
832 1124 884 1196 20)
907 1123 1020 1197 pridem
1043 1134 1122 1181 recte
1145 1124 1310 1201 interpun-

219 1205 315 1280 gendo
338 1206 491 1280 expedivit
513 1206 604 1277 (Quid
625 1213 760 1265 iuvot—
784 1209 895 1266 obesse!
928 1214 1016 1275 Quom
1040 1213 1196 1280 potius·-
1221 1212 1308 1267 decti-

220 1290 370 1346 bur'ese-
382 1292 389 1329 i
432 1288 656 1370 [comparativo
690 1312 772 1367 quoru
805 1313 859 1368 pro
892 1304 993 1366 quotue
1019 1294 1231 1369 praeponitur.
1268 1312 1307 1352 ne

219 1374 402 1448 antiquiores
425 1394 665 1447 commemorem,
689 1380 779 1453 Verg.
803 1382 879 1435 Aen.
904 1379 979 1447 vll,
1004 1379 1075 1448 788,
1099 1379 1169 1438 Tib.
1193 1379 1225 1451 Ι,
1255 1382 1305 1441 10.

221 1459 275 1526 39,
312 1461 378 1517 Liv.
406 1461 465 1524 lv,
496 1462 551 1531 57,
582 1463 615 1532 6,
650 1462 732 1522 Curt.
760 1464 821 1530 tv,
850 1464 905 1533 43,
937 1459 999 1542 9]),
1038 1464 1132 1521 altero
1167 1463 1201 1524 C.
1227 1464 1306 1523 Titii

219 1545 297 1618 apud
321 1546 452 1603 Macrob.
477 1546 595 1605 Saturn.
618 1548 659 1617 ΙΙ,
686 1549 733 1617 12,
757 1548 807 1605 ubi
831 1547 1017 1605 scribendum
1041 1566 1122 1605 esse:
1144 1551 1216 1623 quid
1237 1551 1308 1608 midi

219 1633 316 1702 nepotr'i
337 1641 376 1688 eet
406 1640 464 1687 -t
517 1631 587 1699 Quin
610 1636 703 1707 potius
722 1643 850 1708 potamus
878 1664 920 1675 -
949 1636 1052 1691 edimus
1076 1641 1149 1703 -ι,
1178 1643 1206 1691 et
1235 1652 1304 1691 sen·

218 1714 311 1771 tentia
333 1716 441 1772 clamet
464 1728 493 1772 et
515 1718 717 1791 apertissimus
746 1718 777 1774 in
800 1718 883 1775 verbi
907 1719 993 1775 modo
1015 1728 1083 1793 post
1101 1722 1194 1793 potim
1216 1738 1304 1794 quam

219 1799 408 1857 soloecismus
432 1804 583 1876 (potemus)
607 1802 745 1860 ostendit.
786 1800 891 1881 [Apud
914 1803 1002 1878 Prop.
1026 1803 1058 1859 II
1075 1804 1157 1878 (ΙΙΙ).
1185 1805 1235 1873 18,
1265 1806 1303 1863 10

219 1883 283 1939 cod.
306 1884 400 1942 Gron.
428 1906 510 1960 quoru
529 1891 663 1985 prunum,
692 1888 878 1945 scribendum
906 1907 966 1944 cum
989 1886 1131 1967 priruum]
1176 1888 1303 1962 (Gzium

218 1968 397 2037 omittamus,
422 1972 473 2045 qui
496 1972 631 2068 primum,
639 1975 762 2069 ciqurud
783 1992 847 2029 esse
869 1974 960 2039 oiirtd,
984 1973 1077 2029 docet
1100 1983 1163 2030 tum
1185 1975 1303 2050 saepis·

218 2053 291 2109 sime
316 2054 449 2113 Graecos
472 2057 569 2112 dicore
593 2044 609 2130 ἢ
633 2044 705 2112 ἄλλο
728 2076 757 2112 τι
778 2053 909 2130 μᾶλλον,
932 2075 990 2113 non
1013 2067 1141 2132 putam,-
1158 2059 1248 2155 qupd
1263 2060 1302 2117 ad
1394 2084 1398 2089 ·

217 2157 280 2193 rom
303 2142 473 2215 pertineret,
497 2140 630 2199 Graecos
648 2159 701 2215 pro
720 2160 764 2207 co,
788 2141 866 2215 quod
890 2150 935 2197 est
951 2138 1040 2197 τοῦτο
1058 2128 1207 2214 μᾶλλον
1190 2163 1207 2217 ιΔ
1226 2131 1303 2199 ἄλλο

217 2240 255 2289 ιι,
278 2224 375 2281 dicere
397 2224 488 2282 τοῦτο
513 2212 529 2299 ἢ
552 2214 624 2281 ἄλλο
647 2245 676 2281 τι
697 2222 821 2299 μᾶλλον,
844 2226 911 2292 sed,
935 2236 968 2282 ut
990 2225 1078 2282 solet.
1102 2227 1250 2298 nesciens,
1274 2237 1305 2285 et

218 2306 254 2361 de
277 2328 335 2383 quo
359 2311 408 2366 olii
433 2311 566 2367 dubitent
590 2320 620 2366 et
642 2310 744 2384 quid
735 2327 798 2383 ipse
821 2311 966 2384 ebulliet.)
999 2312 1103 2385 Itaque
1127 2311 1304 2377 Lambinus.

219 2393 265 2448 cui
284 2395 354 2452 Ero.
373 2396 533 2452 assentitur
555 2394 600 2472 [et
619 2393 779 2470 Baiterus],
798 2399 890 2469 potius
907 2406 976 2451 unte
998 2414 1080 2469 quarn
1103 2397 1212 2470 posuit.
1237 2414 1304 2455 eor·

218 2476 331 2551 rigendi
355 2499 461 2556 genere
485 2480 604 2537 minime
628 2479 784 2554 probabili.
830 2480 916 2552 Quod
939 2488 1036 2536 autem
1061 2490 1217 2555 praeterea
1241 2482 1303 2539 Da·

217 2561 293 2619 visio
317 2565 345 2620 in
372 2575 496 2622 mentem
520 2565 611 2634 vonit,
636 2582 723 2638 posse
741 2567 834 2639 potius
856 2565 975 2622 omnino
993 2565 1106 2636 abesse,
1129 2576 1164 2623 nt
1181 2584 1303 2642 compa·

217 2648 293 2704 ratio
327 2669 363 2706 ex
398 2651 461 2706 sole
489 2668 561 2706 voce
595 2669 677 2723 qumu
707 2648 864 2717 sentietur.
899 2649 1024 2724 primum
1058 2650 1122 2707 eius
1157 2652 1305 2709 orationis

216 2729 330 2790 formae
359 2753 448 2791 uuum
478 2734 598 2791 omnino
627 2733 705 2808 apud
734 2733 906 2791 Ciceronem
938 2735 1105 2809 exemplum
1134 2744 1180 2792 est
1208 2736 1244 2794 11
1267 2737 1304 2795 de

217 2816 333 2876 Invent.
360 2822 377 2876 5
409 2821 446 2890 (ei
472 2839 489 2875 α
522 2822 612 2875 ιιιιιὶιίι
645 2821 739 2891 clipeus
767 2819 884 2875 horumce
911 2820 1151 2876 corrtruodiasiruuru
1180 2823 1305 2897 quidque

218 2921 299 2975 quoru
322 2924 379 2961 sese
401 2908 449 2959 rou
468 2908 551 2961 alicui
571 2914 642 2961 corto
664 2906 758 2960 velient
779 2905 934 2976 oriolium).
956 2903 1044 2977 idque
1067 2904 1113 2976 (ut
1135 2905 1176 2961 sit
1197 2924 1303 2963 verum

218 3005 271 3043 uec
300 2989 486 3046 scribendum
515 3008 580 3045 cum
604 2989 705 3045 Lamb.
729 2989 849 3062 rrroileut)
878 2988 970 3045 multo
998 2987 1140 3046 facilioris
1169 2991 1306 3065 genuerim

217 3090 283 3128 nam
313 3074 343 3130 in
372 3077 466 3131 uellent
488 3073 575 3130 facile
604 3093 619 3129 e
643 3072 752 3129 decreti
775 3073 989 3147 significatione
1012 3073 1125 3129 eruitur
1147 3092 1305 3150 compera-

217 3157 306 3214 tionis
324 3162 368 3229 (ut
388 3160 466 3234 apud
484 3159 638 3215 Plautum:
661 3168 761 3214 certum
783 3168 822 3213 est
841 3161 935 3214 ruoriri
950 3177 1032 3231 quom
1049 3159 1120 3215 burto
1135 3164 1198 3233 poti
1213 3163 1303 3234 cot.);

218 3242 248 3297 in
271 3244 326 3299 hnc
349 3245 465 3317 quidem
490 3243 686 3317 implicatiore
710 3242 843 3299 oratione
867 3252 933 3317 post
955 3244 1058 3299 audebo
1080 3261 1117 3299 ne
1138 3243 1161 3300 ii
1181 3244 1304 3318 quidem

218 3328 386 3403 scriptores,
410 3329 460 3402 qui
483 3330 513 3385 in
537 3328 589 3384 ille
611 3327 706 3385 forma
728 3327 845 3403 longius
868 3327 1015 3403 progressi
1038 3337 1121 3395 sunt,
1144 3328 1188 3385 ita
1209 3328 1306 3387 locuti

218 3424 331 3483 osseum
354 3414 460 3470 deiude
484 3432 604 3489 prorsus
627 3414 682 3469 hoc
706 3412 819 3469 tollitur
841 3413 870 3468 in
894 3431 939 3482 ea,
962 3430 1048 3486 quam
1072 3413 1189 3471 ostendi
1212 3432 1304 3471 unam

217 3515 281 3553 esse
304 3518 400 3574 posse,
424 3498 660 3574 comparatione,
689 3497 828 3571 quoniam
852 3515 888 3553 ea
910 3516 968 3553 ιιοιι
991 3497 1027 3552 ad
1051 3498 1174 3554 verbnm
1196 3500 1306 3556 audebo

216 3581 344 3639 refertur
367 3603 462 3657 neque
484 3584 514 3640 in
539 3583 653 3639 delectu
675 3582 727 3651 rei.
751 3583 802 3638 sed
825 3582 855 3639 in
879 3582 997 3638 nomine
1015 3582 1113 3656 posite
1129 3592 1184 3639 eet.
1217 3584 1306 3641 Haec

217 3669 417 3725 consideranti
440 3668 511 3724 mihi
534 3669 724 3724 vehementer
746 3668 774 3723 in
799 3667 996 3741 suspicionem
1019 3666 1101 3723 venit
1127 3686 1211 3740 quom
1235 3688 1305 3743 par·

219 3751 318 3821 ticula,
342 3765 371 3810 ct
394 3753 566 3811 Ciceronem
591 3754 633 3809 sic
656 3753 808 3826 scripsisse
831 3752 951 3825 opinor:
974 3753 1077 3807 studebo
1101 3784 1138 3794 -
1160 3753 1231 3809 luno
1252 3774 1305 3829 op·

212 3840 318 3911 pellere
335 3859 381 3895 uec
398 3841 537 3912 fraudare
555 3858 603 3893 suo
619 3848 705 3894 vetere
722 3841 832 3904 neruiue,
856 3856 960 3910 reque
977 3838 1085 3909 attonio
1095 3841 1188 3911 potius
1204 3858 1307 3897 arcuum

217 3927 366 3996 captorem.
390 3928 497 3980 virtutis
519 3933 604 3979 ‹uuou
628 3932 684 3981 cet.
731 3923 804 3981 Cum
830 3923 901 3978 Piso
925 3921 976 3978 itlo
1000 3939 1069 3977 usus
1092 3931 1171 3979 osset
1191 3942 1307 3999 genere

216 4007 358 4081 loquendi
381 4030 427 4066 uec
443 4010 582 4081 J'rorulorc
603 4017 671 4074 cet„
694 4008 723 4063 iu
747 4027 805 4081 quo
829 4006 1002 4063 detrahendi
1026 4018 1056 4062 ct
1073 4007 1224 4065 minuendi
1244 4009 1306 4085 sig·

218 4093 349 4151 nificutio
372 4104 427 4160 est,
451 4095 582 4150 breviter
604 4111 668 4149 cum
692 4092 920 4167 reprehensione
944 4092 1069 4164 qttudum
1092 4110 1151 4148 non
1175 4094 1309 4151 obscura

218 4177 384 4235 Stoicorum
409 4180 482 4235 nihil
506 4179 574 4236 novi
597 4178 776 4247 addentiuuu
801 4177 825 4232 si
846 4195 865 4232 a
883 4177 1051 4233 nominibus
1071 4176 1190 4234 mutatis
1208 4178 1309 4237 disce·

218 4263 314 4333 datur,
337 4264 428 4331 audit,
452 4282 483 4319 se
506 4265 614 4339 potine,
638 4263 662 4319 si
686 4262 787 4338 possit,
811 4280 915 4336 reapse
938 4261 1050 4335 aliquid
1068 4280 1178 4319 novum
1198 4264 1310 4339 exqui-

218 4342 356 4417 siturum3
393 4349 498 4406 deinde
531 4349 695 4406 institutam
725 4348 887 4405 orationem
916 4346 1046 4403 absolvit
1073 4347 1193 4418 (uirtutes
1222 4352 1310 4426 oet.).

217 4433 297 4491 Illud
320 4434 362 4492 ita
384 4435 528 4509 superiori
553 4435 683 4492 membro
701 4433 797 4490 obiter
814 4434 860 4505 (ut
876 4441 944 4507 post
957 4430 1132 4491 Ciceronem
1149 4433 1313 4512 dixerunt)
