3030 5086
219 468 261 530 14
607 484 653 529 ne
676 480 807 530 aramus
830 482 903 529 noa.

216 653 300 734 pidis
322 651 436 717 fabulis
459 651 607 716 delectari
630 651 728 731 dicat,
752 651 882 717 Latinas
904 650 1025 717 litteras
1047 650 1174 717 oderit?
1219 648 1304 733 Syn·

218 754 354 835 ephebos
383 772 455 836 ego,
483 754 596 834 inquit,
625 753 730 834 potius
753 751 876 818 Caecilii
904 761 958 819 aut
980 753 1133 818 Andriam
1157 750 1304 819 Terentii

218 874 311 936 quam
340 866 505 936 utramque
532 854 700 920 Menandri
727 854 851 936 legam?
899 858 928 921 5.
962 857 991 919 Α
1025 853 1139 937 quibus
1173 861 1303 920 tantum

291 1048 309 1093 1,
330 1040 420 1091 litteras
439 1057 495 1092 cum
514 1043 585 1092 rancis
604 1042 647 1092 Or.
684 1047 707 1093 3.
727 1051 775 1090 tam
794 1040 861 1093 COr.

217 1216 295 1272 enirn
319 1216 390 1272 haec
413 1228 549 1273 acctrrate
572 1215 759 1290 respondere.
803 1215 909 1289 Itaque
932 1213 1101 1273 Gulielmus
1124 1214 1233 1273 etalii
1256 1216 1302 1272 lit·

218 1310 290 1357 teras
313 1300 503 1363 damnarunt.
534 1311 565 1356 ut
595 1309 685 1357 esset:
720 1303 817 1374 quiae
840 1302 933 1357 iisdem
955 1301 1102 1376 Erm'pidis
1117 1301 1229 1375 fabulas
1251 1300 1301 1358 de·

218 1389 312 1442 lectori
332 1388 415 1453 dicad,
438 1388 557 1443 Latinas
580 1388 683 1442 oderit?
727 1385 786 1443 Sed
814 1403 918 1460 parum
948 1386 1090 1443 concinne
1112 1403 1301 1463 componun-

218 1479 265 1527 tur
288 1472 433 1546 Euripidis
456 1480 486 1527 et
509 1472 635 1529 Latinus.
659 1488 723 1526 eum
748 1469 869 1526 deberet
892 1488 956 1528 esse
982 1470 1095 1528 Graecis
1108 1502 1146 1514 -
1166 1472 1301 1529 Manca.

217 1555 372 1627 Davisius,
401 1556 480 1631 quod
504 1556 574 1612 baec
598 1574 663 1612 curn
687 1555 886 1629 superioribus
910 1556 1114 1633 coniungenda
1140 1574 1207 1614 esse
1231 1574 1303 1613 sen·

217 1641 323 1711 tiebat,
348 1642 437 1698 etiam
460 1650 581 1716 propter
604 1658 765 1716 pronomen
789 1642 897 1712 iisdem,
927 1641 1006 1714 quod
1028 1641 1134 1698 melius
1156 1649 1302 1700 annecte·

217 1738 298 1782 retur
321 1727 466 1802 superiori
490 1745 576 1800 quam
601 1726 630 1781 iu
653 1744 748 1782 novae
765 1725 1006 1802 interrogationis
1022 1726 1108 1783 initio
1125 1736 1301 1802 poneretur,

218 1811 334 1887 longius
358 1830 530 1888 progressus
553 1810 760 1867 haecomnia:
789 1811 908 1867 Latinae
931 1813 1033 1868 litteras
1055 1813 1141 1869 oderit
1168 1812 1302 1871 eiciebat

200 1898 307 1971 ·(quae
336 1897 459 1955 aberant
488 1915 507 1952 a
529 1895 597 1952 Par.
623 1896 655 1965 2,
691 1913 825 1968 quaeque
854 1904 958 1972 postea
981 1895 1074 1955 Gzius
1102 1895 1132 1953 in
1156 1896 1237 1974 Spir.
1266 1906 1302 1955 et

218 1981 297 2038 Gnd.
322 1982 339 2037 2
364 2001 421 2038 non
445 1981 572 2042 invenit.
602 1981 637 2037 de
666 1999 724 2053 quo
753 1998 897 2038 consensu
920 1981 979 2038 vid.
1002 1982 1039 2039 ad
1064 1982 1130 2056 27);
1164 2001 1219 2058 pro
1248 1986 1303 2058 qui

218 2085 337 2124 extruo
360 2066 406 2124 El.
429 2066 517 2124 scribi
542 2065 661 2121 uolebat
683 2068 797 2140 pirique,
828 2084 921 2141 prava
948 2067 1154 2124 coniunctione
1177 2076 1301 2127 conba-

217 2152 327 2208 riorum
351 2153 558 2208 membrorum.
593 2150 718 2207 Easdem
737 2168 824 2207 voces
848 2152 1017 2209 omittentes
1034 2152 1104 2209 Ern.
1121 2172 1182 2210 cam
1203 2154 1298 2212 scribi

218 2236 326 2306 voluit,
355 2236 448 2294 Gaius
477 2238 551 2310 praed
576 2236 704 2311 scripsit.
747 2235 839 2293 Nulla
867 2237 986 2293 omuino
1014 2237 1131 2295 illorum
1159 2238 1298 2296 codicum

218 2334 263 2377 est
292 2322 453 2379 auctoritas
485 2322 515 2378 in
544 2321 579 2378 iis
609 2320 792 2390 omittendis,
827 2339 902 2395 quae
931 2322 1084 2396 utriusque
1106 2322 1225 2398 generis
1247 2342 1299 2379 ee-

218 2407 274 2463 teri
296 2407 433 2465 retinent.
479 2408 514 2464 In
538 2416 638 2463 nostra
660 2405 807 2481 scriptura
829 2405 854 2462 si
877 2406 1029 2463 omittatur
1051 2410 1163 2478 litterae,
1185 2407 1300 2466 vitiose

217 2492 294 2548 idem
324 2492 354 2548 iu
383 2492 493 2549 carreali
523 2492 669 2548 sententia
697 2490 826 2560 dicatur,
862 2492 940 2565 quod
969 2491 998 2548 in
1027 2492 1182 2567 prinrarie3
1216 2510 1299 2550 nune

217 2576 384 2651 generalius
417 2587 462 2634 est
489 2578 645 2653 posterius.
697 2575 803 2632 Medea
831 2575 918 2632 Ennii
952 2576 1107 2635 notissima
1133 2586 1187 2635 est
1231 2580 1301 2635 Aa·

218 2662 316 2736 tiopae
336 2655 533 2730 Pacuvianue,
558 2663 589 2730 in,
611 2681 669 2735 qua
691 2661 872 2717 tractabatur
895 2662 1045 2720 contentio
1067 2660 1192 2720 fratrum
1216 2663 1299 2721 The·

217 2748 374 2817 banorum,
399 2747 484 2803 Zethi
508 2755 536 2803 et
561 2746 752 2822 Arrrphionis,
775 2744 942 2822 fragmenta
963 2756 1032 2805 sunt
1053 2747 1133 2823 apud
1154 2747 1299 2806 Bothinm

218 2852 244 2907 p.
263 2833 319 2888 102
344 2832 433 2908 [apud
457 2831 661 2901 tribuentium,
685 2832 774 2908 Trag.
798 2832 863 2887 Lat.
886 2831 982 2906 Reliq.
1006 2852 1033 2907 p.
1048 2832 1107 2909 621.

306 2918 462 2991 Euripidis)
482 2918 560 2975 Vict.
573 2917 637 2973 cod.
649 2918 795 2991 Euripide,
815 2916 844 2972 id
857 2925 910 2985 est,
923 2918 1069 2993 Etrrrpidi3
1092 2916 1151 2974 vid.
1163 2917 1200 2974 ad
1213 2922 1228 2987 ξ
1244 2920 1296 2977 14.

304 3002 473 3077 Synephebos
495 3022 556 3076 epo,
579 3000 678 3077 iuquit)
702 3002 797 3058 Paulo
819 3002 989 3076 abruptiore
1012 3003 1145 3060 oratione
1167 3002 1298 3078 primurn

216 3087 278 3144 fere
302 3087 393 3153 idem,
418 3087 497 3161 quod
520 3096 642 3162 negarat
664 3105 840 3160 quemquam
865 3086 1025 3159 dicturum,
1056 3088 1112 3145 sibi
1136 3107 1153 3145 a
1175 3087 1299 3145 diversa

217 3182 300 3247 parte
324 3172 381 3228 dici
403 3170 490 3238 facin
514 3172 633 3235 deinde.
657 3189 722 3229 curn
746 3180 859 3228 tautum
884 3171 1020 3229 universe
1042 3173 1218 3230 sententiam
1241 3172 1299 3231 uli-

217 3275 305 3331 quam
328 3266 357 3313 et
380 3258 542 3313 orationem
560 3257 741 3333 significarit.
765 3256 849 3330 quasi
872 3256 952 3332 ipsos
975 3257 1107 3315 homines
1124 3257 1297 3329 nominarit,

217 3341 323 3398 subicit
345 3342 502 3398 relativum
526 3342 639 3417 plurale
664 3348 694 3409 (u
715 3344 835 3417 paribus),
859 3341 933 3398 darre
955 3342 1057 3418 figura.
1088 3343 1201 3418 (Aliter
1222 3342 1298 3401 Phi·

217 3427 288 3501 lipp.
306 3427 393 3493 IV,3
417 3427 572 3484 relativum
596 3427 694 3484 laxius
717 3426 869 3492 subicitur,
893 3428 944 3484 sed
967 3427 1115 3503 singulare
1138 3436 1168 3485 et
1189 3426 1226 3485 de
1249 3446 1296 3499 eo,

217 3512 300 3567 cuius
323 3512 411 3587 paulo
435 3521 503 3568 ante
527 3530 632 3568 nomen
650 3512 777 3587 positum
798 3515 882 3583 erat.)
916 3511 1159 3589 Synepheborum
1172 3512 1207 3572 L.
1219 3511 1296 3572 Cne-

217 3596 277 3653 cilii
301 3596 388 3655 Statii
412 3595 577 3672 fragmenta
606 3616 664 3654 non
693 3598 785 3654 multe
813 3606 882 3654 erint
909 3597 987 3672 apud
1017 3597 1155 3655 Bothiuru
1183 3617 1213 3674 p.
1235 3598 1295 3656 146

217 3681 304 3757 [apud
329 3680 522 3739 Ribbeokiunr
546 3702 575 3758 p.
592 3682 652 3758 58].

303 3768 330 3823 5.
359 3768 384 3822 A
409 3768 506 3841 paribus
531 3769 646 3840 totatuta)
670 3767 793 3823 Rariore
817 3766 953 3840 exemplo
977 3776 1079 3823 tutatuta
1101 3770 1229 3823 dt'sseutr'o
1252 3767 1295 3824 di·

216 3852 292 3907 eitur
304 3871 357 3926 pro
376 3862 449 3908 tauto
461 3872 548 3927 opere,
567 3853 705 3926 quoniam
719 3862 821 3910 taatruu.
834 3850 895 3907 fere
908 3851 944 3908 iis
958 3852 1044 3908 modo
1057 3852 1154 3908 verbis
1166 3852 1294 3923 additur,

216 3937 245 3992 in
270 3938 376 4011 quibus
400 3938 493 4013 magis
516 3957 570 4013 pro
594 3937 779 3993 substantivo
802 3955 968 3993 mensurant
998 3937 1107 3993 indicet
1129 3956 1218 4010 qnam
1241 3955 1295 4011 pro

216 4022 357 4078 adverbio
379 4023 512 4098 gradum.
537 4032 569 4079 nt
587 4040 652 4078 curu
672 4032 772 4078 tantum
790 4023 891 4085 adesce,
910 4032 1013 4079 tautum
1027 4024 1157 4097 prolicere
1172 4022 1294 4091 dicitur3

215 4125 269 4162 nec
292 4107 378 4181 longe
402 4109 510 4164 abeunt
534 4108 554 4164 ii
577 4106 649 4171 loci,
678 4107 708 4163 in
732 4107 838 4180 <paribus
860 4107 927 4163 aliis
950 4107 1067 4181 quidem
1091 4108 1190 4165 verbis
1213 4106 1295 4164 addi-

216 4204 273 4261 tur,
297 4193 347 4248 sed
371 4193 509 4249 adiuncto
532 4203 672 4267 priuatam.
707 4192 754 4265 (Si
774 4213 814 4248 rac
835 4212 914 4249 atrius
937 4202 1054 4261 tautum,
1078 4203 1209 4267 peraratum
1228 4211 1295 4268 pro·

209 4282 283 4351 jecto
305 4297 391 4338 raritas.
414 4278 451 4333 ad
476 4279 567 4336 Attio.
593 4279 634 4347 II,
659 4278 708 4343 20,
734 4279 762 4345 5.Ι
785 4278 835 4351 al.)
879 4278 970 4353 Apud
995 4277 1111 4335 Livium
1124 4276 1294 4347 XXXVII,

217 4363 266 4429 57,
290 4364 326 4417 tt
347 4372 405 4418 est:
430 4383 523 4418 troc-ara
546 4366 597 4420 siti
620 4366 749 4420 irorrtiaem
772 4373 873 4418 tautum
891 4365 1037 4437 praepari.
1072 4362 1183 4420 Eodem
1208 4362 1294 4420 modo

216 4447 323 4503 dicitur
347 4450 465 4511 turritam,
489 4448 571 4505 velut
594 4449 640 4505 hic
663 4450 701 4519 V,
723 4448 761 4505 75
786 4448 849 4521 (aon
871 4450 982 4504 airardum.
1004 4450 1234 4524 reapplicamiara),
1257 4448 1294 4504 ad

217 4533 308 4589 Attio.
331 4532 412 4591 XIII
421 4575 428 4601 ,
455 4534 489 4599 6,
514 4536 532 4589 4
557 4538 678 4609 (operum
707 4544 779 4591 tun-ra
808 4536 917 4590 nardium
940 4540 1012 4603 atrro)
1036 4542 1066 4590 et
1087 4534 1176 4604 XIV,
1204 4533 1251 4599 13,
1276 4534 1294 4589 3
