3030 5086
661 401 857 450 emersum.
1225 385 1300 450 XLI

214 569 441 635 recentissimis
463 570 622 635 codicibus
640 579 715 636 sunt
729 572 779 650 (ut
788 569 843 647 IV,
854 570 920 651 33),
941 578 974 634 et
989 589 1107 652 pravas
1125 570 1301 652 scripturas

217 676 291 756 (IV,
308 679 353 744 50
367 688 400 742 et
414 677 467 756 59,
488 678 527 757 V,
546 678 587 743 to
603 686 635 743 et
652 678 715 761 ta).
760 679 821 744 Sed
843 677 999 742 interdum
1021 677 1114 742 etiam
1136 679 1299 759 antiquum

215 783 335 850 librum
356 784 440 849 nullo
462 784 571 849 addito
594 784 716 850 nomine
737 784 876 866 appellat
904 793 936 849 et
957 803 995 850 er
1017 803 1054 849 eo
1076 803 1179 865 pauca
1200 804 1300 866 quae-

220 893 297 957 dam
318 891 427 969 sumit,
449 891 584 973 quaein
605 891 785 957 melioribus
807 902 894 971 sunt,
917 893 973 957 sed
994 892 1123 956 inventu
1143 891 1297 971 facillima,

221 1009 258 1064 ut
280 1000 375 1077 nuo
389 1002 507 1080 (mue,
530 1017 588 1064 nec
609 1006 712 1065 tamen
733 1000 790 1081 ro),
817 1001 859 1064 49
880 1004 952 1078 (per
972 1000 1161 1081 soractem),
1188 1001 1243 1079 IV,
1255 1001 1301 1065 39

221 1109 430 1188 (mosque),
451 1105 515 1170 alia
536 1106 694 1172 deteriora
716 1105 770 1187 (11,
793 1108 834 1172 67
856 1125 910 1170 roeo
930 1126 1000 1171 oero
1021 1126 1080 1189 pro
1102 1125 1184 1170 nuno
1204 1110 1299 1188 vero).

221 1218 250 1279 Α
279 1214 454 1280 Cratandro
482 1232 607 1296 quoque
633 1215 786 1295 quaedam
814 1214 962 1294 sumpsit,
995 1215 1069 1293 etsi,
1096 1233 1205 1296 margo
1232 1214 1301 1279 eius

220 1331 375 1403 quantum
401 1321 474 1385 honi
501 1320 688 1400 contineret,
721 1321 805 1386 nullo
838 1320 929 1386 simili
957 1329 1105 1403 certoque
1132 1323 1303 1387 accedente

219 1436 313 1508 toete,
334 1427 516 1510 intellegere
537 1447 600 1492 non
621 1427 732 1510 maria
776 1428 1014 1509 Relinquantur,
1037 1448 1119 1509 quae
1141 1429 1188 1493 vir
1210 1447 1300 1509 egre·
1396 1411 1399 1416 ’

220 1535 295 1618 gius
316 1536 385 1617 ipse
406 1545 534 1616 praeter
555 1555 609 1613 ea,
636 1554 769 1617 quorum
797 1535 829 1600 in
857 1535 981 1601 scholiis
1009 1537 1162 1601 rationem
1183 1535 1299 1614 reddit,

221 1644 320 1709 tacite
346 1643 482 1708 correxit
507 1643 539 1708 in
567 1641 663 1708 rebus
690 1645 797 1724 parvis
825 1652 858 1709 et
882 1642 1068 1722 manifestis,
1096 1655 1131 1707 ut
1153 1645 1181 1723 1,
1204 1644 1224 1707 9
1252 1661 1302 1706 oo·

220 1749 362 1832 eumque
408 1749 580 1834 [Manutios
609 1733 680 1815 cum
707 1751 791 1830 dico,
818 1750 932 1815 Aldum
959 1759 1081 1830 patrem
1109 1759 1142 1814 et
1167 1749 1300 1814 Paulum

221 1856 380 1940 signidem
402 1856 561 1922 Manutius
584 1857 698 1939 (Man.)
720 1876 845 1938 semper
865 1857 982 1922 Paulus
1004 1856 1218 1940 intellegitur]

309 1965 360 2030 Ab
376 1964 493 2030 Orellio
515 1975 774 2030 commemoratur
795 1985 857 2029 non
880 1984 953 2029 raro
975 1965 1006 2029 in
1029 1965 1076 2029 his
1098 1964 1185 2030 libris
1202 1966 1300 2030 codex

224 2071 332 2138 Caroli
342 2068 503 2152 Stephani,
518 2090 610 2152 quem
627 2091 684 2153 ego
702 2072 820 2136 nullum
837 2091 907 2136 esse
918 2071 1006 2136 facile
1018 2072 1147 2137 vincam.
1181 2074 1217 2136 In
1234 2073 1300 2137 edi-

222 2181 309 2245 tione
335 2179 418 2245 enim
445 2178 478 2244 C.
501 2176 653 2259 Stephani
681 2187 821 2245 extremo
848 2179 1003 2244 volumine
1030 2187 1137 2244 extant
1167 2180 1302 2250 ,Variae

223 2286 420 2365 Lecdouem,
437 2304 517 2366 quas
533 2286 625 2351 index
640 2285 785 2351 editionis
801 2285 850 2350 his
863 2285 967 2350 verbis
978 2287 1145 2366 promittit:
1166 2288 1303 2359 ,Variae

225 2393 391 2459 lectiones
412 2409 451 2458 ex
472 2393 634 2473 permultis
656 2394 880 2474 antiquissimis
901 2411 940 2458 ac
961 2394 1181 2474 manuscriptis
1198 2414 1302 2459 exem·

226 2501 376 2583 pluribus,
398 2500 512 2582 quibus
533 2502 622 2581 prior
642 2501 733 2566 lectio
751 2502 792 2578 (si
810 2503 885 2582 quid
907 2502 947 2566 ab
969 2521 1007 2566 ea
1028 2501 1222 2566 immutatum
1240 2507 1303 2580 est)

227 2608 457 2689 nonnullaeque
484 2610 646 2674 doctorum
675 2609 871 2674 coniecturae
897 2610 1064 2675 adiunctae
1092 2619 1192 2674 sunt.“
1237 2610 1307 2675 Eae

226 2717 285 2781 hac
310 2715 412 2781 forma
433 2707 627 2797 perscriptae
649 2724 735 2781 sunt:
767 2715 817 2786 ,id
837 2736 900 2779 uon
922 2720 1031 2794 totam)
1053 2727 1157 2795 vetus,
1185 2706 1303 2780 iduor

228 2829 319 2887 tom.“
365 2824 433 2888 Hoc
447 2827 539 2902 vous,
561 2825 646 2904 quod
664 2824 799 2889 Orellius
817 2824 930 2888 codicis
947 2824 1136 2904 scripturam
1152 2824 1304 2888 intellexit

228 2931 504 3012 (quemadmodum
520 2950 577 3010 ego
594 2951 623 2995 a.
637 2932 720 2997 1828
741 2932 772 2995 in
790 2932 974 2996 Asconianis
990 2931 1159 2996 Hotomani
1176 2932 1304 3012 erravi),

227 3050 275 3102 est
295 3039 367 3119 ipsa
388 3038 442 3103 illa
463 3041 552 3119 prior
572 3038 672 3117 lectio,
695 3040 834 3103 codicum
850 3049 955 3103 autem
971 3039 1156 3119 scripturae,
1179 3039 1307 3119 siquae

227 3156 340 3223 essent,
362 3146 469 3226 priore
490 3146 558 3211 loco
580 3148 777 3227 quaerendae
799 3154 913 3211 esseut
947 3147 1063 3210 Verum
1087 3146 1128 3209 ibi
1146 3145 1220 3209 nihil
1237 3145 1305 3212 iere

227 3254 400 3334 reperietur
428 3254 487 3317 nisi
514 3254 647 3318 Manutii
676 3254 864 3335 scripturae,
892 3255 933 3318 ad
961 3273 1040 3335 quas
1068 3253 1101 3318 C.
1125 3254 1305 3334 Stephanus

227 3360 332 3439 rediit,
355 3379 425 3424 cum
447 3361 604 3426 Robertus
628 3361 800 3426 Victoriam
821 3361 887 3426 iere
909 3371 1034 3427 secunus
1056 3370 1147 3426 esset
1192 3362 1306 3442 Itaque

226 3472 308 3531 odra
322 3467 399 3532 illud
417 3468 601 3549 plerumque
613 3469 828 3533 Victoriacum
847 3480 908 3548 est,
931 3470 988 3534 sed
1005 3469 1109 3533 nescio
1126 3487 1190 3548 cur,
1208 3469 1303 3533 credo

227 3585 345 3652 tamen,
373 3587 408 3641 ut
429 3588 584 3656 appareat
603 3575 695 3640 huius
718 3577 862 3641 editionis
884 3577 1093 3657 praestantia,
1118 3584 1224 3640 vetera
1245 3595 1303 3656 po·

228 3692 344 3746 uuntur
366 3684 480 3748 Aldina
502 3685 672 3764 quaedam,
694 3703 776 3765 quae
797 3703 898 3766 neque
920 3683 1078 3748 Victorius
1101 3702 1201 3764 neque
1223 3683 1301 3748 Roh.

227 3789 404 3871 Stephanus
426 3790 602 3868 habentia
626 3811 687 3872 quo
709 3812 824 3873 genere
847 3812 940 3856 unum
964 3810 981 3855 e
999 3791 1104 3855 multis
1122 3798 1171 3855 est
1188 3808 1305 3854 memo·

227 3898 324 3964 rahile
352 3899 431 3962 illud
460 3899 498 3977 V,
523 3900 563 3963 lo
592 3898 708 3964 marm
735 3920 797 3963 oon
824 3899 1001 3979 adoptarere.
1046 3900 1090 3965 Ut
1112 3909 1214 3963 autem
1237 3907 1304 3963 tota

228 4005 261 4071 C.
272 4005 423 4086 Stephani
444 4006 539 4071 editio
561 4026 672 4087 parum
694 4008 796 4088 perite
817 4017 874 4075 aut
895 4008 1059 4088 diligenter
1081 4007 1225 4071 instituta
1247 4015 1306 4085 est,

228 4132 288 4178 non
311 4131 384 4178 raro
407 4114 496 4193 prior
518 4122 550 4178 et
571 4133 653 4178 nova
675 4116 833 4196 scriptura
854 4123 1034 4196 permutata
1056 4123 1104 4178 est
1125 4115 1306 4178 annotando

229 4221 358 4302 aliisque
367 4221 468 4286 modis
481 4229 635 4300 erratum;
653 4223 762 4288 relicta
779 4241 900 4303 quoque
915 4223 947 4286 in
965 4229 1110 4287 contextu
1123 4231 1205 4300 sunt,
1223 4240 1306 4302 quae

229 4331 382 4411 expellere
399 4340 430 4395 et
446 4332 528 4395 inter
539 4335 647 4393 vetera
658 4341 810 4394 annotare
821 4331 982 4395 consilium
994 4330 1105 4395 iuerat
1138 4329 1175 4393 In
1191 4336 1259 4393 tota
1270 4347 1308 4392 re
