3030 5086
395 459 440 505 nu
463 459 544 506 usn.
566 459 629 506 nm.
652 461 687 507 ιν
710 460 782 507 cnr.
802 463 843 508 ao.
858 462 990 526 (sc-su.)
1164 443 1228 512 565

153 628 340 710 sapientiam
361 634 489 709 possent
507 628 678 710 pervenire,
703 629 789 708 aiios,
812 630 865 710 qui
886 637 1024 712 possent,
1047 631 1073 695 si
1095 631 1127 696 id
1146 631 1228 712 egis·

153 741 232 808 sent,
255 730 438 812 sapientiam
461 730 616 812 consequi.
660 732 711 796 57.
735 730 794 796 Hic
815 731 1000 813 loquebatur
1021 732 1113 798 aliter
1134 740 1229 815 atque

153 851 273 913 omnes,
307 831 463 897 sentiebat
494 833 590 910 idem,
624 833 709 914 quod
742 834 847 899 ceteri.
896 835 962 900 Nec
989 853 1064 899 vero
1097 836 1228 901 minoris

151 935 346 1002 aestimanda
368 933 503 999 ducebat
524 953 570 1012 ea
593 954 674 1016 quae
695 936 763 1017 ipse
785 936 866 1000 bona
885 944 1015 1018 negaret
1032 955 1112 1017 esse,
1135 956 1228 1019 quam

151 1039 204 1119 illi,
227 1037 281 1120 qui
304 1056 341 1102 ea
362 1037 444 1101 bona
465 1055 535 1102 esse
557 1036 710 1101 dicebant.
746 1037 827 1118 Quid
849 1038 945 1120 igitur
964 1039 1063 1105 voluit
1083 1041 1151 1120 sibi,
1174 1041 1264 1121 quii)

150 1140 204 1206 illa
225 1139 412 1204 mutaverit?
456 1138 572 1203 Saltem
599 1139 716 1220 aliquid
745 1140 785 1205 de
811 1141 953 1221 pondere
981 1141 1170 1207 detraxisset
1197 1149 1230 1207 et

151 1242 244 1323 paulo
261 1241 391 1306 minoris
408 1241 636 1306 aestimavisset
658 1261 694 1306 ea
712 1260 805 1323 quam
823 1242 1032 1324 Peripatetici,
1053 1253 1090 1309 ut
1110 1245 1229 1310 sentire

150 1362 275 1426 quoque
296 1344 399 1422 aliud,
421 1363 483 1408 non
506 1342 606 1407 solum
630 1343 735 1409 dicere
756 1343 924 1409 videretur.
971 1347 1074 1426 Quid?
1096 1347 1136 1411 de
1157 1348 1229 1428 ipsa
1286 1360 1289 1365 ⁴

150 1447 244 1512 beata
255 1447 327 1524 vito,
349 1447 390 1510 ad
407 1465 501 1526 quam
518 1445 621 1508 omnia
638 1444 825 1525 referuntur,
843 1465 924 1528 quae
941 1448 1066 1513 dicitis?
1098 1449 1228 1531 Negatis

151 1568 219 1614 eam
242 1568 320 1625 esse,
343 1567 424 1629 quae
446 1547 569 1628 expleta
590 1546 632 1611 sit
652 1547 690 1611 iis
713 1547 806 1613 rebus
829 1549 987 1629 omuibus,
1010 1569 1090 1632 quas
1112 1559 1226 1616 natura
1247 1555 1288 1618 10

152 1650 324 1723 desideret,
358 1657 516 1731 totamque
546 1667 614 1713 eam
641 1651 673 1713 in
701 1668 764 1714 una
791 1650 906 1716 virtute
933 1652 1064 1732 ponitis;
1098 1672 1229 1735 cumque

149 1753 249 1816 omnis
271 1752 484 1816 controversia
511 1759 566 1816 aut
594 1751 634 1816 de
662 1770 696 1816 re
722 1753 823 1818 soleat
850 1761 904 1818 aut
931 1754 972 1818 de
999 1754 1125 1820 nomine
1147 1773 1226 1833 esse,

221 1960 241 2007 l.
258 1957 397 2020 possuntE
430 1957 558 2021 parassent
576 1955 643 2006 PCR
683 1960 707 2004 3.
725 1957 855 2007 sentiebant
873 1957 917 2006 sb
957 1965 980 2009 4.
1000 1959 1054 2023 ipsu
1072 1958 1118 2008 ΕΡ
1153 1976 1224 2023 quum

151 2051 183 2063 -
201 2023 416 2074 dicebantom.1⁴}
458 2030 480 2075 5.
499 2024 546 2073 ribi
562 2023 601 2074 ille
619 2024 661 2088 qui
676 2024 762 2075 illuit
805 2031 828 2074 S.
848 2025 886 2075 iili
902 2026 924 2075 Ε
968 2032 992 2081 8.
1010 2026 1080 2077 uliud
1096 2028 1226 2092 quoquest

154 2098 193 2145 10.
212 2094 316 2144 omnuim
334 2092 364 2142 iis
382 2095 452 2143 rebus
470 2093 605 2144 LPCROr.
645 2099 683 2146 11.
701 2110 750 2144 unu
768 2110 818 2144 om.
837 2095 858 2143 P

237 2287 262 2341 si
282 2287 312 2341 id
333 2283 459 2359 epissent)
484 2282 533 2342 Sic
555 2284 644 2341 etiam
662 2283 751 2360 Spin,
775 2280 839 2365 [B,]
863 2282 913 2356 Εξ,
937 2295 998 2342 tum
1022 2286 1131 2342 Latinii
1153 2286 1229 2343 liber

151 2379 181 2427 et
203 2369 269 2427 Pal.
293 2371 326 2439 2;
350 2369 480 2427 restituit
502 2369 651 2426 Davisius.
895 2439 901 2450 Ι
978 2384 983 2392 ·

238 2455 288 2513 57.
321 2455 423 2512 Satton
448 2487 484 2497 -
511 2452 686 2532 detrusisset)
709 2455 844 2512 Iussivus
872 2455 975 2512 modus
1005 2466 1049 2513 est
1076 2456 1229 2531 praeteriti

151 2540 302 2616 temporis,
326 2541 361 2597 de
385 2559 443 2614 quo
466 2540 527 2597 dixi
551 2540 587 2596 ad
611 2542 653 2610 11,
678 2541 727 2598 35.
777 2539 887 2619 [Paulo
910 2551 978 2617 post
1000 2542 1052 2615 teja
1074 2543 1152 2599 reduc
1174 2561 1228 2598 orn·

150 2626 228 2684 nibus
251 2626 339 2682 etiam
365 2627 388 2683 B
411 2638 513 2682 contra
536 2627 689 2683 editiones.
734 2627 816 2684 Idem
840 2628 938 2695 habet,
962 2645 1037 2702 quae
1056 2626 1117 2684 Erl.
1140 2626 1229 2703 panio

150 2720 220 2768 ante
243 2712 365 2779 omittit,
390 2712 441 2768 aed
463 2712 586 2768 dicebant
607 2709 690 2788 essa]

235 2817 347 2871 canoque
364 2800 447 2853 cronia
464 2796 655 2870 controuersia)
674 2797 842 2854 Admodum
861 2798 951 2853 durus
970 2797 1111 2854 orationis
1134 2807 1228 2855 trans·

150 2882 210 2940 itus
232 2891 291 2950 est,
315 2884 393 2956 quod
417 2882 535 2941 Stoicae
558 2882 736 2950 sententiae,
760 2901 847 2956 quum
871 2882 1108 2958 reprehensionis
1131 2894 1162 2940 et
1184 2902 1228 2939 re·

149 2967 303 3026 futationis
327 2986 415 3024 cauea
438 2969 605 3042 proposuit,
636 2966 804 3043 copulative
832 2968 904 3024 haec
933 2967 1067 3044 adiungit
1094 2968 1130 3024 de
1158 2985 1227 3025 con-

149 3054 359 3111 troversiarum
384 3051 563 3115 differentia,
594 3072 668 3126 quae
692 3054 859 3109 contrariae
881 3053 1089 3128 disputationis
1112 3053 1228 3109 initium

150 3139 317 3196 continent:
346 3140 408 3196 Ista
431 3147 530 3195 vestra
558 3138 704 3195 sententia
726 3155 791 3195 cum
815 3148 947 3195 veterum
970 3148 1141 3214 comparata
1163 3157 1227 3194 ver-

151 3225 253 3281 borum
285 3233 397 3281 tantum
426 3224 657 3281 controversiam
687 3223 776 3280 habet
803 3223 962 3293 eiusmodi,
998 3233 1028 3280 ut
1056 3223 1100 3280 illi
1129 3233 1226 3280 tamen

151 3310 256 3367 melius
286 3311 383 3366 verbis
411 3320 539 3366 utantur.
592 3310 708 3367 Deinde
735 3319 833 3366 autern
862 3310 934 3366 haec
964 3309 1030 3385 ipsa
1057 3296 1226 3384 disputatio,

150 3413 226 3471 quae
249 3406 363 3470 spectat
385 3395 421 3451 ad
444 3414 488 3463 ea,
512 3413 587 3469 quae
611 3395 685 3453 Cato
703 3396 760 3460 111,
775 3397 812 3452 41
827 3414 891 3469 sqq.
916 3394 1041 3462 dixerat,
1066 3413 1124 3451 non
1147 3405 1227 3452 certa

149 3491 179 3538 et
201 3491 281 3538 recta
304 3482 353 3537 via
375 3481 412 3537 ud
440 3481 589 3537 notionem
612 3480 716 3537 beatae
739 3481 817 3537 vitae
841 3480 992 3557 dirigitur,
1022 3480 1074 3537 sed
1103 3479 1226 3537 circum-

150 3566 267 3623 ducitur
294 3566 420 3641 quodam
450 3566 537 3622 modo
566 3585 623 3623 non
653 3566 715 3623 sina
739 3565 896 3624 manifesta
917 3566 1093 3640 repetitione
1116 3584 1226 3636 eorum,

149 3670 225 3726 quoe
248 3651 305 3708 iarn
330 3662 397 3708 ante
420 3652 498 3707 dicta
521 3661 588 3707 sunt
607 3652 701 3725 (velut
723 3651 752 3706 in
776 3669 839 3728 cap.
854 3652 915 3724 22).
949 3653 995 3708 Ac
1019 3670 1054 3707 ne
1072 3649 1144 3707 illud
1162 3651 1226 3724 qui-

149 3737 216 3793 dem
246 3757 299 3812 pro
328 3746 408 3793 certo
436 3747 573 3812 apparet,
601 3747 696 3793 utrum
725 3736 761 3792 de
789 3736 876 3794 beata
898 3737 959 3794 vita
982 3736 1156 3794 seutentiam
1179 3737 1227 3794 hic

151 3822 259 3882 Stoicis
282 3832 421 3897 opponat,
445 3840 593 3889 eorumne,
618 3823 668 3897 qui
685 3823 823 3878 virtutem
842 3823 935 3879 solam
953 3822 990 3878 ad
1009 3822 1123 3879 beatam
1137 3822 1227 3878 vitam

149 3906 284 3966 sufficere
308 3909 460 3982 putabant,
484 3925 537 3963 nec
560 3916 658 3963 tamen
682 3908 718 3964 ad
743 3908 956 3976 beatissimam,
980 3919 1012 3964 ut
1033 3908 1142 3984 gradus
1165 3906 1227 3965 effi-

148 4004 286 4050 cerentur
314 3993 482 4050 accessione
511 4006 562 4050 aut
590 3994 760 4050 decessione
789 3994 921 4069 corporis
951 3995 1170 4051 commodorum
1199 4002 1229 4049 et

148 4088 337 4136 externorum
362 4081 461 4153 (quam
481 4080 509 4138 in
529 4079 604 4134 libro
618 4080 646 4135 V
659 4084 673 4148 ξ
688 4081 724 4135 81
751 4079 890 4135 Pisonem
914 4077 1118 4135 defendentem
1143 4079 1227 4135 indu-

147 4164 214 4237 cit).
245 4183 281 4220 an
306 4184 423 4235 eorum,
447 4165 511 4238 qui,
535 4182 600 4220 curu
624 4166 661 4221 ad
684 4164 770 4220 finem
794 4164 1031 4238 consequendum
1055 4174 1107 4221 aut
1129 4164 1227 4221 omnia

147 4261 200 4306 aut
222 4249 349 4325 plurima
377 4259 407 4307 et
434 4251 609 4325 gravissima
633 4250 709 4305 bono
732 4249 966 4322 requirerentur,
995 4251 1110 4306 beatam
1135 4250 1225 4305 vitam

148 4334 213 4392 sola
235 4336 344 4393 virtute
367 4335 443 4392 effici
467 4354 562 4411 posse,
586 4336 610 4392 si
634 4335 693 4391 alia
712 4335 811 4391 omnia
828 4347 931 4392 contra
947 4346 1054 4402 essem,
1079 4336 1227 4411 negabant

148 4420 221 4495 (vid.
247 4421 329 4481 Stob.
354 4421 415 4478 Ecl.
441 4421 506 4478 Eth.
531 4441 558 4496 p.
578 4421 661 4494 280).
709 4422 746 4477 Et
768 4432 881 4490 tamen,
905 4420 1099 4478 conveniatne
1121 4438 1225 4496 reapse
