3030 5086
417 504 461 551 nn
485 504 565 551 nnn.
588 504 651 551 nm.
674 505 699 550 11
720 505 793 552 can.
816 506 855 556 m.
875 505 1006 568 cns-oc.)
1186 488 1248 554 239

169 674 294 738 riantur
320 672 488 754 plurimae,
514 673 596 738 idem
623 672 683 737 erit
709 672 844 754 Epicuro
871 679 977 737 vestro
1004 670 1193 753 iaciendum,
1222 675 1249 739 si

169 794 263 841 suum
294 772 388 840 finem
416 774 569 839 bonorum
596 775 683 855 coqui
711 774 807 853 volet,
841 777 924 854 quod
953 774 1101 857 Scipioni,
1134 795 1249 857 magna

169 877 274 958 gloria
304 877 484 960 proposita,
523 877 551 941 si
582 876 789 942 Hannibalem
821 877 852 940 in
886 874 1025 940 Africam
1058 879 1248 943 retraxisset

170 979 284 1062 Itaque
317 985 468 1061 quantum
505 978 584 1042 adiit
615 978 801 1059 periculum!
856 978 906 1042 dd
939 978 1134 1044 honestatem
1167 980 1249 1044 enim

168 1081 256 1160 illum
279 1098 403 1145 omnem
425 1087 569 1145 conatum
592 1099 682 1144 suum
705 1079 875 1159 referebat,
898 1100 959 1145 non
982 1082 1025 1145 ad
1047 1080 1288 1162 voluptatemb

169 1183 223 1248 Sic
244 1187 349 1247 nester
371 1181 507 1262 sapicnS,
529 1200 642 1263 magno
663 1182 768 1263 aliquo
791 1182 996 1247 emolumento
1019 1190 1204 1255 commotus,
1228 1183 1249 1264 †

169 1302 242 1351 cum
264 1302 374 1364 causa,
396 1284 424 1348 si
446 1301 525 1366 opus
548 1284 621 1362 erit,
643 1270 812 1348 dimicabit.
860 1284 911 1349 57.
946 1285 1106 1349 Occultum
1130 1283 1249 1349 facinus

245 1459 266 1506 1.
286 1452 392 1518 idemque
410 1469 504 1511 omnes,
524 1452 566 1503 On.
603 1454 680 1503 necem
699 1457 755 1518 ipro
773 1453 893 1520 cestro)E
920 1454 1002 1505 vcioC
1039 1460 1052 1501 5
1080 1453 1248 1506 iIIeMCROr.

170 1527 194 1573 ⁶.
219 1523 259 1572 vir
280 1523 338 1587 (pro
361 1522 447 1588 vener)
467 1522 488 1572 C
523 1539 609 1586 maqna
636 1520 717 1585 aliquo
744 1521 849 1571 elriaento
873 1524 896 1571 E
931 1532 1056 1572 contractus
1079 1523 1154 1572 animi
1173 1540 1250 1573 causa
1305 1564 1312 1578 .

170 1591 273 1653 Peon,
290 1590 333 1641 hic
351 1605 408 1640 cum
427 1599 488 1640 nota
505 1592 588 1640 mendi
627 1595 647 1640 7.
668 1607 727 1655 opas
735 1592 814 1655 suerit
833 1591 992 1641 LPMCROr.

169 1730 301 1808 primum
324 1730 553 1806 comparationis
576 1707 773 1800 concirinitaa,
805 1731 835 1786 in
864 1748 923 1804 qua
945 1730 1018 1787 illis:
1046 1733 1149 1789 decoris
1171 1733 1250 1789 dorre-

169 1821 306 1892 etaticqne
327 1835 411 1874 cauca
433 1816 613 1892 respondent
635 1815 721 1871 haec:
751 1827 779 1872 at
806 1817 994 1890 adipiscantur
1021 1837 1134 1890 muyans
1156 1820 1249 1893 colap-

170 1912 256 1972 tatcs,
279 1901 366 1977 plane
389 1901 544 1967 evertitur,
573 1901 712 1957 adiuncta
735 1901 788 1969 hac
810 1901 1007 1977 appendicula
1028 1906 1054 1958 ai
1074 1923 1172 1977 acapna
1194 1912 1250 1960 cet.

171 1987 290 2046 Deinde
316 1986 390 2043 haec
418 1986 485 2062 ipsa
517 1988 604 2062 plane
632 1985 775 2042 orationis
808 1997 838 2042 et
870 1987 1033 2044 sententiae
1061 2007 1250 2064 progressum

172 2073 288 2145 turbat;
321 2090 388 2128 eum
416 2071 493 2128 enim
527 2081 607 2128 recte
636 2071 772 2128 universe
800 2071 908 2127 dicium
938 2082 1029 2137 essct,
1058 2073 1249 2152 'voluptatum

172 2175 263 2215 eausa
285 2156 416 2232 pericula
438 2157 573 2214 adeunda
596 2175 668 2225 esse,
692 2156 765 2212 haec
786 2156 956 2231 adiungitur
978 2158 1129 2228 condicio,
1153 2159 1177 2215 si
1201 2177 1251 2234 pe·

171 2243 261 2300 cunia
282 2250 396 2318 agatur,
420 2242 503 2316 quasi
522 2242 652 2316 alioquin
670 2241 808 2316 voluptas
825 2243 951 2316 petenda
968 2262 1025 2298 non
1044 2244 1091 2313 sit,
1115 2254 1144 2299 et
1161 2261 1251 2300 causa

171 2327 309 2397 affertur,
333 2328 411 2402 quod
433 2327 559 2403 pecunia
581 2327 748 2401 voluptates
771 2327 938 2402 pariantur,
968 2329 1052 2402 quasi
1075 2340 1143 2385 ante
1165 2348 1250 2405 prae-

171 2424 292 2489 ceptum
314 2412 362 2484 sit,
385 2413 539 2488 pecuniam
564 2431 627 2469 cnm
651 2412 782 2487 periculo
801 2414 998 2486 quaerendam
1017 2432 1090 2470 esse.
1123 2415 1200 2471 Tum
1220 2416 1250 2472 in

170 2498 268 2556 ultera
289 2498 437 2555 sententia
453 2498 638 2573 apertissime
656 2496 829 2572 imperfecta
847 2509 891 2555 est
909 2500 1090 2574 comparatio
1103 2499 1252 2576 Scipionis

171 2593 204 2641 et
215 2582 352 2659 Epicuri3
374 2584 453 2658 quod
476 2584 552 2640 enim
577 2582 709 2657 Scipioni
733 2601 837 2658 inagna
860 2584 1014 2658 proposita
1028 2585 1123 2659 gloria
1140 2584 1251 2642 facien·

172 2669 244 2727 dum
267 2676 345 2737 erat,
375 2668 452 2726 idem
476 2669 604 2744 Epicuro
626 2666 794 2724 iaciendum
823 2687 887 2725 ease
916 2669 974 2726 dici
997 2670 1082 2726 debet
1106 2690 1163 2727 non
1187 2672 1251 2728 uni·

173 2772 275 2824 verse,
307 2753 359 2811 aed
388 2754 542 2829 proposita
574 2772 680 2829 magua
712 2753 813 2827 aliqua
846 2754 997 2829 voluptate
1030 2767 1082 2812 aut
1114 2757 1251 2813 utilitate.

172 2840 259 2897 Haec
281 2839 354 2896 vitia
380 2839 424 2896 sic
450 2839 594 2896 tolluntur
622 2857 656 2894 ea
679 2840 889 2896 sententiarum
914 2841 1133 2909 coniunctione,
1162 2860 1250 2916 quam

172 2926 233 2983 inm
256 2924 409 2982 Manutius
431 2935 461 2981 et
485 2925 644 2981 Lambinus
672 2923 752 2981 taciti
781 2924 874 2980 secuti
897 2936 994 2989 erant,
1024 2926 1181 3000 omniaque
1209 2927 1252 2984 sic

173 3020 257 3068 recta
279 3009 361 3079 finnt,
385 3018 418 3065 ut
440 3010 568 3066 dubitari
591 3019 726 3082 nequeat.
771 3009 908 3067 Ceterum
932 3011 1070 3082 antiquus
1093 3022 1138 3067 est
1160 3031 1251 3082 error,

173 3095 315 3171 quoniam
338 3097 473 3168 idemque,
503 3095 581 3168 quod
608 3114 645 3150 ex
675 3114 709 3150 eo
732 3105 832 3150 natum
857 3104 914 3163 est,
943 3095 1000 3151 iam
1030 3096 1058 3151 in
1083 3106 1249 3153 nostrorum

173 3180 307 3238 codicum
331 3180 464 3255 principe
485 3180 552 3238 fuit.
588 3180 672 3238 Unus
685 3181 763 3246 Bas,
787 3198 855 3235 casu
874 3199 910 3236 an
929 3180 1142 3251 emendatione,
1166 3184 1250 3248 idern:

171 3285 244 3322 nam
267 3265 303 3321 de
325 3265 379 3325 EU
403 3266 520 3322 silentio
544 3265 649 3321 confidi
674 3284 730 3320 non
754 3275 860 3339 potest.

262 3352 359 3425 Itaque
391 3361 521 3425 quantam
554 3351 624 3423 act.)
658 3351 720 3406 Iam
755 3350 885 3424 cxplicat
919 3348 1038 3417 Cicero,
1073 3351 1142 3423 quid
1176 3352 1252 3409 alter

171 3435 281 3494 fecerit
301 3435 413 3511 gloriae
437 3455 526 3493 causa
548 3436 614 3509 (hac
637 3434 797 3492 sententia:
826 3435 938 3508 itaque,
962 3453 1026 3491 cum
1051 3436 1102 3493 illa
1124 3445 1202 3493 esset
1224 3438 1252 3495 ei

171 3520 272 3598 gloria
294 3522 459 3595 proposita,
482 3526 564 3594 cot),
588 3522 658 3595 quid
681 3520 766 3577 alteri
790 3519 951 3595 voluptatis
973 3539 1062 3577 causa
1085 3522 1249 3579 iaciendum

130 3642 132 3645 .
173 3607 224 3664 sit
270 3606 402 3681 Exposui
424 3607 511 3675 haec,
540 3607 609 3680 qnia
637 3606 832 3662 animadverti
855 3605 1019 3662 dubitatum
1043 3625 1116 3663 esse.
1162 3608 1207 3667 El.
1235 3613 1248 3667 l

167 3693 367 3768 periculorum,
397 3693 476 3766 quod
504 3693 644 3749 Davisius
673 3703 702 3748 et
730 3691 866 3748 Bromius
894 3691 1072 3765 probabant,
1102 3695 1147 3752 ed.
1173 3695 1251 3752 Vict.

168 3779 296 3853 periculi.
340 3775 445 3834 Cicero
467 3778 566 3834 omnia
589 3797 646 3834 uno
670 3777 800 3851 periculo
823 3777 1054 3850 cornrprehendit.

264 3864 338 3918 illam
365 3882 465 3919 omnem
491 3863 627 3934 coriatam)
651 3863 700 3920 Sic
724 3862 799 3918 Pali.
823 3880 938 3928 omnes,
963 3857 1025 3941 [B.]
1049 3861 1171 3933 Gziani,
1201 3882 1251 3919 ex-

176 3955 264 4023 cepto
287 3946 366 4006 Gud.
393 3951 424 4015 l;
453 3948 563 4022 recepit
586 3947 748 4016 Gruterum
776 3948 853 4003 Dav.
883 3966 898 4002 e
922 3958 992 4003 vett.
1021 3948 1085 4002 edd.
1114 3959 1142 4004 et
1165 3949 1250 4007 codd.

175 4033 308 4108 quinque
335 4034 485 4089 revocavit
512 4036 564 4089 itte.
609 4034 677 4089 Non
706 4032 806 4106 Scipio
835 4033 901 4088 aliis
930 4033 1095 4090 contrarius
1123 4033 1251 4107 ponitur,

175 4118 229 4176 aed
246 4118 419 4188 ostenditur,
442 4131 670 4175 consentaneum
694 4118 721 4174 oi
739 4116 830 4174 fuisse
848 4128 960 4174 tantum
980 4117 1140 4191 pericnlum
1159 4119 1250 4176 adine.

263 4221 322 4260 cam
349 4204 447 4276 caasa)
476 4204 539 4274 Sic,
571 4213 602 4259 ut
632 4203 716 4259 multi
738 4202 906 4267 ediderunt,
942 4202 1018 4260 Pall.
1042 4222 1157 4271 omnes,
1187 4199 1252 4282 [B,]

177 4288 349 4359 Davisiani,
374 4288 467 4359 Ona,
496 4289 632 4364 idemque
660 4289 689 4345 in
718 4288 779 4344 suis
803 4287 896 4345 Gzius
919 4307 982 4344 esse
1006 4288 1095 4344 tradit
1117 4288 1209 4360 (Gud.
1233 4290 1251 4345 2

175 4393 237 4432 eccm
262 4375 329 4448 tom)
351 4384 468 4449 praetor
491 4376 558 4432 Bas.
582 4383 611 4431 ct
633 4374 712 4432 Gud.
739 4378 765 4431 1.
810 4374 868 4431 Sed
891 4392 956 4429 cnm
980 4373 1044 4448 ipsa
1067 4391 1156 4430 causa
1178 4375 1254 4431 indi·

175 4467 245 4517 cata
272 4459 312 4517 sit
339 4461 447 4533 (mapno
473 4463 565 4535 aliquo
586 4463 756 4517 auctomento
777 4461 946 4531 anamotus),
980 4458 1116 4515 univerae
1145 4460 1252 4528 dicere,
