3030 5086
256 474 297 536 22
646 497 689 541 oa
712 496 843 544 ursinus
866 496 938 544 aon.

255 660 419 724 inciderint
441 661 473 725 in
496 662 609 726 inculta
632 665 785 743 quaedam
809 672 840 729 et
861 664 1004 744 horrida,
1027 667 1067 731 de
1088 668 1180 733 malis
1203 667 1341 733 Graecis

254 763 365 826 Latine
388 763 505 843 scripta
527 765 672 828 deterius.
723 765 843 845 Quibus
864 785 923 846 ego
945 770 1112 849 assentior,
1141 770 1216 835 dum
1239 770 1339 834 modo
1437 778 1445 791 '

256 863 295 928 de
317 864 427 928 iisdem
451 865 544 929 rebus
568 870 606 931 ne
626 866 763 932 Graecos
786 867 911 948 quidem
933 869 1082 949 legendos
1104 878 1224 951 putent.
1272 870 1339 936 Rea

255 983 328 1028 vero
352 965 466 1043 bonas,
494 967 598 1032 verbis
626 969 731 1033 electis
758 970 898 1050 graiiter
926 977 1097 1052 ornateque
1119 972 1234 1051 metas,
1264 972 1339 1055 quis

215 1070 316 1134 bnon
339 1067 443 1149 legat?
466 1069 524 1133 nisi
547 1070 599 1150 qui
622 1088 657 1134 se
679 1070 939 1150 planeGraecunr
961 1072 1022 1137 dici
1040 1073 1122 1151 velit
1145 1076 1180 1138 ut
1201 1074 1339 1140 asae

255 1169 325 1233 vida
357 1179 406 1234 est
438 1181 584 1250 praetore
616 1171 771 1236 salutatus
799 1172 929 1237 Athenis
957 1173 1112 1240 Albucius.
1162 1176 1192 1240 9.
1231 1178 1339 1255 Quem

329 1379 345 1423 1.
375 1373 397 1420 in
417 1390 465 1424 om.
486 1374 505 1422 Ι,
541 1374 602 1423 rnole
626 1375 669 1426 Or.
725 1381 747 1426 il.
775 1375 833 1439 quid
854 1394 895 1440 eqo
918 1378 1026 1427 acreacrb
1051 1378 1072 1427 Ε
1127 1382 1150 1429 3.
1176 1376 1278 1445 [hebdam
1297 1376 1335 1445 A}

255 1448 277 1490 ot.
297 1440 401 1490 dictatos
420 1441 595 1509 [Alllt'htctt
632 1447 653 1492 6.
670 1455 769 1507 ρναοΙον
788 1460 873 1494 omnes

340 1635 365 1687 in
394 1635 493 1688 incultu
516 1634 650 1706 ‹proedonr
674 1645 699 1690 ct
721 1635 846 1707 horrido)
870 1635 1010 1692 Arrrafinii
1034 1645 1064 1692 ct
1086 1636 1201 1693 Rabirii
1223 1636 1337 1708 (Aaou.

255 1717 279 1782 Ι,
299 1717 327 1786 5,
351 1718 439 1774 Tusc.
461 1719 518 1789 IV,
538 1720 568 1790 6)
592 1728 621 1773 et
643 1719 721 1777 Catii
738 1719 872 1776 Insubris
895 1720 943 1792 (ad
968 1721 1049 1777 Fani.
1072 1721 1143 1790 XV,
1165 1722 1202 1778 16
1220 1732 1252 1778 et
1273 1720 1337 1791 19).

255 1801 480 1876 Epicureorum.
515 1822 588 1878 quos
617 1805 721 1862 (icero
756 1804 842 1860 etiam
872 1805 961 1862 Tusc.
990 1806 1019 1869 l.
1044 1806 1061 1861 6
1086 1815 1115 1862 st
1138 1806 1183 1875 ΙΙ,
1208 1807 1225 1862 7
1250 1817 1283 1863 et
1305 1805 1338 1863 h.

221 1898 223 1902 '
255 1906 334 1961 oper.
358 1887 424 1944 libr.
447 1889 505 1958 ΙΙΙ,
530 1890 570 1944 40
594 1890 696 1965 tangit.

339 1974 373 2029 dc
401 1976 478 2031 rnab's
505 1974 631 2049 Graecis)
656 1975 816 2031 Aberravit
839 1974 993 2031 Ernestins
1022 1985 1052 2032 et
1078 1986 1147 2049 post
1173 1993 1240 2031 eum
1270 1974 1336 2045 alii,

254 2059 287 2137 de
309 2061 376 2114 orate
402 2059 515 2116 Graecis
537 2060 714 2129 scribentes,
745 2061 823 2133 qnod
847 2059 1003 2118 Ernestius
1031 2059 1061 2115 in
1093 2059 1222 2117 editione
1251 2060 1337 2136 prin·

254 2143 318 2217 cipe
339 2144 513 2217 Mogontina
536 2164 600 2201 osse
623 2145 702 2211 dicit,
726 2146 876 2220 deceptus,
899 2145 923 2201 si
944 2144 1149 2203 Coloniensarn
1173 2144 1337 2215 intellexit,

254 2229 427 2303 compendio
456 2231 574 2286 minime
603 2230 701 2285 dubio.
745 2230 841 2286 Nemo
865 2229 939 2286 dixit
962 2248 1015 2285 nec
1038 2232 1107 2286 orale
1132 2228 1256 2287 Graecus
1280 2246 1337 2287 nae

254 2314 317 2369 bene
336 2314 467 2379 Graecus,
491 2315 560 2388 quia
583 2315 644 2370 Irene
667 2326 696 2371 et
718 2317 786 2372 roob
807 2333 865 2371 non
889 2313 1037 2370 adduntur
1059 2315 1213 2372 adiectivia
1229 2315 1337 2373 huius·

254 2399 332 2455 rnodi
352 2399 487 2455 definitae
507 2400 644 2457 notionis.
668 2418 743 2473 quae
765 2399 888 2475 gratim
912 2418 969 2456 non
994 2399 1111 2456 habent.
1155 2399 1235 2457 Illud
1258 2399 1336 2457 diei-

255 2493 316 2547 tnr,
346 2485 408 2539 berre
430 2486 528 2541 Latine
550 2485 613 2557 (lib.
637 2485 683 2551 ΙΙ,
711 2488 761 2559 10)
789 2495 817 2541 et
845 2504 896 2540 non
923 2487 1019 2559 optime
1044 2483 1148 2542 Graece
1169 2486 1337 2560 respondere

254 2568 297 2635 (ΙΙ
316 2568 446 2627 deOrat.
460 2571 521 2643 75).
544 2570 692 2627 adverbiis
716 2589 753 2626 ex
776 2588 870 2643 aequo
891 2569 1005 2644 positis.
1050 2568 1165 2626 Deinde
1188 2569 1336 2628 orationis

254 2652 388 2710 Graecae
412 2655 485 2711 vitia
507 2673 564 2712 non
588 2653 777 2712 offendebant
799 2673 858 2725 eos,
884 2655 934 2728 qui
958 2654 986 2710 in
1009 2654 1132 2711 Latinas
1155 2655 1336 2731 interpreta-

253 2738 349 2796 tiones
371 2739 554 2803 incidebant;
583 2739 688 2798 Cicero
712 2739 854 2814 intellegit
879 2739 972 2796 malos
995 2738 1128 2798 Graecos
1150 2739 1243 2796 libros
1265 2758 1335 2797 var·

254 2825 356 2894 tendo,
386 2825 543 2881 accedente
570 2825 690 2882 horrido
719 2843 853 2881 sermone
883 2824 1004 2894 Latino.
1037 2822 1133 2881 factos
1161 2825 1336 2882 deteriores.

253 2911 373 2984 Itaque.
398 2928 433 2965 ne
456 2910 492 2966 de
516 2910 579 2967 solo
602 2910 744 2967 orationis
766 2928 874 2983 genere
897 2910 955 2966 dici
978 2918 1063 2984 putes
1086 2911 1127 2983 (et
1149 2910 1201 2984 qui
1223 2918 1335 2985 potest,

255 2996 392 3069 quoniam
411 3004 511 3070 aperte
525 2995 661 3070 Epicurei
679 2994 890 3070 significantur,
909 2995 957 3069 qni
972 3013 1030 3051 non
1044 2995 1201 3051 verborum
1213 3013 1336 3071 genere,

255 3080 305 3137 sed
328 3081 416 3136 rebus
439 3099 456 3135 a
479 3081 584 3137 ceteris
606 3078 846 3153 abhorrebanti),
870 3080 952 3137 addit
973 3081 1007 3136 rle
1028 3081 1121 3136 iisdem
1144 3082 1233 3136 rebus.

340 3168 440 3237 (lictae)
470 3165 622 3239 Scriptura
651 3165 830 3225 necessaria.
859 3184 875 3220 a
906 3165 1049 3222 Lambino
1077 3173 1209 3239 reperta,
1237 3164 1336 3221 malos

255 3269 412 3325 sponsores
435 3251 523 3307 habet
546 3251 614 3308 Par.
636 3250 653 3306 3
677 3259 705 3306 et
729 3252 753 3308 L
776 3260 806 3306 et
827 3248 952 3307 fortasse
965 3250 1065 3307 Par.l
1088 3250 1218 3315 Davisii;
1242 3248 1336 3307 ceteri

255 3355 357 3392 ornnes
385 3337 501 3392 (lictores
524 3334 627 3412 [etiam
652 3337 676 3391 B
705 3345 748 3405 et,
772 3335 807 3391 de
836 3354 894 3408 quo
923 3335 993 3391 olim
1022 3334 1225 3404 dubitabatur,
1254 3330 1335 3412 Eri]

255 3421 313 3477 duo
336 3420 405 3479 Gaii
427 3423 538 3478 ditatas.
585 3421 643 3477 Res
666 3421 759 3477 bonas
782 3422 856 3477 bene
879 3420 1003 3495 scriptas
1026 3417 1131 3477 Cicero
1154 3420 1235 3478 dicit.

340 3517 380 3563 est
394 3508 531 3581 praetore)
549 3505 691 3564 Codicum
710 3506 846 3563 mendum
860 3506 1011 3562 Manutius
1033 3505 1171 3562 correxit.
1206 3506 1265 3563 Res
1287 3504 1334 3561 in·

257 3590 406 3666 tellegitur
428 3610 465 3647 ex
488 3590 594 3648 Lucilii
618 3591 752 3648 versibus
781 3601 811 3646 et
838 3609 875 3647 ex
899 3609 948 3654 eo.
978 3589 1055 3664 quod
1079 3589 1225 3647 Albucius
1247 3606 1335 3666 prae·

256 3686 351 3734 turam
390 3676 420 3732 in
460 3676 596 3732 Sardinia
634 3676 721 3751 longe
760 3685 827 3750 post
864 3676 963 3751 gessit.
1018 3676 1054 3731 T.
1089 3674 1233 3732 Albucius
1266 3692 1335 3732 cum

257 3762 384 3819 Athenis
407 3762 578 3818 adulescens
601 3772 692 3825 esset.
722 3760 870 3835 perfectus
893 3761 1056 3836 Epicureus
1079 3771 1214 3817 ertrserat¹
1236 3760 1334 3832 (Brut.

260 3849 342 3918 131).
387 3846 423 3920 Q.
452 3847 624 3904 Scaevolam
659 3865 800 3921 augurem
834 3847 1061 3921 repetundarum
1096 3845 1247 3902 accusavit
1280 3862 1335 3902 nec

256 3933 408 3989 damnavit
430 3932 525 4001 (Brut.
553 3934 626 4001 102,
650 3932 685 3987 de
709 3932 792 3988 Orat.
816 3932 862 4001 ΙΙ,
887 3933 975 4003 281);
1004 3939 1108 4006 postea
1135 3950 1171 3986 ex
1195 3940 1335 4005 praetura

258 4018 439 4075 Sardiniensi
468 4018 530 4092 ipse
558 4017 785 4091 repetundarum
816 4016 970 4073 damnatus
993 4018 1059 4091 (pro
1083 4015 1196 4073 Scauro
1219 4016 1275 4085 40,
1304 4015 1335 4072 in

257 4105 357 4161 Pison.
388 4104 439 4175 92)
474 4103 600 4159 Athenis
635 4102 766 4159 exnlanit
795 4103 895 4174 (Tuae.
925 4103 962 4170 V.
990 4102 1076 4173 108),
1111 4101 1216 4158 doetus
1245 4100 1334 4159 homo

257 4188 382 4246 Graecis
404 4189 511 4245 litteris
535 4189 580 4243 vol
604 4188 702 4262 potius
726 4206 818 4262 paene
842 4189 976 4243 Graecus
995 4186 1091 4258 (Brut.
1107 4186 1178 4257 131)
1202 4204 1237 4242 ac
1259 4185 1335 4243 levis

257 4274 305 4347 (de
345 4292 426 4347 pror.
467 4292 545 4329 cons.
590 4274 653 4345 15),
694 4291 780 4346 quern
821 4271 909 4328 etiam
949 4272 986 4328 ob
1025 4271 1153 4345 ineptias
1191 4270 1335 4328 orationis

259 4359 388 4417 Lucilius
412 4360 542 4416 irriserat
566 4359 613 4427 (de
637 4358 720 4415 Orat.
743 4359 805 4427 ΙΙΙ,
833 4358 906 4426 171,
931 4356 1014 4415 Orat.
1041 4359 1122 4428 149).
1168 4354 1277 4414 Cetera
1299 4356 1335 4413 de
