3030 5086
411 504 454 549 nr
478 503 558 549 nnn.
582 503 643 548 nm.
667 503 690 548 11
712 503 784 549 cnr.
807 505 914 554 as-ac.
931 503 1062 568 (st-an.)
1209 490 1271 555 279

192 672 298 738 etmde
320 671 446 752 quidem
467 676 583 752 posset.
628 670 709 735 Satis
732 672 844 736 estad
866 669 925 736 hoc
946 691 1141 752 responsum.
1181 677 1271 740 Attu-

196 773 260 839 listi
282 772 367 837 aliud
389 771 554 836 humanius
576 771 687 836 horum
709 773 930 852 recentiorum,
958 793 1127 856 numquam
1155 777 1271 842 dictum

196 873 237 940 ab
259 875 329 955 ipso
351 874 412 951 illo,
435 873 518 955 quod
540 873 644 951 sciam,
667 873 766 955 primo
785 875 927 940 utilitatis
950 870 1046 941 causa
1067 877 1200 942 amicum
1218 897 1271 943 ex·
1368 955 1369 959 Ἰ

197 976 271 1058 peti,
294 994 363 1040 curn
385 982 490 1040 autem
512 993 588 1039 usus
607 975 798 1055 accessisset
820 984 887 1040 tum
903 977 1006 1058 ipsum
1028 978 1127 1044 amari
1149 997 1206 1060 per
1229 997 1271 1056 se,

269 1184 288 1228 1.
307 1178 404 1246 guadii
436 1186 517 1243 posset
535 1194 583 1228 om.
603 1177 624 1226 L
659 1187 693 1227 eat
710 1179 770 1228 enim
788 1178 823 1228 ad
839 1179 866 1228 Ε·
897 1185 912 1228 2
939 1181 1019 1230 lorum
1038 1208 1062 1217 -
1081 1182 1156 1232 scium
1172 1161 1271 1233 Nonius

197 1251 340 1380 ages.
360 1245 399 1295 illo
417 1246 468 1311 irino
483 1247 505 1295 E
523 1247 574 1311 ι’ρεο
593 1261 640 1296 om.
660 1245 727 1296 Non.
762 1248 805 1311 qui
819 1247 934 1297 ⁸02me
968 1250 1098 1314 primnmL
1134 1257 1157 1301 4.
1174 1259 1272 1315 propter

197 1490 318 1549 prorsus
342 1489 432 1546 nego,
456 1469 573 1526 defendi
596 1469 656 1526 ullo
679 1471 816 1546 exemplo
839 1471 947 1547 poterit
969 1472 1037 1529 talis
1060 1474 1183 1530 duorum
1207 1493 1271 1532 ver-

198 1559 315 1625 borum,
349 1556 454 1612 nedum
484 1555 614 1611 eiusdem
649 1555 782 1630 repetiti,
817 1556 1000 1614 coniunctio:
1033 1561 1089 1615 sine
1122 1569 1191 1616 metu
1220 1578 1272 1616 non

193 1652 283 1719 potest
309 1660 356 1698 nec
384 1642 496 1697 iucrrnde
523 1642 630 1714 quiderm
649 1650 745 1714 potest.
791 1641 871 1713 (Vid.
895 1641 930 1697 de
952 1642 1012 1711 his,
1043 1661 1118 1717 quae
1146 1644 1272 1718 exposui

197 1728 227 1784 in
261 1745 325 1784 exc.
358 1725 396 1783 ad
423 1725 509 1781 huius
537 1725 605 1781 libri
634 1730 648 1795 ξ
673 1726 734 1798 25.)
785 1725 826 1782 Et
852 1736 949 1782 tamen
978 1726 1051 1784 vidit
1080 1728 1271 1798 Dietrichius,

197 1832 283 1887 quem
307 1813 402 1869 locum
426 1821 456 1867 et
477 1828 565 1883 quam
589 1809 648 1866 vim
676 1810 706 1867 in
729 1810 794 1885 ipsa
816 1812 962 1869 sententia
985 1812 1056 1869 haec
1079 1814 1169 1870 verba
1191 1822 1271 1870 tene·

197 1907 278 1959 rent,
307 1907 337 1953 et
360 1896 474 1953 viderat
502 1894 614 1969 pridem
643 1905 672 1951 et
695 1895 811 1953 dixerat
834 1897 998 1963 Manutius,
1029 1915 1095 1954 cum
1118 1898 1160 1954 sio
1182 1897 1272 1954 scribi

198 1981 331 2040 volebat:
361 1982 447 2056 qtrod,
476 1983 506 2036 si
531 1983 587 2036 aine
609 1999 640 2035 ea
665 2012 718 2049 -,
748 2000 794 2038 nec
822 1984 936 2039 inctrnde
964 1984 1071 2056 quidem
1094 1993 1200 2058 possem
1229 1982 1271 2040 sic

196 2068 274 2124 enim
298 2075 501 2140 argumentum
526 2064 697 2139 procedere,
727 2078 758 2122 ut
781 2085 818 2122 ex
841 2085 890 2134 eo,
920 2066 998 2140 quod
1022 2075 1084 2124 tuto
1112 2067 1176 2124 sine
1199 2067 1272 2124 arni·

196 2152 267 2209 citia
289 2152 351 2208 vivi
375 2168 432 2207 non
455 2149 564 2225 possit,
588 2150 772 2220 ostendatur,
802 2169 838 2207 ne
861 2151 986 2208 iucunde
1009 2151 1127 2225 quidem
1150 2152 1213 2209 sine
1236 2171 1271 2208 ea

199 2237 258 2293 vivi
282 2255 382 2312 posset
412 2236 454 2292 sic
477 2234 568 2302 effici,
591 2245 624 2291 ut
647 2236 776 2292 amicitia
798 2254 864 2292 cum
887 2237 1039 2312 voluptate
1062 2238 1199 2313 copulata
1222 2237 1269 2295 sit.

198 2321 256 2381 Sed
286 2321 381 2378 minus
408 2328 487 2377 recte
509 2323 534 2376 ar‘
554 2320 745 2395 interposuit;
775 2339 870 2395 neque
898 2322 976 2379 enim
1005 2339 1070 2378 eum
1099 2322 1271 2380 condicione

198 2419 400 2483 argumentum
429 2405 613 2461 concluserat
641 2406 828 2480 Torquatus,
863 2408 914 2464 sed
947 2407 990 2464 ita
1023 2425 1086 2463 ease
1120 2418 1269 2482 posuerat.

198 2495 302 2566 Itaque
324 2511 384 2548 cnm
407 2490 572 2565 ponendum
591 2502 663 2559 erat,
687 2492 764 2564 quod
788 2501 854 2567 post
876 2495 951 2567 qnod
966 2491 1105 2549 facillime
1123 2492 1151 2549 in
1170 2493 1271 2550 codice

197 2591 363 2634 nostrorum
387 2586 508 2650 parente
531 2575 667 2631 excidere
690 2576 799 2650 potnit,
829 2587 861 2633 ut
888 2577 998 2634 excidit
1024 2577 1054 2633 in
1079 2577 1140 2636 Erl.
1165 2575 1210 2658 [et
1232 2573 1271 2656 B]

198 2663 302 2733 §1013
322 2681 368 2718 nec
380 2694 419 2703 —
431 2662 538 2734 genialem
557 2661 587 2716 in
605 2661 727 2735 epodosi
746 2680 781 2717 na
799 2662 1012 2718 dubitationem
1030 2662 1147 2736 quidem
1165 2660 1271 2719 afferre

198 2758 328 2823 poterat3
350 2747 450 2819 itaque
469 2764 534 2802 cum
547 2746 650 2802 Lamb.
668 2765 700 2801 ne
712 2777 752 2788 -
764 2749 871 2819 quidem
894 2747 1013 2821 scripsi;
1037 2746 1083 2803 hic
1106 2767 1151 2805 nec
1174 2759 1270 2805 ortum

196 2832 322 2890 fortasse
345 2831 433 2888 etiam
457 2850 494 2888 ex
518 2831 614 2887 studio
637 2831 779 2887 orationis
801 2832 988 2898 vinciendae,
1019 2849 1084 2887 cum
1114 2832 1272 2889 excidisset

196 2909 264 2975 ctam.
310 2918 380 2973 Mox
404 2918 449 2972 illo
471 2922 529 2991 ipso
552 2916 640 2972 etiam
664 2914 741 2990 Spir.
764 2913 778 2991 [
806 2914 828 2992 ].

279 3022 330 3077 par
357 3003 397 3074 se)
428 3001 476 3059 Sic
506 3000 573 3058 Gzii
602 3000 685 3056 codd.
709 3019 823 3068 omnes,
854 3000 932 3059 Oxx.
957 2995 1013 3067 Εξ,
1044 3001 1108 3056 edd.
1133 3000 1213 3059 Crat.
1242 3010 1271 3058 et

197 3087 275 3144 Vict.
326 3089 443 3161 Propter
472 3105 535 3141 cum
566 3105 603 3140 ex
631 3085 654 3142 C
688 3085 717 3141 in
746 3085 858 3159 aliquot
886 3096 956 3142 vett.
985 3086 1051 3143 edd.
1081 3086 1224 3154 venisset,
1253 3104 1270 3142 a

198 3173 331 3230 Manutio
365 3172 401 3228 ad
431 3170 537 3228 Gzium
572 3172 601 3226 in
630 3171 806 3227 editionibus
834 3171 949 3227 mansit.
999 3170 1272 3227 Animadvertenda

196 3258 291 3314 esth.
315 3257 332 3312 l.
361 3267 464 3331 aperta
492 3256 668 3331 permutatio
697 3257 846 3312 notionum
871 3257 1047 3325 vicinarum,
1076 3256 1213 3312 utilitatis
1242 3265 1271 3313 et

197 3342 367 3417 voluptatis.
391 3342 419 3398 in
443 3360 502 3414 qua
524 3342 589 3416 ipsa
611 3342 772 3398 Lambinus
795 3340 923 3398 offensus
947 3351 1000 3407 est,
1025 3341 1136 3398 socium
1160 3342 1271 3399 habens

196 3436 390 3484 correctorem
414 3428 478 3484 cod.
504 3427 549 3485 El.
568 3430 593 3493 l,
617 3428 666 3500 qui
689 3447 736 3501 spe
759 3429 879 3484 ualitates
902 3425 1034 3500 scripsit3
1057 3426 1116 3483 vid.
1135 3427 1170 3483 ad
1183 3427 1207 3493 I,
1222 3427 1270 3483 34.

198 3513 273 3569 Tum
302 3516 407 3568 etiarnsi
434 3512 511 3586 Spin.
540 3530 655 3585 quoque
679 3508 732 3591 [B]
761 3523 789 3568 et
812 3512 891 3570 Gud.
915 3513 948 3578 23
978 3511 1083 3568 deinde
1112 3513 1271 3569 multimodis

196 3597 284 3653 etiam
308 3597 373 3656 Pal.
401 3603 413 3654 1
442 3595 485 3673 [et
509 3594 556 3672 B].
601 3595 708 3667 (Gaius
732 3608 830 3672 negat.
854 3617 923 3654 suos
946 3596 1106 3672 quidquam
1130 3596 1271 3670 variarel)

195 3681 411 3741 Obscuratione
435 3683 487 3738 illa
508 3681 622 3738 litterae
645 3702 659 3738 s
682 3691 711 3737 et
728 3683 937 3751 contractione,
960 3701 1017 3756 qna
1035 3691 1149 3737 veteres
1167 3688 1271 3755 poetae

198 3768 242 3824 usi
265 3779 333 3824 sunt
356 3767 521 3838 (Lucretius
545 3767 660 3840 quidem
684 3767 773 3822 etiam
796 3767 833 3822 nd
856 3767 942 3823 huius
965 3779 1113 3841 tamquam
1135 3765 1198 3822 veri
1220 3765 1271 3822 ad·

197 3853 290 3910 verbii
319 3853 443 3910 formam
474 3852 543 3908 fecit
571 3854 751 3924 omniamodis),
786 3851 959 3909 Ciceronem
992 3872 1076 3909 usum
1110 3870 1169 3908 non
1196 3869 1270 3918 esse,

195 3938 296 4015 colligi
325 3950 421 4014 potest
449 3957 486 3993 ex
515 3936 596 3995 Orat.
623 3937 697 4002 1533
731 3936 798 4014 [cnr
831 3937 908 3993 enim
942 3937 1072 4009 alioquin
1105 3939 1272 3993 contrariare

196 4025 322 4092 diceret,
358 4043 414 4081 non
445 4019 643 4098 corrtrolrerei}
690 4023 734 4079 De
764 4021 902 4080 Cornelio
931 4021 1047 4095 Nepote
1075 4022 1192 4092 (Them.
1221 4022 1270 4092 10)

197 4109 268 4164 nihil
293 4109 432 4175 decerno;
456 4127 521 4164 nam
545 4107 642 4181 potuit
664 4107 743 4181 apud
765 4124 830 4162 eum
854 4125 981 4179 quoque,
1005 4115 1037 4161 ut
1060 4105 1088 4164 h.
1111 4106 1130 4161 l.
1152 4106 1182 4162 itt
1206 4105 1270 4181 ipso

196 4192 277 4249 fonte
301 4194 434 4250 codicum
456 4203 637 4256 nostrorum,
661 4210 745 4249 casus
768 4191 849 4248 illam
872 4191 996 4247 formam
1019 4190 1148 4266 gignere.
1193 4191 1271 4248 Dant

196 4279 358 4335 Lambinus
387 4278 497 4353 primus
520 4278 632 4353 posuit3
660 4278 870 4333 confirmarunt
898 4276 986 4332 etiam
1010 4276 1073 4332 Pal.
1100 4281 1112 4332 1
1139 4285 1169 4333 et
1192 4275 1270 4351 Spin.

196 4361 266 4441 [B];
291 4364 390 4430 ceteri,
414 4372 446 4418 ut
468 4363 558 4419 nostri
583 4362 753 4432 deteriores,
776 4365 834 4432 slot,
857 4362 913 4420 nisi
936 4360 1015 4436 quod
1038 4361 1068 4416 in
1090 4361 1204 4432 Mead.,
1230 4355 1271 4429 Εξ

196 4460 359 4505 correctum
383 4452 473 4506 (lntnr.
