3030 5086
440 375 485 422 en
508 375 588 422 nun.
611 374 674 421 nm.
696 375 709 421 1
731 376 804 422 cnr.
825 377 930 423 rr-re
952 374 1111 445 (soma),
1241 359 1302 423 109

201 541 273 622 -fit,
307 549 343 609 ut
374 544 538 626 aegritudo
571 550 735 625 sequatur,
768 543 795 608 si
827 542 881 608 illa
903 542 997 607 male
1030 542 1107 621 sint,
1143 544 1171 610 si
1204 545 1301 625 hona,

218 643 353 711 heum.

310 748 426 813 XVIIL
471 751 499 814 0
527 747 721 829 praeclaram
754 747 844 811 beate
870 745 998 810 vivendi
1030 752 1062 811 et
1094 755 1236 829 apertam
1269 756 1302 814 et

222 850 395 933 simplicem
416 859 448 915 et
469 849 619 915 directam
641 848 737 914 viarm
776 847 853 914 Cum
875 848 959 913 enim
980 855 1066 914 certe
1087 849 1164 914 nihil
1185 850 1301 915 homini

222 952 327 1032 possit
353 952 464 1017 melius
491 967 562 1017 esse
589 969 681 1032 quam
709 969 823 1016 vacare
855 950 938 1016 omni
965 950 1074 1017 dolore
1100 957 1133 1016 et
1158 951 1339 1017 molestiae

223 1052 407 1134 perfmique
428 1032 570 1118 maximis
592 1060 624 1118 et
644 1053 739 1118 enimi
760 1059 794 1118 et
808 1052 951 1134 corporis
968 1053 1190 1134 voluptatibus,
1213 1054 1300 1119 vide·

222 1155 315 1233 usne,
338 1174 431 1236 quarn
452 1154 529 1258 nihil
550 1155 828 1235 praetermittatur,
850 1154 934 1235 quod
956 1154 1052 1218 vitam
1075 1154 1215 1232 adiuvet,
1238 1174 1300 1237 quo

223 1256 345 1322 facilius
367 1257 415 1335 id,
442 1258 526 1338 quod
553 1259 751 1338 propositum
778 1263 840 1334 est,
869 1274 1023 1321 summum
1050 1257 1163 1322 bonum
1191 1275 1300 1323 conse·

222 1359 380 1439 qusmur?
413 1358 536 1424 Clamat
550 1358 713 1439 Epicurus,
736 1359 771 1437 is,
794 1376 885 1439 quem
901 1376 958 1423 vos
980 1358 1071 1424 nimis
1087 1358 1301 1440 voluptatibus

223 1478 296 1526 csse
316 1461 456 1525 deditum
480 1460 591 1538 dicitis,
613 1478 674 1524 non
698 1478 793 1541 posse
811 1459 945 1524 iucunde
961 1460 1033 1539 vivi,
1056 1460 1115 1526 nisi
1132 1460 1300 1541 sapienter,
1320 1461 1361 1525 10

222 1561 354 1626 honeste
375 1563 519 1643 iusteque
541 1561 672 1640 vivatur,
696 1580 752 1626 nec
774 1561 944 1643 sapienter,
966 1560 1105 1641 honeste,
1127 1563 1217 1641 iuste,
1240 1562 1300 1627 nisi

224 1663 366 1728 iucrmde
414 1662 707 1744 sampsonis
735 1662 843 1728 civitas
872 1663 902 1727 in
931 1664 1083 1729 seditione
1109 1663 1204 1729 beata
1230 1683 1301 1730 esse

224 1772 329 1846 potest
350 1782 407 1830 nec
429 1765 460 1829 in
483 1765 643 1830 discordia
663 1764 859 1829 dominorum
876 1765 1002 1843 domus;
1025 1784 1086 1847 quo
1108 1769 1210 1831 minus
1232 1767 1299 1831 ani·

224 1885 293 1932 mus
315 1885 336 1930 a
357 1885 391 1932 se
412 1867 481 1948 ipse
502 1866 659 1931 dissidens
682 1884 847 1947 secumque
869 1866 1054 1947 discordans
1076 1875 1205 1949 gustare
1226 1887 1300 1949 par·

296 2076 317 2122 1,
339 2070 483 2134 sequiturh
519 2069 612 2119 loetr'tr'o
629 2071 653 2120 εἰ
668 2071 729 2120 bona
749 2069 932 2136 [ephesos.
975 2075 998 2118 3.
1018 2073 1052 2120 At
1070 2075 1127 2135 (pro
1148 2069 1220 2133 0)c
1254 2089 1298 2135 ap·

223 2138 313 2188 tamC
355 2138 636 2202 oottaemqoams
676 2143 697 2186 7.
718 2137 972 2203 quotprcquod)C
1007 2139 1161 2202 quocumc
1201 2144 1298 2190 Μυη-

222 2207 366 2270 sequeturC
399 2207 602 2271 morequamurE
638 2212 661 2255 9.
676 2224 718 2256 uos
736 2222 777 2255 om
796 2206 864 2255 LPR
890 2223 942 2255 eree
959 2205 1012 2255 ded.
1031 2207 1150 2271 voluptb
1191 2213 1225 2255 tt.
1239 2208 1298 2256 eninr

223 2276 315 2410 form
356 2284 433 2340 potest
455 2293 506 2325 eree
532 2275 642 2326 beataC
690 2279 727 2325 13,
752 2275 865 2339 nequeL
914 2280 951 2322 tr.
975 2274 1027 2339 ipro
1050 2277 1097 2325 ER
1136 2274 1298 2326 decedensc

236 2343 365 2393 dicordone
383 2342 413 2410 h]

306 2536 332 2589 ei
358 2534 440 2602 bono,
469 2533 583 2606 laetitio)
614 2532 670 2590 Hic
694 2532 766 2590 ordo
789 2532 851 2590 cod.
877 2533 938 2592 ert.
969 2532 1013 2610 [et
1037 2533 1077 2603 B,
1107 2511 1298 2591 dissentiente

223 2628 319 2675 temen
354 2616 410 2696 A,]
443 2619 531 2674 habet
564 2618 761 2675 inversionem
796 2637 859 2674 eam
899 2618 928 2674 in
963 2619 1118 2676 contrariis
1152 2618 1298 2687 membris,

222 2722 309 2776 quarn
334 2702 438 2762 Cicero
461 2714 556 2770 ennam
585 2703 643 2760 vid.
667 2703 790 2760 Beierus
812 2687 931 2761 odom.
955 2704 985 2773 1,
1013 2706 1065 2773 11-;
1099 2705 1128 2761 in
1157 2703 1211 2760 hoc
1233 2704 1298 2779 ipso

222 2807 311 2863 opere
333 2784 372 2868 [1,
397 2790 430 2858 5,
454 2789 496 2854 II,
520 2784 586 2867 44,]
609 2788 672 2859 III,
697 2788 730 2844 3:
759 2797 788 2843 ut
809 2796 967 2845 corninonerr'
989 2792 1056 2846 cotie
1078 2793 1127 2856 eit,
1149 2789 1216 2845 nihii
1236 2791 1298 2845 atti·

222 2884 283 2930 neat
305 2876 409 2943 doceri,
438 2874 497 2930 ibd.
521 2877 555 2930 4:
578 2874 652 2929 nobis
675 2876 824 2947 inccpnitr'e,
849 2876 954 2930 usitatis
976 2875 1040 2942 siti,
1069 2874 1127 2930 ibd.
1155 2874 1206 2929 10:
1229 2880 1299 2930 ratio
1333 2909 1338 2918 ·

223 2969 314 3015 nostre
337 2962 477 3026 consentit,
496 2969 602 3033 puprtot
624 2962 723 3027 oratr'o;
753 2959 791 3028 V,
816 2959 871 3015 28:
893 2960 1041 3031 dependam
1064 2960 1178 3026 Metelli,
1203 2958 1301 3032 Repeti

223 3046 397 3111 reiciendum
421 3044 457 3100 de
479 3044 514 3100 R.
528 3045 562 3102 P.
584 3043 695 3113 11,33:
718 3053 830 3100 matrem
853 3044 988 3112 trahemus,
1011 3047 1164 3116 iqnoroneus
1182 3053 1298 3118 patrem.

309 3128 381 3204 Cap.
414 3130 534 3186 XVIII.
591 3127 632 3206 [Ο
668 3128 855 3203 praeclaram)
896 3128 982 3185 Novo
1022 3139 1137 3203 snrrrrpto
1177 3129 1299 3185 exordio

224 3214 392 3287 Torquatus
422 3214 565 3284 ostendit,
599 3214 698 3271 omniu
731 3213 809 3289 epud
838 3213 997 3287 Epicurum
1031 3223 1202 3288 comparata
1235 3232 1299 3271 esse

224 3300 261 3355 ad
294 3299 388 3369 beate,
413 3299 591 3375 vivendum,
626 3299 751 3373 primurn
785 3298 901 3363 ethice,
935 3298 1041 3355 deinde
1073 3299 1161 3356 etium
1196 3302 1223 3370 (ς
1248 3300 1300 3374 63)

223 3381 372 3460 physica]

313 3469 420 3526 Chimet
441 3469 594 3544 Epicurus)
618 3468 686 3526 Vid.
704 3468 742 3525 ad
759 3469 837 3538 542.
860 3468 967 3539 (Paulo
990 3479 1058 3526 ante
1071 3469 1148 3547 Spin,
1173 3467 1246 3545 [non
1259 3466 1299 3546 B]

222 3555 319 3611 videtis
341 3553 404 3610 sine
427 3555 478 3627 ne.)

310 3639 361 3696 58.
396 3637 491 3712 Neque
506 3637 588 3716 euim)
605 3637 813 3695 Necessarium
837 3637 953 3707 videtur
974 3641 1042 3694 errius
1064 3638 1094 3694 in
1117 3639 1298 3694 annectenda

224 3723 399 3796 probatione
428 3732 458 3779 et
485 3724 631 3798 exemplo.
675 3724 772 3780 Abest
800 3732 897 3779 temen
928 3723 1016 3779 etiam
1044 3741 1061 3778 a
1090 3722 1168 3799 Spir.
1192 3721 1248 3800 [B]
1271 3735 1300 3779 et

223 3807 303 3866 Gud.
331 3809 359 3876 2,
383 3804 456 3887 [non
479 3805 532 3887 A].

309 3912 362 3967 quo
384 3893 485 3969 minus)
509 3895 575 3952 Hoc
597 3903 651 3962 est,
674 3905 699 3951 et
721 3904 794 3950 tento
815 3896 911 3949 rnirme.
957 3890 1034 3970 [Cfr.
1058 3913 1111 3967 quo
1133 3895 1219 3965 erupis
1241 3893 1299 3962 III,

224 3982 296 4035 4et
321 3976 364 4055 7.]
408 3979 470 4037 Vix
493 3979 636 4036 debueret
658 3979 723 4036 loco
745 3979 864 4047 cedere,
895 3979 974 4052 quod
1002 3990 1065 4034 erat
1087 3977 1123 4034 de
1145 3978 1220 4034 Fato
1244 3978 1297 4035 33:

223 4064 267 4120 Ito
301 4084 332 4120 ue
361 4068 511 4138 praeterite
543 4065 650 4138 quidem
679 4097 721 4107 -
751 4065 873 4138 Apollim'
903 4073 966 4119 nota
993 4083 1049 4119 esse
1076 4064 1212 4135 censebat,
1247 4082 1300 4137 quo

222 4152 310 4205 minus
326 4151 435 4222 sortiere.
470 4151 546 4207 Tum
566 4147 659 4207 Gzius
683 4149 731 4205 vix
755 4148 936 4205 credibiliter
959 4147 1069 4205 scribit
1093 4148 1208 4205 codices
1231 4166 1299 4205 suos

223 4251 326 4290 ornnes
348 4255 366 4289 o
388 4255 416 4291 ee
438 4238 497 4310 ipso
519 4234 636 4306 hebere.
681 4234 720 4291 Et
742 4232 882 4291 defendit.
