3030 5086
391 485 434 530 nc
458 484 538 531 unni.
563 484 625 531 nie.
648 485 671 530 11
693 485 766 532 cnr.
785 489 824 534 aa.
842 487 973 550 <rs-ae.)
1159 470 1221 536 269
1293 526 1296 529 ,

147 663 178 723 et
198 655 294 722 iaciat
315 654 451 734 aliquam
473 654 664 732 varietatem,
687 661 753 717 tum
774 654 868 719 aliam
891 657 1047 737 quandam
1069 674 1222 723 summam

147 757 351 839 voluptatem,
381 755 431 820 cui
458 756 532 820 addi
560 755 636 820 nihil
663 757 776 837 possit3
810 775 878 822 eam
906 760 1120 839 tamaricem,
1153 778 1222 825 cum

147 859 239 925 dolor
266 858 365 925 omnis
393 856 490 936 absit;
524 875 593 921 eam
626 857 769 923 stabilem
796 859 947 940 appellaa
993 862 1043 927 76.
1072 861 1119 928 Sit
1146 880 1222 927 sane

146 961 209 1027 ista
235 960 390 1041 uoluptas.
434 960 492 1024 Dic
524 958 555 1023 in
584 960 694 1040 quovis
721 968 889 1040 conventu,
922 967 953 1027 te
980 954 1085 1027 omnia
1110 962 1221 1043 iacere,

144 1080 185 1128 ne
206 1061 324 1128 doleas.
368 1061 402 1127 Si
429 1080 468 1127 ne
496 1060 555 1127 hoc
581 1061 707 1142 quidem
735 1062 812 1127 satis
840 1064 956 1145 ample,
986 1063 1063 1129 satis
1090 1063 1259 1131 h'onesteh

146 1162 207 1231 dici
228 1168 337 1246 putas,
367 1163 416 1227 dic
443 1169 474 1229 te
497 1163 600 1228 omnia
622 1169 654 1227 et
679 1162 712 1228 in
733 1163 794 1229 isto
818 1165 1002 1246 magistratu
1030 1174 1062 1232 et
1084 1166 1115 1230 in
1137 1167 1223 1232 omni

146 1267 212 1332 vita
233 1265 374 1331 utilitatis
396 1271 469 1330 tuae
491 1283 587 1330 causa
609 1264 772 1347 facturum,
794 1266 870 1331 nihil
888 1267 947 1332 nisi
965 1269 1049 1349 quod
1067 1269 1221 1350 expediat,

145 1367 223 1434 nihil
255 1367 390 1448 denique
423 1366 482 1432 nisi
514 1372 569 1430 tua
602 1384 712 1446 causa;
751 1386 843 1449 quem
873 1368 1038 1434 clamorem
1070 1370 1221 1435 contionis

145 1475 203 1535 aut
224 1487 318 1551 quam
340 1485 429 1549 spem
451 1468 632 1533 consulatus
655 1469 737 1546 eius,
765 1470 819 1550 qui
849 1470 904 1535 tibi
926 1472 1142 1552 paratissimus
1165 1479 1222 1549 est

217 1662 240 1706 2.
260 1656 315 1722 [quo
337 1669 383 1720 pro
407 1655 448 1703 cai
463 1654 492 1720 Α]
517 1655 606 1718 quau
644 1654 761 1720 potcstC
814 1661 837 1705 3.
856 1657 957 1705 ωειὶΕ
1001 1674 1098 1721 eantque
1115 1656 1222 1707 scaldem

149 1723 314 1776 LPMCROr.
368 1729 390 1772 4.
414 1722 438 1772 ia
461 1740 507 1787 qao
529 1732 641 1774 coaventu
663 1723 698 1773 vt's
722 1723 743 1772 Ε
797 1728 821 1777 5.
843 1741 895 1774 sam
917 1725 960 1774 doc
982 1725 1040 1790 quid
1061 1735 1095 1775 est
1115 1726 1177 1775 sarh
1200 1726 1221 1775 E

148 1799 171 1846 6.
192 1792 281 1861 [omnia
299 1800 320 1841 te
337 1794 359 1842 A
377 1800 421 1841 aut
439 1791 480 1841 hic
498 1799 543 1841 aut
560 1791 620 1857 at]
658 1796 681 1840 8.
700 1791 736 1841 tui
752 1793 868 1841 causali

147 1966 228 2027 Gud.
253 1966 271 2023 2
300 1974 330 2022 et
345 1964 425 2022 .Bas.
454 1983 519 2021 esse
552 1966 612 2022 disi
643 1965 720 2020 ruodo
747 1970 805 2040 eqo)
838 1965 948 2022 delevit
973 1968 1051 2023 inodo
1077 1985 1124 2040 epo
1156 1984 1221 2024 cum

146 2053 254 2110 damno
277 2049 419 2108 orationis
441 2059 471 2107 et
493 2048 702 2124 oppositionis;
734 2068 788 2106 nec
810 2050 882 2107 talia
904 2050 1017 2109 scribae
1040 2051 1165 2120 addunt3
1194 2061 1224 2109 et

146 2136 325 2212 quodmodo
347 2134 383 2191 de
406 2153 437 2191 re
465 2143 526 2191 tam
549 2134 631 2191 brevi
654 2142 721 2191 ante
744 2135 895 2192 nominata
916 2135 1078 2211 improbat,
1107 2137 1224 2212 ignorat

148 2220 314 2298 particulae
337 2238 432 2288 usum;
456 2218 514 2276 vid.
538 2220 628 2295 Legg.
651 2220 675 2289 Ι,
700 2219 749 2277 47.

233 2325 324 2362 norrea
346 2308 471 2380 insparsis,
503 2308 530 2361 in
552 2315 624 2361 arola
646 2315 674 2361 ui
695 2304 743 2379 ait)
766 2305 834 2366 Non
856 2304 984 2362 habebat
1006 2303 1110 2365 Cicero
1132 2324 1223 2363 unum

148 2391 221 2449 satis
243 2390 384 2448 usitatum
407 2408 528 2459 nomcn3
553 2408 620 2446 nam
643 2399 785 2448 amoventem
806 2407 865 2447 non
888 2390 1086 2467 appellabant,
1109 2390 1165 2448 etsi
1187 2409 1223 2447 eo

147 2494 219 2534 usus
241 2484 287 2533 est
305 2479 319 2545 ξ
334 2476 389 2544 31;
412 2476 512 2549 itaque
534 2475 793 2532 circumlocutione
811 2493 880 2533 usus
898 2484 956 2546 est3
980 2475 1085 2532 deinde
1101 2475 1223 2533 liberius

147 2560 237 2636 paulo
261 2560 328 2617 huic
351 2560 604 2618 circumlocutioni
626 2578 661 2617 ea
683 2560 819 2618 adiunxit
841 2560 976 2636 proxime
998 2569 1028 2616 et
1050 2560 1151 2618 eodem
1176 2580 1225 2617 or·

148 2645 216 2703 dine
240 2646 276 2719 (et
290 2647 382 2720 saciat
404 2647 486 2719 cet),
510 2643 585 2720 qnae
608 2645 681 2702 nihil
704 2645 871 2703 adnomen
894 2646 1089 2720 pertinerent,
1112 2646 1163 2703 sed
1186 2646 1223 2702 ad

149 2739 283 2788 naturam
311 2730 364 2787 rei.
408 2729 496 2808 [Mox
529 2750 582 2804 quo
615 2739 644 2786 et
677 2750 732 2805 qaia
765 2739 831 2788 orta
863 2740 935 2805 puto
969 2750 1007 2787 ex
1039 2734 1109 2805 quoi.
1154 2731 1223 2787 Vid.

148 2815 273 2874 Emend.
297 2816 362 2872 Liv.
385 2835 413 2890 p.
426 2815 497 2873 286.
542 2815 678 2873 Baiterus
701 2818 730 2872 A
753 2823 871 2873 secutus
894 2824 947 2872 est.
992 2815 1066 2874 Cum
1089 2834 1124 2872 eo
1147 2833 1224 2873 nunc

149 2899 255 2958 sustuli
277 2919 329 2974 que
350 2909 418 2976 post
439 2919 506 2971 eatis,
529 2901 669 2957 omissum
692 2901 780 2957 etiam
803 2901 832 2957 in
856 2899 926 2977 Β.].

235 2986 285 3043 76.
317 2989 371 3042 aiei
392 2996 439 3042 tua
460 2985 557 3060 causa)
581 2985 738 3042 Dixeritne
761 2985 865 3044 Cicero
889 2988 928 3042 tui
947 3004 1045 3054 causa,
1077 3003 1135 3041 non
1164 2994 1223 3040 tam

150 3079 261 3127 certum
284 3080 339 3140 est,
362 3081 395 3128 ut
418 3070 504 3127 nnius
527 3071 588 3129 Erl.
613 3067 658 3151 [et
680 3067 719 3149 B]
742 3070 798 3126 fide
822 3070 863 3125 sic
885 3070 1070 3127 scribendum
1095 3069 1222 3145 putarim

150 3152 270 3235 [nedum
292 3165 475 3231 repugnante
498 3174 576 3213 nunc
598 3165 700 3230 aperta
720 3151 774 3233 A]‚
797 3155 851 3211 etsi
875 3155 937 3230 ipse
961 3155 991 3211 in
1014 3155 1094 3212 Lael.
1109 3155 1146 3212 57
1171 3174 1222 3229 op·

150 3241 229 3298 timis
257 3241 341 3299 codd.
371 3242 536 3314 obsequens
566 3241 645 3296 edidi
667 3244 752 3297 nostri
772 3260 856 3297 cucuso
880 3237 945 3320 [ubi
968 3258 1045 3296 nunc
1067 3239 1125 3296 duo
1148 3240 1223 3296 antiq

150 3325 284 3401 quissimi
316 3336 410 3383 nostru
444 3322 615 3403 dederuntl,
650 3325 678 3381 in
707 3327 794 3383 Verr.
823 3325 885 3394 111,
905 3325 969 3387 '121
1000 3325 1154 3399 Zumptius
1182 3328 1226 3381 etsi

149 3430 241 3469 caasa.
284 3411 320 3468 In
347 3411 491 3480 Aradii,
508 3412 566 3467 120
590 3429 665 3466 nunc
688 3410 823 3467 editore
845 3409 979 3484 pluribus
1002 3419 1031 3466 et
1054 3410 1225 3467 melioribus

150 3495 300 3553 codicibus
329 3507 421 3553 nostru
448 3515 541 3553 caasa.
586 3496 632 3552 Da
657 3495 723 3551 Div.
749 3496 794 3559 IL
822 3497 879 3552 126
903 3495 1108 3552 auctoritatem
1132 3513 1224 3569 paene

150 3580 260 3637 nnllam
283 3582 371 3638 habet
393 3585 478 3637 nostri
499 3600 596 3649 aarum
626 3581 681 3636 hoc
709 3580 773 3655 ipso
802 3581 878 3637 libro
903 3582 942 3637 60
965 3580 995 3636 in
1019 3581 1133 3639 duobus
1156 3580 1224 3639 Gzii

150 3665 243 3734 codd,
268 3666 336 3724 Bas.
361 3674 390 3722 et
413 3664 491 3723 Gud.
520 3669 550 3735 1,
574 3673 637 3721 erat
658 3668 815 3723 arnicauso.
861 3665 979 3722 Dictum
1002 3665 1045 3722 sic
1066 3666 1224 3740 aliquando

151 3768 229 3819 esse,
263 3750 394 3806 declarat
422 3751 510 3806 etiam
540 3749 661 3808 Servius
689 3751 727 3807 ad
754 3750 881 3809 Aeneid.
905 3751 982 3820 ΧΙΙ,
1008 3751 1057 3806 29.
1102 3752 1225 3807 Praeter

151 3833 322 3893 Ciceronem
345 3836 423 3909 apud
447 3835 576 3893 Plinium
599 3837 638 3892 ll.
656 3836 693 3892 N.
718 3836 833 3905 11,155
857 3836 1010 3912 legebatur
1032 3837 1117 3891 sioetri
1131 3854 1223 3899 caetea,

151 3917 242 3996 [nuuc
265 3938 281 3975 e
304 3920 387 3976 codd.
410 3919 531 3997 nostra];
555 3920 676 3994 Ulpiani
700 3930 730 3976 et
751 3921 910 3995 Papiniani
933 3921 1030 3989 locos,
1053 3937 1126 3993 quos
1150 3920 1224 3976 Vos-

151 4005 212 4084 sius
228 4004 275 4076 (de
294 3994 402 4062 constr}
421 4024 445 4062 c.
459 4007 511 4079 57)
529 4005 682 4080 significat,
706 4024 764 4061 non
788 4006 906 4062 vacavit
928 4022 1050 4080 operose
1073 4022 1224 4077 quaerere.

152 4089 246 4147 Multo
270 4100 367 4147 tamen
391 4090 539 4148 difficilior
561 4090 676 4146 videtur
699 4089 789 4146 fuisse
817 4090 847 4146 in
869 4108 968 4147 caliace
990 4089 1107 4145 nornine
1131 4098 1225 4146 trans·

151 4173 208 4232 itus
235 4193 253 4230 a
282 4176 449 4250 possessiva
478 4174 572 4232 forma
600 4175 637 4230 ad
664 4175 842 4232 obiectivum
869 4175 1037 4250 genetivum
1066 4171 1135 4254 [Gr.
1160 4175 1225 4231 Lat.

152 4263 165 4329 5
189 4260 249 4316 297
274 4263 292 4317 b
315 4278 380 4316 cum
404 4257 495 4339 notis]
518 4279 621 4334 quam,
650 4260 728 4333 quod
756 4278 846 4327 unum
874 4277 966 4335 genus
994 4258 1056 4315 eius
1085 4259 1225 4316 transitus

150 4353 302 4419 praeterea
325 4346 402 4420 apud
426 4345 599 4404 Ciceronem
623 4345 775 4419 reperitur,
802 4345 830 4401 in
854 4343 1046 4401 substantivis
1069 4362 1224 4420 personam

150 4440 283 4505 agentem
296 4430 539 4507 ‘significantibus
562 4432 714 4503 (accessator
735 4434 787 4487 orei
808 4449 861 4505 pro
883 4431 977 4500 ortena).
1010 4427 1127 4499 Cetera,
1150 4447 1225 4503 quae
