<?xml version="1.0" encoding="UTF-8"?>
<!DOCTYPE html PUBLIC "-//W3C//DTD XHTML 1.0 Transitional//EN"
    "http://www.w3.org/TR/xhtml1/DTD/xhtml1-transitional.dtd">
<html xmlns="http://www.w3.org/1999/xhtml" xml:lang="en" lang="en">
 <head>
  <title>
</title>
<meta http-equiv="Content-Type" content="text/html;charset=utf-8" />
  <meta name='ocr-system' content='tesseract 3.04.00' />
  <meta name='ocr-capabilities' content='ocr_page ocr_carea ocr_par ocr_line ocrx_word'/>
</head>
<body>
  <div class='ocr_page' id='page_1' title='image "./mtulliiciceroni35cicegoog/mtulliiciceroni35cicegoog_0609.png"; bbox 0 0 3030 5086; ppageno 0'>
   <div class='ocr_carea' id='block_1_1' title="bbox 277 478 1042 548">
    <p class='ocr_par' dir='ltr' id='par_1_1' title="bbox 277 478 1042 548">
     <span class='ocr_line' id='line_1_1' title="bbox 277 478 1042 548; baseline -0.005 -4"><span class='ocrx_word' id='word_1_1' title='bbox 277 478 343 545; x_wconf 79' lang='lat'>614</span> <span class='ocrx_word' id='word_1_2' title='bbox 667 495 712 541; x_wconf 82' lang='lat' dir='ltr'>nn</span> <span class='ocrx_word' id='word_1_3' title='bbox 734 493 865 541; x_wconf 87' lang='lat' dir='ltr'>rmmns</span> <span class='ocrx_word' id='word_1_4' title='bbox 887 492 958 540; x_wconf 86' lang='lat' dir='ltr'>non.</span> <span class='ocrx_word' id='word_1_5' title='bbox 1036 538 1042 548; x_wconf 88' lang='grc'>,</span> 
     </span>
    </p>
   </div>
   <div class='ocr_carea' id='block_1_2' title="bbox 237 663 1357 1255">
    <p class='ocr_par' dir='ltr' id='par_1_2' title="bbox 237 663 1357 1255">
     <span class='ocr_line' id='line_1_2' title="bbox 277 663 1354 746; baseline -0.001 -17"><span class='ocrx_word' id='word_1_6' title='bbox 277 663 383 746; x_wconf 89' lang='lat' dir='ltr'>paria,</span> <span class='ocrx_word' id='word_1_7' title='bbox 411 681 540 744; x_wconf 88' lang='lat' dir='ltr'>eosque,</span> <span class='ocrx_word' id='word_1_8' title='bbox 568 663 622 744; x_wconf 91' lang='lat' dir='ltr'>qui</span> <span class='ocrx_word' id='word_1_9' title='bbox 650 669 763 728; x_wconf 88' lang='lat' dir='ltr'>natura</span> <span class='ocrx_word' id='word_1_10' title='bbox 790 663 992 745; x_wconf 80' lang='lat' dir='ltr'>doctrinaque</span> <span class='ocrx_word' id='word_1_11' title='bbox 1018 665 1111 746; x_wconf 83' lang='lat' dir='ltr'>longe</span> <span class='ocrx_word' id='word_1_12' title='bbox 1139 666 1180 729; x_wconf 88' lang='lat' dir='ltr'>ad</span> <span class='ocrx_word' id='word_1_13' title='bbox 1201 665 1354 730; x_wconf 81' lang='lat' dir='ltr'>virtutem</span> 
     </span>
     <span class='ocr_line' id='line_1_3' title="bbox 275 765 1356 848; baseline 0.002 -18"><span class='ocrx_word' id='word_1_14' title='bbox 275 765 512 847; x_wconf 60' lang='lat' dir='ltr'>processissent„</span> <span class='ocrx_word' id='word_1_15' title='bbox 534 765 592 830; x_wconf 88' lang='lat' dir='ltr'>nisi</span> <span class='ocrx_word' id='word_1_16' title='bbox 615 765 798 848; x_wconf 84' lang='lat' dir='ltr'>campiano</span> <span class='ocrx_word' id='word_1_17' title='bbox 820 766 977 831; x_wconf 83' lang='lat' dir='ltr'>consecuti</span> <span class='ocrx_word' id='word_1_18' title='bbox 998 775 1116 846; x_wconf 88' lang='lat' dir='ltr'>essent,</span> <span class='ocrx_word' id='word_1_19' title='bbox 1139 785 1258 832; x_wconf 89' lang='lat' dir='ltr'>summe</span> <span class='ocrx_word' id='word_1_20' title='bbox 1280 784 1356 832; x_wconf 88' lang='lat' dir='ltr'>csse</span> 
     </span>
     <span class='ocr_line' id='line_1_4' title="bbox 276 867 1353 950; baseline 0 -18"><span class='ocrx_word' id='word_1_21' title='bbox 276 868 417 946; x_wconf 89' lang='lat' dir='ltr'>miseros,</span> <span class='ocrx_word' id='word_1_22' title='bbox 440 885 540 948; x_wconf 89' lang='lat' dir='ltr'>neque</span> <span class='ocrx_word' id='word_1_23' title='bbox 561 867 642 933; x_wconf 91' lang='lat' dir='ltr'>inter</span> <span class='ocrx_word' id='word_1_24' title='bbox 658 886 765 932; x_wconf 91' lang='lat' dir='ltr'>eorum</span> <span class='ocrx_word' id='word_1_25' title='bbox 781 868 878 933; x_wconf 87' lang='lat' dir='ltr'>vitam</span> <span class='ocrx_word' id='word_1_26' title='bbox 895 874 925 933; x_wconf 92' lang='lat' dir='ltr'>et</span> <span class='ocrx_word' id='word_1_27' title='bbox 942 868 1239 950; x_wconf 86' lang='lat' dir='ltr'>improbissimorum</span> <span class='ocrx_word' id='word_1_28' title='bbox 1257 869 1353 949; x_wconf 91' lang='lat' dir='ltr'>quid-</span> 
     </span>
     <span class='ocr_line' id='line_1_5' title="bbox 277 969 1355 1051; baseline 0.001 -18"><span class='ocrx_word' id='word_1_29' title='bbox 277 988 372 1051; x_wconf 84' lang='lat' dir='ltr'>quam</span> <span class='ocrx_word' id='word_1_30' title='bbox 394 969 519 1034; x_wconf 92' lang='lat' dir='ltr'>omnino</span> <span class='ocrx_word' id='word_1_31' title='bbox 541 970 701 1050; x_wconf 87' lang='lat' dir='ltr'>interesse,</span> <span class='ocrx_word' id='word_1_32' title='bbox 723 977 758 1035; x_wconf 90' lang='lat' dir='ltr'>ut</span> <span class='ocrx_word' id='word_1_33' title='bbox 774 970 872 1049; x_wconf 86' lang='lat' dir='ltr'>Plato,</span> <span class='ocrx_word' id='word_1_34' title='bbox 894 976 1000 1034; x_wconf 90' lang='lat' dir='ltr'>tantus</span> <span class='ocrx_word' id='word_1_35' title='bbox 1021 970 1072 1036; x_wconf 89' lang='lat' dir='ltr'>ille</span> <span class='ocrx_word' id='word_1_36' title='bbox 1094 972 1150 1048; x_wconf 91' lang='lat' dir='ltr'>vir,</span> <span class='ocrx_word' id='word_1_37' title='bbox 1173 971 1200 1034; x_wconf 93' lang='lat' dir='ltr'>si</span> <span class='ocrx_word' id='word_1_38' title='bbox 1222 971 1355 1051; x_wconf 87' lang='lat' dir='ltr'>sapiens</span> 
     </span>
     <span class='ocr_line' id='line_1_6' title="bbox 237 1070 1357 1155; baseline 0 -19"><span class='ocrx_word' id='word_1_39' title='bbox 237 1070 476 1150; x_wconf 80' lang='lat' dir='ltr'>bnonlnerit,</span> <span class='ocrx_word' id='word_1_40' title='bbox 510 1072 602 1137; x_wconf 89' lang='lat' dir='ltr'>nihilo</span> <span class='ocrx_word' id='word_1_41' title='bbox 631 1072 740 1138; x_wconf 90' lang='lat' dir='ltr'>melius</span> <span class='ocrx_word' id='word_1_42' title='bbox 769 1091 862 1153; x_wconf 85' lang='lat' dir='ltr'>quam</span> <span class='ocrx_word' id='word_1_43' title='bbox 890 1071 991 1152; x_wconf 88' lang='lat' dir='ltr'>quivis</span> <span class='ocrx_word' id='word_1_44' title='bbox 1019 1073 1265 1155; x_wconf 86' lang='lat' dir='ltr'>improbissimus</span> <span class='ocrx_word' id='word_1_45' title='bbox 1293 1089 1357 1137; x_wconf 90' lang='lat' dir='ltr'>nec</span> 
     </span>
     <span class='ocr_line' id='line_1_7' title="bbox 278 1172 1354 1255; baseline 0 -17"><span class='ocrx_word' id='word_1_46' title='bbox 278 1172 402 1238; x_wconf 89' lang='lat' dir='ltr'>beatius</span> <span class='ocrx_word' id='word_1_47' title='bbox 429 1173 547 1238; x_wconf 84' lang='lat' dir='ltr'>vixerit</span> <span class='ocrx_word' id='word_1_48' title='bbox 596 1175 682 1239; x_wconf 87' lang='lat' dir='ltr'>Haec</span> <span class='ocrx_word' id='word_1_49' title='bbox 709 1174 853 1239; x_wconf 87' lang='lat' dir='ltr'>videlicet</span> <span class='ocrx_word' id='word_1_50' title='bbox 883 1180 932 1239; x_wconf 88' lang='lat' dir='ltr'>est</span> <span class='ocrx_word' id='word_1_51' title='bbox 958 1175 1108 1238; x_wconf 76' lang='lat' dir='ltr'>conectio</span> <span class='ocrx_word' id='word_1_52' title='bbox 1135 1173 1354 1255; x_wconf 80' lang='lat' dir='ltr'>philosophiae</span> 
     </span>
    </p>
   </div>
   <div class='ocr_carea' id='block_1_3' title="bbox 217 1275 1357 2481">
    <p class='ocr_par' dir='ltr' id='par_1_3' title="bbox 217 1275 1357 2481">
     <span class='ocr_line' id='line_1_8' title="bbox 277 1275 1354 1357; baseline -0.001 -16"><span class='ocrx_word' id='word_1_53' title='bbox 277 1275 393 1341; x_wconf 81' lang='lat' dir='ltr'>veteris</span> <span class='ocrx_word' id='word_1_54' title='bbox 416 1282 448 1341; x_wconf 89' lang='lat' dir='ltr'>et</span> <span class='ocrx_word' id='word_1_55' title='bbox 468 1275 659 1354; x_wconf 85' lang='lat' dir='ltr'>emendatio,</span> <span class='ocrx_word' id='word_1_56' title='bbox 689 1295 769 1357; x_wconf 88' lang='lat' dir='ltr'>qnae</span> <span class='ocrx_word' id='word_1_57' title='bbox 796 1276 920 1340; x_wconf 90' lang='lat' dir='ltr'>omnino</span> <span class='ocrx_word' id='word_1_58' title='bbox 949 1278 1066 1342; x_wconf 87' lang='lat' dir='ltr'>aditum</span> <span class='ocrx_word' id='word_1_59' title='bbox 1095 1276 1211 1341; x_wconf 90' lang='lat' dir='ltr'>nullum</span> <span class='ocrx_word' id='word_1_60' title='bbox 1233 1276 1354 1341; x_wconf 89' lang='lat' dir='ltr'>habere</span> 
     </span>
     <span class='ocr_line' id='line_1_9' title="bbox 277 1367 1353 1460; baseline 0 -18"><span class='ocrx_word' id='word_1_61' title='bbox 277 1384 383 1460; x_wconf 87' lang='lat' dir='ltr'>potest</span> <span class='ocrx_word' id='word_1_62' title='bbox 403 1378 434 1441; x_wconf 94' lang='lat' dir='ltr'>in</span> <span class='ocrx_word' id='word_1_63' title='bbox 453 1378 570 1458; x_wconf 91' lang='lat' dir='ltr'>urbem,</span> <span class='ocrx_word' id='word_1_64' title='bbox 592 1379 623 1443; x_wconf 93' lang='lat' dir='ltr'>in</span> <span class='ocrx_word' id='word_1_65' title='bbox 639 1377 751 1458; x_wconf 87' lang='lat' dir='ltr'>forum,</span> <span class='ocrx_word' id='word_1_66' title='bbox 772 1379 805 1442; x_wconf 91' lang='lat' dir='ltr'>in</span> <span class='ocrx_word' id='word_1_67' title='bbox 822 1378 948 1442; x_wconf 91' lang='lat' dir='ltr'>curiam.</span> <span class='ocrx_word' id='word_1_68' title='bbox 983 1379 1059 1459; x_wconf 86' lang='lat' dir='ltr'>Quis</span> <span class='ocrx_word' id='word_1_69' title='bbox 1076 1367 1158 1444; x_wconf 87' lang='lat' dir='ltr'>enim</span> <span class='ocrx_word' id='word_1_70' title='bbox 1174 1377 1257 1443; x_wconf 82' lang='lat' dir='ltr'>ferre</span> <span class='ocrx_word' id='word_1_71' title='bbox 1275 1395 1353 1460; x_wconf 94' lang='lat' dir='ltr'>pos-</span> 
     </span>
     <span class='ocr_line' id='line_1_10' title="bbox 278 1479 1357 1562; baseline -0.002 -17"><span class='ocrx_word' id='word_1_72' title='bbox 278 1486 327 1545; x_wconf 87' lang='lat' dir='ltr'>set</span> <span class='ocrx_word' id='word_1_73' title='bbox 348 1479 394 1544; x_wconf 88' lang='lat' dir='ltr'>ita</span> <span class='ocrx_word' id='word_1_74' title='bbox 414 1480 590 1562; x_wconf 90' lang='lat' dir='ltr'>loquentem</span> <span class='ocrx_word' id='word_1_75' title='bbox 613 1500 699 1559; x_wconf 90' lang='lat' dir='ltr'>eum,</span> <span class='ocrx_word' id='word_1_76' title='bbox 728 1481 780 1562; x_wconf 90' lang='lat' dir='ltr'>qni</span> <span class='ocrx_word' id='word_1_77' title='bbox 808 1499 842 1545; x_wconf 89' lang='lat' dir='ltr'>se</span> <span class='ocrx_word' id='word_1_78' title='bbox 869 1487 1027 1545; x_wconf 82' lang='lat' dir='ltr'>auctorem</span> <span class='ocrx_word' id='word_1_79' title='bbox 1050 1481 1133 1546; x_wconf 81' lang='lat' dir='ltr'>vitae</span> <span class='ocrx_word' id='word_1_80' title='bbox 1159 1481 1357 1562; x_wconf 81' lang='lat' dir='ltr'>gravitaret</span> 
     </span>
     <span class='ocr_line' id='line_1_11' title="bbox 217 1581 1354 1667; baseline -0.002 -20"><span class='ocrx_word' id='word_1_81' title='bbox 217 1582 260 1647; x_wconf 90' lang='grc'>10</span> <span class='ocrx_word' id='word_1_82' title='bbox 279 1582 438 1663; x_wconf 91' lang='lat' dir='ltr'>sapienter</span> <span class='ocrx_word' id='word_1_83' title='bbox 465 1582 606 1663; x_wconf 83' lang='lat' dir='ltr'>agendae</span> <span class='ocrx_word' id='word_1_84' title='bbox 627 1581 840 1664; x_wconf 88' lang='lat' dir='ltr'>profiteretur,</span> <span class='ocrx_word' id='word_1_85' title='bbox 872 1582 1010 1667; x_wconf 91' lang='lat' dir='ltr'>[nomina</span> <span class='ocrx_word' id='word_1_86' title='bbox 1032 1602 1135 1648; x_wconf 92' lang='lat' dir='ltr'>rerum</span> <span class='ocrx_word' id='word_1_87' title='bbox 1159 1589 1354 1647; x_wconf 91' lang='lat' dir='ltr'>commutan-</span> 
     </span>
     <span class='ocr_line' id='line_1_12' title="bbox 277 1683 1354 1767; baseline -0.002 -18"><span class='ocrx_word' id='word_1_88' title='bbox 277 1683 365 1767; x_wconf 77' lang='lat' dir='ltr'>tem]</span> <span class='ocrx_word' id='word_1_89' title='bbox 389 1703 520 1765; x_wconf 89' lang='lat' dir='ltr'>cumque</span> <span class='ocrx_word' id='word_1_90' title='bbox 536 1685 616 1749; x_wconf 91' lang='lat' dir='ltr'>idem</span> <span class='ocrx_word' id='word_1_91' title='bbox 634 1685 771 1765; x_wconf 81' lang='lat' dir='ltr'>sentiret,</span> <span class='ocrx_word' id='word_1_92' title='bbox 794 1686 877 1766; x_wconf 93' lang='lat' dir='ltr'>quod</span> <span class='ocrx_word' id='word_1_93' title='bbox 900 1704 1015 1762; x_wconf 92' lang='lat' dir='ltr'>omnes,</span> <span class='ocrx_word' id='word_1_94' title='bbox 1038 1686 1149 1766; x_wconf 89' lang='lat' dir='ltr'>quibus</span> <span class='ocrx_word' id='word_1_95' title='bbox 1167 1686 1258 1750; x_wconf 90' lang='lat' dir='ltr'>rebus</span> <span class='ocrx_word' id='word_1_96' title='bbox 1275 1702 1354 1748; x_wconf 88' lang='lat' dir='ltr'>ean·</span> 
     </span>
     <span class='ocr_line' id='line_1_13' title="bbox 279 1785 1355 1867; baseline 0 -17"><span class='ocrx_word' id='word_1_97' title='bbox 279 1786 351 1851; x_wconf 92' lang='lat' dir='ltr'>dem</span> <span class='ocrx_word' id='word_1_98' title='bbox 373 1787 435 1850; x_wconf 87' lang='lat' dir='ltr'>vim</span> <span class='ocrx_word' id='word_1_99' title='bbox 456 1788 620 1866; x_wconf 89' lang='lat' dir='ltr'>tribueret,</span> <span class='ocrx_word' id='word_1_100' title='bbox 647 1787 709 1852; x_wconf 88' lang='lat' dir='ltr'>alia</span> <span class='ocrx_word' id='word_1_101' title='bbox 737 1786 862 1851; x_wconf 91' lang='lat' dir='ltr'>nomina</span> <span class='ocrx_word' id='word_1_102' title='bbox 883 1785 1105 1867; x_wconf 88' lang='lat' dir='ltr'>imponentem,</span> <span class='ocrx_word' id='word_1_103' title='bbox 1133 1788 1230 1853; x_wconf 89' lang='lat' dir='ltr'>verba</span> <span class='ocrx_word' id='word_1_104' title='bbox 1256 1787 1355 1851; x_wconf 92' lang='lat' dir='ltr'>modo</span> 
     </span>
     <span class='ocr_line' id='line_1_14' title="bbox 278 1887 1352 1972; baseline -0.001 -20"><span class='ocrx_word' id='word_1_105' title='bbox 278 1895 463 1966; x_wconf 83' lang='lat' dir='ltr'>mutantem,</span> <span class='ocrx_word' id='word_1_106' title='bbox 493 1892 532 1956; x_wconf 89' lang='lat' dir='ltr'>de</span> <span class='ocrx_word' id='word_1_107' title='bbox 558 1889 754 1972; x_wconf 88' lang='lat' dir='ltr'>opinionibus</span> <span class='ocrx_word' id='word_1_108' title='bbox 782 1887 858 1952; x_wconf 95' lang='lat' dir='ltr'>nihil</span> <span class='ocrx_word' id='word_1_109' title='bbox 886 1888 1122 1953; x_wconf 78' lang='lat' dir='ltr'>detrahentem?</span> <span class='ocrx_word' id='word_1_110' title='bbox 1165 1892 1214 1954; x_wconf 77' lang='lat'>22.</span> <span class='ocrx_word' id='word_1_111' title='bbox 1238 1889 1352 1954; x_wconf 91' lang='lat' dir='ltr'>Patro-</span> 
     </span>
     <span class='ocr_line' id='line_1_15' title="bbox 279 1990 1351 2073; baseline 0.001 -20"><span class='ocrx_word' id='word_1_112' title='bbox 279 2008 379 2057; x_wconf 92' lang='lat' dir='ltr'>nusne</span> <span class='ocrx_word' id='word_1_113' title='bbox 401 2008 513 2056; x_wconf 79' lang='lat' dir='ltr'>musae</span> <span class='ocrx_word' id='word_1_114' title='bbox 535 1991 565 2055; x_wconf 92' lang='lat' dir='ltr'>in</span> <span class='ocrx_word' id='word_1_115' title='bbox 587 1991 709 2073; x_wconf 83' lang='lat' dir='ltr'>epilogo</span> <span class='ocrx_word' id='word_1_116' title='bbox 731 2008 789 2072; x_wconf 93' lang='lat' dir='ltr'>pro</span> <span class='ocrx_word' id='word_1_117' title='bbox 808 2009 860 2055; x_wconf 89' lang='lat' dir='ltr'>reo</span> <span class='ocrx_word' id='word_1_118' title='bbox 878 1990 984 2055; x_wconf 90' lang='lat' dir='ltr'>dicens</span> <span class='ocrx_word' id='word_1_119' title='bbox 1001 1998 1132 2072; x_wconf 86' lang='lat' dir='ltr'>negaret</span> <span class='ocrx_word' id='word_1_120' title='bbox 1148 2010 1218 2056; x_wconf 91' lang='lat' dir='ltr'>esse</span> <span class='ocrx_word' id='word_1_121' title='bbox 1234 1991 1351 2055; x_wconf 88' lang='lat' dir='ltr'>malum</span> 
     </span>
     <span class='ocr_line' id='line_1_16' title="bbox 219 2080 1353 2174; baseline 0 -18"><span class='ocrx_word' id='word_1_122' title='bbox 219 2091 260 2158; x_wconf 82' lang='lat' dir='ltr'>lb</span> <span class='ocrx_word' id='word_1_123' title='bbox 281 2094 419 2174; x_wconf 85' lang='lat' dir='ltr'>exilium,</span> <span class='ocrx_word' id='word_1_124' title='bbox 442 2093 680 2174; x_wconf 86' lang='lat' dir='ltr'>publicationem</span> <span class='ocrx_word' id='word_1_125' title='bbox 702 2080 875 2157; x_wconf 80' lang='lat' dir='ltr'>bonorum?</span> <span class='ocrx_word' id='word_1_126' title='bbox 902 2091 980 2157; x_wconf 89' lang='lat' dir='ltr'>baec</span> <span class='ocrx_word' id='word_1_127' title='bbox 1001 2093 1157 2158; x_wconf 87' lang='lat' dir='ltr'>reicienda</span> <span class='ocrx_word' id='word_1_128' title='bbox 1178 2112 1260 2172; x_wconf 89' lang='lat' dir='ltr'>esse,</span> <span class='ocrx_word' id='word_1_129' title='bbox 1289 2112 1353 2157; x_wconf 92' lang='lat' dir='ltr'>non</span> 
     </span>
     <span class='ocr_line' id='line_1_17' title="bbox 279 2195 1352 2278; baseline -0.001 -18"><span class='ocrx_word' id='word_1_130' title='bbox 279 2195 448 2277; x_wconf 80' lang='lat' dir='ltr'>hrgienda?</span> <span class='ocrx_word' id='word_1_131' title='bbox 470 2214 527 2261; x_wconf 88' lang='lat' dir='ltr'>nec</span> <span class='ocrx_word' id='word_1_132' title='bbox 547 2195 779 2261; x_wconf 89' lang='lat' dir='ltr'>misericordem</span> <span class='ocrx_word' id='word_1_133' title='bbox 802 2195 932 2259; x_wconf 89' lang='lat' dir='ltr'>indicem</span> <span class='ocrx_word' id='word_1_134' title='bbox 950 2214 1020 2260; x_wconf 91' lang='lat' dir='ltr'>esse</span> <span class='ocrx_word' id='word_1_135' title='bbox 1036 2197 1202 2278; x_wconf 80' lang='lat' dir='ltr'>oportere?</span> <span class='ocrx_word' id='word_1_136' title='bbox 1223 2196 1258 2260; x_wconf 93' lang='lat' dir='ltr'>ln</span> <span class='ocrx_word' id='word_1_137' title='bbox 1276 2213 1352 2260; x_wconf 92' lang='lat' dir='ltr'>con-</span> 
     </span>
     <span class='ocr_line' id='line_1_18' title="bbox 279 2296 1354 2378; baseline -0.002 -15"><span class='ocrx_word' id='word_1_138' title='bbox 279 2298 363 2363; x_wconf 91' lang='lat' dir='ltr'>tione</span> <span class='ocrx_word' id='word_1_139' title='bbox 386 2303 489 2363; x_wconf 91' lang='lat' dir='ltr'>antem</span> <span class='ocrx_word' id='word_1_140' title='bbox 512 2296 540 2361; x_wconf 88' lang='lat' dir='ltr'>si</span> <span class='ocrx_word' id='word_1_141' title='bbox 560 2296 752 2378; x_wconf 88' lang='lat' dir='ltr'>loqueretur,</span> <span class='ocrx_word' id='word_1_142' title='bbox 783 2298 809 2362; x_wconf 88' lang='lat' dir='ltr'>si</span> <span class='ocrx_word' id='word_1_143' title='bbox 830 2296 989 2362; x_wconf 90' lang='lat' dir='ltr'>Hannibal</span> <span class='ocrx_word' id='word_1_144' title='bbox 1015 2298 1056 2361; x_wconf 88' lang='lat' dir='ltr'>ad</span> <span class='ocrx_word' id='word_1_145' title='bbox 1083 2306 1192 2378; x_wconf 89' lang='lat' dir='ltr'>portas</span> <span class='ocrx_word' id='word_1_146' title='bbox 1214 2296 1354 2362; x_wconf 88' lang='lat' dir='ltr'>venisset</span> 
     </span>
     <span class='ocr_line' id='line_1_19' title="bbox 279 2399 1353 2481; baseline -0.001 -18"><span class='ocrx_word' id='word_1_147' title='bbox 279 2417 464 2480; x_wconf 90' lang='lat' dir='ltr'>murumque</span> <span class='ocrx_word' id='word_1_148' title='bbox 491 2399 590 2463; x_wconf 86' lang='lat' dir='ltr'>iaculo</span> <span class='ocrx_word' id='word_1_149' title='bbox 618 2399 805 2476; x_wconf 87' lang='lat' dir='ltr'>traiecisset,</span> <span class='ocrx_word' id='word_1_150' title='bbox 838 2405 968 2481; x_wconf 81' lang='lat' dir='ltr'>negaret</span> <span class='ocrx_word' id='word_1_151' title='bbox 994 2417 1063 2464; x_wconf 90' lang='lat' dir='ltr'>esse</span> <span class='ocrx_word' id='word_1_152' title='bbox 1095 2399 1126 2463; x_wconf 94' lang='lat' dir='ltr'>in</span> <span class='ocrx_word' id='word_1_153' title='bbox 1155 2399 1244 2463; x_wconf 91' lang='lat' dir='ltr'>malis</span> <span class='ocrx_word' id='word_1_154' title='bbox 1271 2399 1353 2479; x_wconf 89' lang='lat' dir='ltr'>capi,</span> 
     </span>
    </p>
   </div>
   <div class='ocr_carea' id='block_1_4' title="bbox 276 2602 1354 2874">
    <p class='ocr_par' dir='ltr' id='par_1_4' title="bbox 276 2602 1354 2874">
     <span class='ocr_line' id='line_1_20' title="bbox 347 2602 1354 2667; baseline 0 -17"><span class='ocrx_word' id='word_1_155' title='bbox 347 2608 368 2654; x_wconf 59' lang='grc' dir='ltr'>ἣ,</span> <span class='ocrx_word' id='word_1_156' title='bbox 391 2602 460 2667; x_wconf 83' lang='lat' dir='ltr'>piene</span> <span class='ocrx_word' id='word_1_157' title='bbox 485 2603 571 2665; x_wconf 81' lang='lat' dir='ltr'>LPrng</span> <span class='ocrx_word' id='word_1_158' title='bbox 581 2602 670 2652; x_wconf 83' lang='lat' dir='ltr'>CROr.</span> <span class='ocrx_word' id='word_1_159' title='bbox 725 2609 747 2654; x_wconf 82' lang='lat' dir='ltr'>b.</span> <span class='ocrx_word' id='word_1_160' title='bbox 772 2603 979 2667; x_wconf 78' lang='lat' dir='ltr'>inprobatissimus</span> <span class='ocrx_word' id='word_1_161' title='bbox 1002 2603 1023 2651; x_wconf 73' lang='lat'>1,</span> <span class='ocrx_word' id='word_1_162' title='bbox 1076 2607 1098 2652; x_wconf 83' lang='grc'>6,</span> <span class='ocrx_word' id='word_1_163' title='bbox 1118 2605 1198 2652; x_wconf 83' lang='lat' dir='ltr'>beatos</span> <span class='ocrx_word' id='word_1_164' title='bbox 1220 2602 1264 2650; x_wconf 81' lang='lat' dir='ltr'>EL</span> <span class='ocrx_word' id='word_1_165' title='bbox 1308 2618 1354 2651; x_wconf 83' lang='lat' dir='ltr'>nec</span> 
     </span>
     <span class='ocr_line' id='line_1_21' title="bbox 278 2670 1352 2736; baseline 0 -18"><span class='ocrx_word' id='word_1_166' title='bbox 278 2671 464 2735; x_wconf 65' lang='lat' dir='ltr'>(prohoemii</span> <span class='ocrx_word' id='word_1_167' title='bbox 517 2671 630 2736; x_wconf 76' lang='lat' dir='ltr'>correptio</span> <span class='ocrx_word' id='word_1_168' title='bbox 649 2670 739 2720; x_wconf 79' lang='lat' dir='ltr'>ELPR</span> <span class='ocrx_word' id='word_1_169' title='bbox 809 2676 830 2723; x_wconf 81' lang='lat' dir='ltr'>t.</span> <span class='ocrx_word' id='word_1_170' title='bbox 851 2681 872 2721; x_wconf 91' lang='lat' dir='ltr'>et</span> <span class='ocrx_word' id='word_1_171' title='bbox 890 2688 939 2722; x_wconf 89' lang='lat' dir='ltr'>om.</span> <span class='ocrx_word' id='word_1_172' title='bbox 959 2675 981 2720; x_wconf 81' lang='lat' dir='ltr'>R</span> <span class='ocrx_word' id='word_1_173' title='bbox 1033 2672 1117 2721; x_wconf 69' lang='lat' dir='ltr'>aeterra</span> <span class='ocrx_word' id='word_1_174' title='bbox 1134 2670 1352 2734; x_wconf 64' lang='lat' dir='ltr'>orrendatiopnel,</span> 
     </span>
     <span class='ocr_line' id='line_1_22' title="bbox 276 2738 1353 2806; baseline 0 -19"><span class='ocrx_word' id='word_1_175' title='bbox 276 2738 362 2788; x_wconf 81' lang='lat' dir='ltr'>habere</span> <span class='ocrx_word' id='word_1_176' title='bbox 380 2738 467 2788; x_wconf 83' lang='lat' dir='ltr'>nnllam</span> <span class='ocrx_word' id='word_1_177' title='bbox 477 2739 587 2791; x_wconf 79' lang='lat' dir='ltr'>LPcor.</span> <span class='ocrx_word' id='word_1_178' title='bbox 628 2746 664 2790; x_wconf 85' lang='grc'>10.</span> <span class='ocrx_word' id='word_1_179' title='bbox 684 2740 809 2805; x_wconf 76' lang='lat' dir='ltr'>apendaE</span> <span class='ocrx_word' id='word_1_180' title='bbox 850 2748 885 2789; x_wconf 75' lang='lat' dir='ltr'>l‘t.</span> <span class='ocrx_word' id='word_1_181' title='bbox 901 2740 1014 2806; x_wconf 89' lang='lat' dir='ltr'>non(pro</span> <span class='ocrx_word' id='word_1_182' title='bbox 1028 2741 1141 2805; x_wconf 83' lang='lat' dir='ltr'>modo)E</span> <span class='ocrx_word' id='word_1_183' title='bbox 1179 2746 1217 2792; x_wconf 82' lang='grc'>13.</span> <span class='ocrx_word' id='word_1_184' title='bbox 1233 2748 1353 2804; x_wconf 79' lang='lat' dir='ltr'>patronus</span> 
     </span>
     <span class='ocr_line' id='line_1_23' title="bbox 277 2808 1352 2874; baseline -0.001 -18"><span class='ocrx_word' id='word_1_185' title='bbox 277 2809 420 2870; x_wconf 78' lang='lat' dir='ltr'>(om.ne)ll</span> <span class='ocrx_word' id='word_1_186' title='bbox 435 2808 632 2873; x_wconf 80' lang='lat' dir='ltr'>patronnocePC</span> <span class='ocrx_word' id='word_1_187' title='bbox 671 2812 706 2862; x_wconf 83' lang='grc'>16.</span> <span class='ocrx_word' id='word_1_188' title='bbox 720 2808 910 2861; x_wconf 77' lang='lat' dir='ltr'>faciendaEPR</span> <span class='ocrx_word' id='word_1_189' title='bbox 947 2813 982 2858; x_wconf 87' lang='lat' dir='ltr'>l&#39;l.</span> <span class='ocrx_word' id='word_1_190' title='bbox 998 2810 1117 2859; x_wconf 68' lang='lat' dir='ltr'>ventrali</span> <span class='ocrx_word' id='word_1_191' title='bbox 1152 2814 1188 2860; x_wconf 81' lang='lat' dir='ltr'>la.</span> <span class='ocrx_word' id='word_1_192' title='bbox 1205 2808 1352 2874; x_wconf 66' lang='lat' dir='ltr'>naamani,</span> 
     </span>
    </p>
   </div>
   <div class='ocr_carea' id='block_1_5' title="bbox 277 2997 1354 4526">
    <p class='ocr_par' dir='ltr' id='par_1_5' title="bbox 278 2997 1354 4097">
     <span class='ocr_line' id='line_1_24' title="bbox 363 2997 1354 3073; baseline -0.001 -18"><span class='ocrx_word' id='word_1_193' title='bbox 363 3003 469 3055; x_wconf 87' lang='lat' dir='ltr'>nomina</span> <span class='ocrx_word' id='word_1_194' title='bbox 496 3019 584 3056; x_wconf 84' lang='lat' dir='ltr'>rernm</span> <span class='ocrx_word' id='word_1_195' title='bbox 611 3000 825 3073; x_wconf 77' lang='lat' dir='ltr'>commutantem)</span> <span class='ocrx_word' id='word_1_196' title='bbox 849 2999 881 3055; x_wconf 82' lang='lat' dir='ltr'>Si</span> <span class='ocrx_word' id='word_1_197' title='bbox 909 3000 981 3056; x_wconf 87' lang='lat' dir='ltr'>haec</span> <span class='ocrx_word' id='word_1_198' title='bbox 1003 2998 1107 3058; x_wconf 86' lang='lat' dir='ltr'>Cicero</span> <span class='ocrx_word' id='word_1_199' title='bbox 1130 2999 1261 3073; x_wconf 77' lang='lat' dir='ltr'>scripsit,</span> <span class='ocrx_word' id='word_1_200' title='bbox 1291 2997 1354 3072; x_wconf 87' lang='lat' dir='ltr'>pri·</span> 
     </span>
     <span class='ocr_line' id='line_1_25' title="bbox 279 3084 1352 3160; baseline 0 -21"><span class='ocrx_word' id='word_1_201' title='bbox 279 3102 357 3140; x_wconf 89' lang='lat' dir='ltr'>mum</span> <span class='ocrx_word' id='word_1_202' title='bbox 380 3084 557 3160; x_wconf 81' lang='lat' dir='ltr'>generaliter</span> <span class='ocrx_word' id='word_1_203' title='bbox 578 3086 633 3140; x_wconf 90' lang='lat' dir='ltr'>hac</span> <span class='ocrx_word' id='word_1_204' title='bbox 655 3084 819 3141; x_wconf 89' lang='lat' dir='ltr'>adiectione</span> <span class='ocrx_word' id='word_1_205' title='bbox 842 3084 981 3152; x_wconf 85' lang='lat' dir='ltr'>declarat,</span> <span class='ocrx_word' id='word_1_206' title='bbox 1005 3085 1083 3158; x_wconf 92' lang='lat' dir='ltr'>quod</span> <span class='ocrx_word' id='word_1_207' title='bbox 1106 3085 1229 3150; x_wconf 87' lang='lat' dir='ltr'>dixerat,</span> <span class='ocrx_word' id='word_1_208' title='bbox 1251 3087 1290 3139; x_wconf 84' lang='lat' dir='ltr'>ita</span> <span class='ocrx_word' id='word_1_209' title='bbox 1312 3085 1352 3140; x_wconf 85' lang='lat' dir='ltr'>io·</span> 
     </span>
     <span class='ocr_line' id='line_1_26' title="bbox 279 3168 1353 3245; baseline 0.001 -21"><span class='ocrx_word' id='word_1_210' title='bbox 279 3179 407 3242; x_wconf 77' lang='lat' dir='ltr'>quantem,</span> <span class='ocrx_word' id='word_1_211' title='bbox 431 3179 492 3226; x_wconf 88' lang='lat' dir='ltr'>tum</span> <span class='ocrx_word' id='word_1_212' title='bbox 516 3170 654 3245; x_wconf 84' lang='lat' dir='ltr'>explieat,</span> <span class='ocrx_word' id='word_1_213' title='bbox 680 3169 775 3243; x_wconf 90' lang='lat' dir='ltr'>qualis</span> <span class='ocrx_word' id='word_1_214' title='bbox 798 3170 837 3226; x_wconf 90' lang='lat' dir='ltr'>sit</span> <span class='ocrx_word' id='word_1_215' title='bbox 859 3170 930 3227; x_wconf 89' lang='lat' dir='ltr'>baec</span> <span class='ocrx_word' id='word_1_216' title='bbox 952 3170 1102 3227; x_wconf 90' lang='lat' dir='ltr'>nominum</span> <span class='ocrx_word' id='word_1_217' title='bbox 1125 3168 1313 3226; x_wconf 86' lang='lat' dir='ltr'>commutatio</span> <span class='ocrx_word' id='word_1_218' title='bbox 1333 3188 1353 3225; x_wconf 87' lang='lat' dir='ltr'>a</span> 
     </span>
     <span class='ocr_line' id='line_1_27' title="bbox 279 3254 1352 3330; baseline 0.001 -21"><span class='ocrx_word' id='word_1_219' title='bbox 279 3271 375 3310; x_wconf 90' lang='lat' dir='ltr'>rernm</span> <span class='ocrx_word' id='word_1_220' title='bbox 399 3256 599 3312; x_wconf 88' lang='lat' dir='ltr'>controversia</span> <span class='ocrx_word' id='word_1_221' title='bbox 618 3265 763 3328; x_wconf 87' lang='lat' dir='ltr'>separata,</span> <span class='ocrx_word' id='word_1_222' title='bbox 788 3264 936 3330; x_wconf 89' lang='lat' dir='ltr'>postremo</span> <span class='ocrx_word' id='word_1_223' title='bbox 955 3274 990 3311; x_wconf 87' lang='lat' dir='ltr'>ea</span> <span class='ocrx_word' id='word_1_224' title='bbox 1007 3255 1071 3329; x_wconf 90' lang='lat' dir='ltr'>ipsa</span> <span class='ocrx_word' id='word_1_225' title='bbox 1088 3255 1247 3330; x_wconf 87' lang='lat' dir='ltr'>explicatio</span> <span class='ocrx_word' id='word_1_226' title='bbox 1265 3254 1352 3327; x_wconf 86' lang='lat' dir='ltr'>qnasi</span> 
     </span>
     <span class='ocr_line' id='line_1_28' title="bbox 278 3338 1352 3415; baseline -0.001 -20"><span class='ocrx_word' id='word_1_227' title='bbox 278 3338 309 3396; x_wconf 90' lang='lat' dir='ltr'>in</span> <span class='ocrx_word' id='word_1_228' title='bbox 332 3357 473 3396; x_wconf 88' lang='lat' dir='ltr'>summam</span> <span class='ocrx_word' id='word_1_229' title='bbox 498 3341 681 3398; x_wconf 88' lang='lat' dir='ltr'>contrahitur</span> <span class='ocrx_word' id='word_1_230' title='bbox 697 3342 789 3410; x_wconf 85' lang='lat' dir='ltr'>(cerba</span> <span class='ocrx_word' id='word_1_231' title='bbox 810 3342 900 3397; x_wconf 84' lang='lat' dir='ltr'>-de</span> <span class='ocrx_word' id='word_1_232' title='bbox 922 3341 1108 3415; x_wconf 79' lang='lat' dir='ltr'>opinionibus).</span> <span class='ocrx_word' id='word_1_233' title='bbox 1142 3340 1199 3399; x_wconf 87' lang='lat' dir='ltr'>Sed</span> <span class='ocrx_word' id='word_1_234' title='bbox 1218 3349 1352 3414; x_wconf 85' lang='lat' dir='ltr'>apparet,</span> 
     </span>
     <span class='ocr_line' id='line_1_29' title="bbox 279 3423 1352 3501; baseline 0 -21"><span class='ocrx_word' id='word_1_235' title='bbox 279 3423 398 3480; x_wconf 89' lang='lat' dir='ltr'>nimiam</span> <span class='ocrx_word' id='word_1_236' title='bbox 428 3426 503 3481; x_wconf 90' lang='lat' dir='ltr'>hanc</span> <span class='ocrx_word' id='word_1_237' title='bbox 531 3444 595 3483; x_wconf 89' lang='lat' dir='ltr'>esse</span> <span class='ocrx_word' id='word_1_238' title='bbox 618 3425 774 3483; x_wconf 87' lang='lat' dir='ltr'>verborum</span> <span class='ocrx_word' id='word_1_239' title='bbox 803 3425 916 3501; x_wconf 89' lang='lat' dir='ltr'>copiam</span> <span class='ocrx_word' id='word_1_240' title='bbox 947 3435 977 3483; x_wconf 90' lang='lat' dir='ltr'>et</span> <span class='ocrx_word' id='word_1_241' title='bbox 999 3426 1173 3501; x_wconf 84' lang='lat' dir='ltr'>repetitione</span> <span class='ocrx_word' id='word_1_242' title='bbox 1197 3425 1352 3482; x_wconf 83' lang='lat' dir='ltr'>molestam</span> 
     </span>
     <span class='ocr_line' id='line_1_30' title="bbox 278 3511 1353 3585; baseline 0 -20"><span class='ocrx_word' id='word_1_243' title='bbox 278 3511 490 3583; x_wconf 80' lang='lat' dir='ltr'>(commutantem</span> <span class='ocrx_word' id='word_1_244' title='bbox 513 3544 548 3553; x_wconf 92' lang='lat'>-</span> <span class='ocrx_word' id='word_1_245' title='bbox 575 3514 744 3585; x_wconf 83' lang='lat' dir='ltr'>mutantem);</span> <span class='ocrx_word' id='word_1_246' title='bbox 772 3511 871 3584; x_wconf 86' lang='lat' dir='ltr'>itaque</span> <span class='ocrx_word' id='word_1_247' title='bbox 894 3511 1029 3568; x_wconf 87' lang='lat' dir='ltr'>Manutio</span> <span class='ocrx_word' id='word_1_248' title='bbox 1060 3512 1217 3585; x_wconf 88' lang='lat' dir='ltr'>multisque</span> <span class='ocrx_word' id='word_1_249' title='bbox 1247 3519 1353 3584; x_wconf 89' lang='lat' dir='ltr'>postea</span> 
     </span>
     <span class='ocr_line' id='line_1_31' title="bbox 278 3595 1350 3671; baseline -0.001 -20"><span class='ocrx_word' id='word_1_250' title='bbox 278 3595 380 3668; x_wconf 89' lang='lat' dir='ltr'>spuria</span> <span class='ocrx_word' id='word_1_251' title='bbox 396 3596 460 3652; x_wconf 83' lang='lat' dir='ltr'>visa</span> <span class='ocrx_word' id='word_1_252' title='bbox 478 3605 546 3653; x_wconf 89' lang='lat' dir='ltr'>sunt</span> <span class='ocrx_word' id='word_1_253' title='bbox 563 3615 599 3653; x_wconf 89' lang='lat' dir='ltr'>ea</span> <span class='ocrx_word' id='word_1_254' title='bbox 610 3597 710 3665; x_wconf 88' lang='lat' dir='ltr'>verba,</span> <span class='ocrx_word' id='word_1_255' title='bbox 733 3614 807 3670; x_wconf 87' lang='lat' dir='ltr'>quae</span> <span class='ocrx_word' id='word_1_256' title='bbox 825 3596 1016 3671; x_wconf 88' lang='lat' dir='ltr'>praescripsi;</span> <span class='ocrx_word' id='word_1_257' title='bbox 1040 3596 1212 3655; x_wconf 87' lang='lat' dir='ltr'>Schuetzins</span> <span class='ocrx_word' id='word_1_258' title='bbox 1229 3595 1350 3652; x_wconf 84' lang='lat' dir='ltr'>delevit.</span> 
     </span>
     <span class='ocr_line' id='line_1_32' title="bbox 278 3679 1350 3758; baseline 0.001 -22"><span class='ocrx_word' id='word_1_259' title='bbox 278 3679 362 3736; x_wconf 91' lang='lat' dir='ltr'>Nihil</span> <span class='ocrx_word' id='word_1_260' title='bbox 384 3689 482 3738; x_wconf 87' lang='lat' dir='ltr'>tamen</span> <span class='ocrx_word' id='word_1_261' title='bbox 511 3681 540 3738; x_wconf 92' lang='lat' dir='ltr'>in</span> <span class='ocrx_word' id='word_1_262' title='bbox 563 3682 627 3756; x_wconf 88' lang='lat' dir='ltr'>ipsa</span> <span class='ocrx_word' id='word_1_263' title='bbox 650 3682 854 3758; x_wconf 86' lang='lat' dir='ltr'>progressione</span> <span class='ocrx_word' id='word_1_264' title='bbox 877 3682 1018 3738; x_wconf 89' lang='lat' dir='ltr'>orationis</span> <span class='ocrx_word' id='word_1_265' title='bbox 1041 3693 1092 3738; x_wconf 87' lang='lat' dir='ltr'>ant</span> <span class='ocrx_word' id='word_1_266' title='bbox 1114 3683 1150 3752; x_wconf 34' lang='lat' dir='ltr'>in,</span> <span class='ocrx_word' id='word_1_267' title='bbox 1167 3682 1350 3755; x_wconf 84' lang='lat' dir='ltr'>singulorum</span> 
     </span>
     <span class='ocr_line' id='line_1_33' title="bbox 278 3765 1351 3844; baseline 0 -22"><span class='ocrx_word' id='word_1_268' title='bbox 278 3766 483 3824; x_wconf 89' lang='lat' dir='ltr'>coniunctione</span> <span class='ocrx_word' id='word_1_269' title='bbox 506 3767 604 3823; x_wconf 87' lang='lat' dir='ltr'>vitiosi</span> <span class='ocrx_word' id='word_1_270' title='bbox 627 3768 716 3841; x_wconf 84' lang='lat' dir='ltr'>(quod</span> <span class='ocrx_word' id='word_1_271' title='bbox 740 3769 806 3837; x_wconf 71' lang='lat'>§22</span> <span class='ocrx_word' id='word_1_272' title='bbox 830 3776 933 3824; x_wconf 88' lang='lat' dir='ltr'>contra</span> <span class='ocrx_word' id='word_1_273' title='bbox 955 3772 1019 3837; x_wconf 89' lang='lat' dir='ltr'>est).</span> <span class='ocrx_word' id='word_1_274' title='bbox 1064 3766 1152 3844; x_wconf 88' lang='lat' dir='ltr'>[Mox</span> <span class='ocrx_word' id='word_1_275' title='bbox 1174 3768 1208 3822; x_wconf 78' lang='lat' dir='ltr'>no</span> <span class='ocrx_word' id='word_1_276' title='bbox 1230 3786 1283 3840; x_wconf 91' lang='lat' dir='ltr'>pro</span> <span class='ocrx_word' id='word_1_277' title='bbox 1305 3765 1351 3823; x_wconf 69' lang='lat' dir='ltr'>mr]</span> 
     </span>
     <span class='ocr_line' id='line_1_34' title="bbox 278 3851 1350 3929; baseline 0.002 -23"><span class='ocrx_word' id='word_1_278' title='bbox 278 3860 436 3908; x_wconf 88' lang='lat' dir='ltr'>annotatur</span> <span class='ocrx_word' id='word_1_279' title='bbox 465 3871 480 3908; x_wconf 91' lang='lat' dir='ltr'>e</span> <span class='ocrx_word' id='word_1_280' title='bbox 510 3851 605 3927; x_wconf 71' lang='lat' dir='ltr'>Spin,</span> <span class='ocrx_word' id='word_1_281' title='bbox 635 3872 692 3909; x_wconf 94' lang='lat' dir='ltr'>non</span> <span class='ocrx_word' id='word_1_282' title='bbox 721 3872 757 3909; x_wconf 86' lang='lat' dir='ltr'>ex</span> <span class='ocrx_word' id='word_1_283' title='bbox 787 3851 837 3929; x_wconf 90' lang='lat' dir='ltr'>B.]</span> <span class='ocrx_word' id='word_1_284' title='bbox 882 3854 958 3909; x_wconf 93' lang='lat' dir='ltr'>Tum</span> <span class='ocrx_word' id='word_1_285' title='bbox 981 3854 1112 3926; x_wconf 79' lang='lat' dir='ltr'>socienda</span> <span class='ocrx_word' id='word_1_286' title='bbox 1140 3871 1193 3926; x_wconf 89' lang='lat' dir='ltr'>pro</span> <span class='ocrx_word' id='word_1_287' title='bbox 1214 3854 1350 3925; x_wconf 69' lang='lat' dir='ltr'>snpientia</span> 
     </span>
     <span class='ocr_line' id='line_1_35' title="bbox 278 3936 1350 4016; baseline 0.001 -25"><span class='ocrx_word' id='word_1_288' title='bbox 278 3936 343 3994; x_wconf 90' lang='lat' dir='ltr'>cod.</span> <span class='ocrx_word' id='word_1_289' title='bbox 374 3938 451 3993; x_wconf 86' lang='lat' dir='ltr'>arob.</span> <span class='ocrx_word' id='word_1_290' title='bbox 475 3937 578 3994; x_wconf 90' lang='lat' dir='ltr'>habuit</span> <span class='ocrx_word' id='word_1_291' title='bbox 600 3937 690 4013; x_wconf 87' lang='lat' dir='ltr'>(Spir.</span> <span class='ocrx_word' id='word_1_292' title='bbox 716 3936 785 4016; x_wconf 90' lang='lat' dir='ltr'>[B],</span> <span class='ocrx_word' id='word_1_293' title='bbox 815 3939 944 4002; x_wconf 83' lang='lat' dir='ltr'>Monac,</span> <span class='ocrx_word' id='word_1_294' title='bbox 969 3938 1046 3996; x_wconf 85' lang='lat' dir='ltr'>Oxx.</span> <span class='ocrx_word' id='word_1_295' title='bbox 1070 3940 1192 4009; x_wconf 88' lang='lat' dir='ltr'>omnes).</span> <span class='ocrx_word' id='word_1_296' title='bbox 1236 3938 1350 3993; x_wconf 87' lang='lat' dir='ltr'>Verum</span> 
     </span>
     <span class='ocr_line' id='line_1_36' title="bbox 278 4022 1183 4097; baseline 0.002 -20"><span class='ocrx_word' id='word_1_297' title='bbox 278 4022 407 4078; x_wconf 88' lang='lat' dir='ltr'>restituit</span> <span class='ocrx_word' id='word_1_298' title='bbox 429 4022 557 4097; x_wconf 90' lang='lat' dir='ltr'>prudens</span> <span class='ocrx_word' id='word_1_299' title='bbox 580 4024 693 4080; x_wconf 91' lang='lat' dir='ltr'>librarii</span> <span class='ocrx_word' id='word_1_300' title='bbox 715 4025 886 4080; x_wconf 89' lang='lat' dir='ltr'>recentioris</span> <span class='ocrx_word' id='word_1_301' title='bbox 909 4023 984 4097; x_wconf 89' lang='lat' dir='ltr'>(LC)</span> <span class='ocrx_word' id='word_1_302' title='bbox 1007 4023 1183 4080; x_wconf 87' lang='lat' dir='ltr'>coniectura.</span> 
     </span>
    </p>

    <p class='ocr_par' dir='ltr' id='par_1_6' title="bbox 277 4101 1351 4526">
     <span class='ocr_line' id='line_1_37' title="bbox 366 4101 1349 4183; baseline 0.001 -20"><span class='ocrx_word' id='word_1_303' title='bbox 366 4109 414 4163; x_wconf 77' lang='grc'>22.</span> <span class='ocrx_word' id='word_1_304' title='bbox 436 4102 594 4183; x_wconf 71' lang='lat' dir='ltr'>mitramque</span> <span class='ocrx_word' id='word_1_305' title='bbox 611 4112 697 4165; x_wconf 86' lang='lat' dir='ltr'>iacnlo</span> <span class='ocrx_word' id='word_1_306' title='bbox 715 4109 872 4182; x_wconf 83' lang='lat' dir='ltr'>traiecisset)</span> <span class='ocrx_word' id='word_1_307' title='bbox 890 4101 1054 4166; x_wconf 87' lang='lat' dir='ltr'>insolenter</span> <span class='ocrx_word' id='word_1_308' title='bbox 1072 4109 1180 4165; x_wconf 87' lang='lat' dir='ltr'>dictum</span> <span class='ocrx_word' id='word_1_309' title='bbox 1199 4116 1257 4175; x_wconf 82' lang='lat' dir='ltr'>est3</span> <span class='ocrx_word' id='word_1_310' title='bbox 1280 4124 1349 4164; x_wconf 86' lang='lat' dir='ltr'>nam</span> 
     </span>
     <span class='ocr_line' id='line_1_38' title="bbox 277 4191 1351 4268; baseline 0.002 -20"><span class='ocrx_word' id='word_1_311' title='bbox 277 4191 364 4268; x_wconf 84' lang='lat' dir='ltr'>longe</span> <span class='ocrx_word' id='word_1_312' title='bbox 387 4193 472 4249; x_wconf 87' lang='lat' dir='ltr'>aliter</span> <span class='ocrx_word' id='word_1_313' title='bbox 495 4195 601 4251; x_wconf 88' lang='lat' dir='ltr'>dicitnr</span> <span class='ocrx_word' id='word_1_314' title='bbox 616 4197 710 4267; x_wconf 80' lang='lat' dir='ltr'>jeram</span> <span class='ocrx_word' id='word_1_315' title='bbox 732 4196 811 4251; x_wconf 82' lang='lat' dir='ltr'>basta</span> <span class='ocrx_word' id='word_1_316' title='bbox 834 4198 945 4251; x_wconf 81' lang='lat' dir='ltr'>traicere</span> <span class='ocrx_word' id='word_1_317' title='bbox 966 4206 1017 4251; x_wconf 89' lang='lat' dir='ltr'>aut</span> <span class='ocrx_word' id='word_1_318' title='bbox 1033 4215 1135 4252; x_wconf 80' lang='lat' dir='ltr'>amnem</span> <span class='ocrx_word' id='word_1_319' title='bbox 1153 4197 1217 4250; x_wconf 78' lang='lat' dir='ltr'>nani</span> <span class='ocrx_word' id='word_1_320' title='bbox 1238 4197 1351 4250; x_wconf 83' lang='lat' dir='ltr'>traicere</span> 
     </span>
     <span class='ocr_line' id='line_1_39' title="bbox 277 4278 1350 4352; baseline 0.001 -19"><span class='ocrx_word' id='word_1_321' title='bbox 277 4278 328 4351; x_wconf 84' lang='lat' dir='ltr'>(ex</span> <span class='ocrx_word' id='word_1_322' title='bbox 350 4297 407 4352; x_wconf 89' lang='lat' dir='ltr'>qno</span> <span class='ocrx_word' id='word_1_323' title='bbox 431 4278 518 4335; x_wconf 89' lang='lat' dir='ltr'>etiam</span> <span class='ocrx_word' id='word_1_324' title='bbox 541 4284 627 4336; x_wconf 83' lang='lat' dir='ltr'>amnis</span> <span class='ocrx_word' id='word_1_325' title='bbox 650 4285 776 4337; x_wconf 84' lang='lat' dir='ltr'>traiectas</span> <span class='ocrx_word' id='word_1_326' title='bbox 797 4299 815 4336; x_wconf 91' lang='lat' dir='ltr'>a</span> <span class='ocrx_word' id='word_1_327' title='bbox 838 4280 923 4337; x_wconf 90' lang='lat' dir='ltr'>Livio</span> <span class='ocrx_word' id='word_1_328' title='bbox 946 4280 1079 4352; x_wconf 86' lang='lat' dir='ltr'>dicitnr),</span> <span class='ocrx_word' id='word_1_329' title='bbox 1108 4280 1159 4336; x_wconf 90' lang='lat' dir='ltr'>nbi</span> <span class='ocrx_word' id='word_1_330' title='bbox 1181 4287 1232 4334; x_wconf 93' lang='lat' dir='ltr'>aut</span> <span class='ocrx_word' id='word_1_331' title='bbox 1254 4290 1350 4335; x_wconf 86' lang='lat' dir='ltr'>trana-</span> 
     </span>
     <span class='ocr_line' id='line_1_40' title="bbox 278 4363 1350 4438; baseline 0.001 -20"><span class='ocrx_word' id='word_1_332' title='bbox 278 4363 385 4438; x_wconf 86' lang='lat' dir='ltr'>figendi</span> <span class='ocrx_word' id='word_1_333' title='bbox 402 4374 454 4420; x_wconf 89' lang='lat' dir='ltr'>ant</span> <span class='ocrx_word' id='word_1_334' title='bbox 470 4384 501 4421; x_wconf 88' lang='lat' dir='ltr'>se</span> <span class='ocrx_word' id='word_1_335' title='bbox 519 4366 735 4423; x_wconf 88' lang='lat' dir='ltr'>transmittendi</span> <span class='ocrx_word' id='word_1_336' title='bbox 752 4366 977 4422; x_wconf 89' lang='lat' dir='ltr'>instrumentum</span> <span class='ocrx_word' id='word_1_337' title='bbox 993 4365 1123 4422; x_wconf 87' lang='lat' dir='ltr'>ablativo</span> <span class='ocrx_word' id='word_1_338' title='bbox 1141 4373 1269 4422; x_wconf 87' lang='lat' dir='ltr'>notatur.</span> <span class='ocrx_word' id='word_1_339' title='bbox 1294 4363 1350 4432; x_wconf 85' lang='lat' dir='ltr'>Ea,</span> 
     </span>
     <span class='ocr_line' id='line_1_41' title="bbox 277 4449 1350 4526; baseline 0.001 -22"><span class='ocrx_word' id='word_1_340' title='bbox 277 4465 353 4521; x_wconf 82' lang='lat' dir='ltr'>queo</span> <span class='ocrx_word' id='word_1_341' title='bbox 369 4449 416 4506; x_wconf 90' lang='lat' dir='ltr'>hic</span> <span class='ocrx_word' id='word_1_342' title='bbox 434 4459 488 4518; x_wconf 88' lang='lat' dir='ltr'>est,</span> <span class='ocrx_word' id='word_1_343' title='bbox 511 4451 724 4526; x_wconf 80' lang='lat' dir='ltr'>significatione</span> <span class='ocrx_word' id='word_1_344' title='bbox 741 4451 844 4508; x_wconf 87' lang='lat' dir='ltr'>Livius</span> <span class='ocrx_word' id='word_1_345' title='bbox 862 4451 906 4508; x_wconf 91' lang='lat' dir='ltr'>bis</span> <span class='ocrx_word' id='word_1_346' title='bbox 923 4451 999 4508; x_wconf 87' lang='lat' dir='ltr'>dixit</span> <span class='ocrx_word' id='word_1_347' title='bbox 1014 4453 1139 4508; x_wconf 78' lang='lat' dir='ltr'>varitiam</span> <span class='ocrx_word' id='word_1_348' title='bbox 1155 4461 1232 4507; x_wconf 86' lang='lat' dir='ltr'>trano</span> <span class='ocrx_word' id='word_1_349' title='bbox 1248 4451 1350 4506; x_wconf 74' lang='lat' dir='ltr'>vadam</span> 
     </span>
    </p>
   </div>
   <div class='ocr_carea' id='block_1_6' title="bbox 0 0 1520 5086">
    <p class='ocr_par' dir='ltr' id='par_1_7' title="bbox 0 0 1520 5086">
     <span class='ocr_line' id='line_1_42' title="bbox 0 0 1520 5086; baseline 0 0"><span class='ocrx_word' id='word_1_350' title='bbox 0 0 1520 5086; x_wconf 95' lang='lat' dir='ltr'> </span> 
     </span>
    </p>
   </div>
  </div>
 </body>
</html>
