3030 5086
217 479 283 544 550
606 495 651 541 ns
673 495 804 543 ammas
827 496 899 543 san.

216 665 284 730 iure
306 664 517 745 responderit,
544 682 606 728 non
629 682 700 729 esse
720 683 842 744 venum,
869 664 996 730 aliunde
1016 663 1109 731 finem
1131 665 1222 730 beate
1243 665 1291 729 vi·

217 892 314 943 amnes,
337 883 362 930 et
378 875 398 930 ii
412 906 449 914 -
461 874 630 943 revertimini,
653 873 795 930 orationis
812 882 842 930 et
858 871 1021 929 sententiae
1038 890 1179 950 compage
1196 873 1291 932 disso-

217 959 288 1016 luta.
321 959 398 1016 Nam
423 975 476 1014 nec
498 957 550 1014 illa
572 956 684 1033 priora:
707 958 768 1015 Hoc
790 961 872 1032 iyitar
893 959 1023 1032 qnaeritis
1044 977 1133 1016 amnes
1150 959 1193 1016 sic
1209 977 1291 1017 seor·

216 1063 281 1101 sum
304 1042 400 1120 posite
422 1042 512 1100 ullam
536 1042 594 1100 vim
619 1044 736 1111 habent,
760 1053 789 1101 et
811 1061 930 1119 prorsus
952 1043 1127 1101 obscuratur
1148 1045 1187 1111 id,
1211 1045 1291 1120 quod

217 1139 306 1205 caput
328 1139 382 1196 est,
405 1128 485 1186 illius
507 1129 644 1204 principii
667 1129 832 1204 reperiendi
855 1147 944 1187 causa
960 1128 1151 1205 philosophos
1168 1129 1235 1188 ilios
1252 1129 1290 1187 ad

217 1225 352 1272 naturam
385 1214 511 1284 reverti3
550 1213 670 1272 conflari
704 1214 776 1271 haec
809 1214 947 1290 principii
980 1214 1157 1288 conquisitio
1190 1224 1220 1272 et
1252 1215 1290 1273 ad

216 1310 351 1357 naturam
373 1299 505 1357 reversio
527 1299 557 1356 in
580 1318 668 1356 unum
692 1299 824 1357 oratione
847 1300 943 1357 debet.
987 1299 1102 1356 Deinde
1130 1309 1155 1356 et
1181 1310 1249 1358 ante
1271 1303 1294 1358 ii

217 1386 260 1444 s'ic
288 1385 450 1443 sententias
478 1384 645 1460 coniungit,
673 1395 706 1443 ut
732 1385 772 1442 ed
798 1403 957 1460 pronomen
986 1403 1044 1441 non
1072 1385 1233 1460 pertineat;
1261 1396 1293 1444 et

215 1481 314 1528 tamen
331 1481 463 1547 apparet,
481 1471 647 1528 necessario
665 1470 707 1528 sic
724 1470 862 1546 coniungi
879 1470 966 1527 haec:
988 1480 1013 1526 et
1030 1473 1058 1539 ii,
1081 1473 1181 1545 qai-
1193 1482 1218 1528 et
1234 1491 1290 1543 ace,

217 1565 250 1615 ut
271 1556 301 1613 in
325 1556 398 1613 duee
420 1565 518 1631 partes
540 1575 629 1613 omnes
650 1556 695 1613 illi
717 1556 894 1613 dividentur.
938 1558 1038 1629 Atque
1056 1556 1112 1613 hoc
1129 1557 1292 1616 Lambinus

218 1642 361 1708 sentiens,
392 1642 439 1698 cni
461 1641 602 1698 Davisius
624 1659 761 1699 assensus
783 1651 842 1710 est,
871 1651 937 1717 post
965 1660 1010 1698 eae
1033 1641 1147 1698 addidit
1168 1645 1229 1716 qai,
1257 1651 1292 1700 nt

217 1728 277 1785 illis
299 1729 429 1802 quaeritis
451 1746 538 1784 ornnes
560 1726 755 1784 subiceretur:
778 1736 803 1783 et
824 1729 852 1794 ii,
875 1730 971 1801 qai-
987 1736 1011 1782 et
1027 1746 1081 1794 voe,
1105 1733 1160 1802 qni.
1195 1727 1292 1803 Atqui

217 1814 261 1870 sic
277 1831 391 1870 summa
407 1812 561 1883 sententia,
584 1812 622 1869 ad
639 1823 772 1869 naturam
789 1811 857 1869 illae
874 1812 982 1870 reverti
999 1812 1072 1888 cogi,
1090 1812 1138 1869 cui
1156 1813 1292 1888 proxima

217 1907 413 1956 annectuntur
440 1897 560 1971 (Quibus
587 1908 687 1954 natura
708 1899 779 1971 cet.)
807 1907 837 1953 et
863 1899 892 1954 in
921 1915 980 1972 qna
1006 1897 1102 1954 omnis
1130 1897 1291 1973 disputatio

218 1996 365 2050 versatur,
394 2003 430 2040 ex
460 1984 599 2059 primario
622 1983 686 2040 loco
708 1982 874 2040 detruditur
896 1995 925 2039 et
947 1983 1135 2054 obscuratur,
1164 1995 1194 2041 et
1220 1984 1292 2042 solis

217 2078 331 2128 tautum
342 2069 453 2131 Stoicis
470 2070 526 2126 hoc
542 2069 674 2126 accidere
686 2068 802 2126 dicitur.
837 2068 1015 2125 Laudandus
1026 2069 1117 2145 igitur
1127 2069 1176 2126 hic
1187 2068 1291 2140 Gzius,

155 2213 159 2227 ,
217 2155 267 2230 qui
280 2173 345 2211 cnm
358 2155 387 2211 in
401 2153 478 2229 Spir.
493 2154 672 2229 repperisset
683 2163 802 2228 queretee
814 2150 855 2234 [B
866 2150 1002 2233 quentie],
1015 2154 1045 2210 in
1060 2155 1126 2210 Bes.
1139 2165 1168 2211 et
1180 2152 1259 2213 Gnd.
1274 2158 1287 2212 l

218 2260 331 2316 quaeres
353 2238 444 2312 (Gud.
470 2241 488 2296 2
512 2240 674 2314 quaesitas),
703 2239 778 2296 vidit
805 2240 990 2296 scribendum
1014 2258 1092 2296 esse:
1123 2240 1183 2297 Hoc
1210 2243 1293 2315 ἱρέων

218 2335 374 2401 quaerentes
385 2345 482 2393 omnes,
500 2335 525 2381 et
536 2328 563 2395 ii,
577 2327 626 2400 qni
638 2357 688 2395 -,
705 2335 730 2380 et
740 2344 787 2382 nos
798 2326 838 2382 ad
847 2335 973 2381 naturam
984 2332 1038 2382 cet.
1061 2323 1154 2396 (Oxx.
1171 2324 1292 2384 edentes

218 2414 361 2486 quaeretie,
384 2429 401 2467 e
422 2423 449 2483 ψ
472 2419 614 2467 annotant
635 2413 772 2484 quaerite,
796 2429 812 2466 e
833 2429 851 2485 χ
873 2413 1007 2485 queritis.)
1038 2410 1116 2467 Illud
1136 2429 1193 2468 non
1212 2422 1291 2468 recte

218 2495 304 2563 fecit,
333 2497 410 2570 qnod
439 2514 578 2571 praesens
605 2498 766 2553 revertimini
786 2492 842 2574 [B]
864 2495 999 2563 retinuit,
1028 2496 1106 2569 qnod
1134 2514 1199 2552 cnm
1228 2495 1291 2568 illo,

218 2582 296 2656 qnod
326 2582 355 2637 in
379 2581 525 2637 sententia
546 2581 673 2638 relative
694 2590 755 2650 est,
785 2584 886 2649 dicent,
915 2581 997 2639 nullo
1027 2581 1112 2637 modo
1141 2582 1292 2659 congruit3

217 2667 290 2723 satis
313 2667 389 2723 enim
413 2685 449 2723 ex
472 2685 508 2723 eo
531 2674 669 2741 apparet,
697 2667 776 2741 quod
804 2667 893 2723 etiam
921 2685 958 2722 ex
982 2667 1134 2740 superiore
1156 2669 1293 2742 reperietis

217 2751 413 2829 intellegitur,
443 2750 631 2819 Ciceronem,
660 2751 744 2826 qnasi
767 2752 867 2809 conari
890 2761 919 2808 et
942 2753 1104 2826 pericnlum
1127 2751 1224 2810 facere
1247 2751 1293 2809 in·

218 2838 344 2907 bentem,
366 2837 395 2893 in
419 2855 506 2911 qnam
531 2837 734 2894 necessitatem
757 2836 874 2893 venturi
896 2836 964 2906 sint,
988 2837 1165 2913 praedicere.
1200 2838 1294 2896 Recte

217 2922 307 2999 igitur
329 2941 394 2980 cnm
412 2923 438 2979 P
455 2933 554 2979 nostro
574 2920 654 2993 „fere
667 2922 773 2985 Pane.
792 2922 901 2992 Maed,
919 2921 995 2982 CCC
1010 2922 1137 2995 „aliique
1154 2923 1292 2981 codicee⁴⁶

218 3008 344 3078 Davisii,
367 3006 482 3066 Gune
507 3008 615 3065 habent
637 3010 803 3065 revertemini
823 3008 913 3083 (quod
937 3006 1062 3065 Manutii
1086 3007 1241 3066 ediderunt
1263 3017 1296 3066 et

218 3104 286 3170 post
313 3112 363 3151 eos
391 3091 488 3161 Oxx.,
522 3093 572 3172 qni
601 3111 740 3169 praesens
768 3102 911 3150 annotant
938 3111 974 3149 ex
1004 3087 1074 3167 ξψ),
1104 3082 1167 3150 siv'e
1194 3094 1225 3151 id
1253 3113 1293 3152 ex

217 3178 318 3236 codice
340 3178 499 3255 archetypo
521 3188 669 3236 servatum
694 3174 741 3259 [nt
763 3179 850 3236 etiam
868 3178 898 3234 in
916 3180 944 3234 A
968 3173 1069 3257 inerit]
1094 3179 1156 3236 sive
1178 3197 1295 3237 correc-

217 3265 298 3322 tione
320 3273 419 3321 natum
443 3273 496 3320 est.
542 3263 721 3339 Saepissime
743 3264 820 3321 enim
836 3254 922 3320 'baec
951 3264 1015 3339 ipsa
1037 3263 1134 3321 forme
1155 3265 1240 3322 verbi
1261 3265 1293 3323 iu

217 3368 357 3426 praesens
380 3358 517 3409 mutatur.
554 3348 690 3408 Ceterum
709 3349 804 3406 minus
820 3358 905 3406 acute
923 3347 1027 3407 Cicero
1045 3349 1087 3405 sic
1104 3349 1219 3407 locntne
1236 3362 1294 3423 est,

218 3444 252 3493 nt
273 3436 443 3493 Aristonem
466 3435 503 3491 ab
526 3435 747 3492 occurrentibus
769 3443 799 3491 et
822 3435 938 3492 Stoicos
966 3453 984 3490 a
1013 3453 1128 3491 summo
1157 3435 1233 3492 bono
1260 3436 1295 3494 in

218 3540 278 3579 uua
300 3521 408 3578 virtute
437 3520 534 3596 posito
562 3519 600 3576 ad
628 3531 762 3577 naturam
785 3529 966 3577 revertentes
988 3520 1193 3596 coniungeret:
1223 3538 1294 3578 narn

219 3607 322 3664 Aristo
340 3625 397 3663 non
415 3606 452 3663 ab
464 3605 685 3684 occurrentibus
697 3605 734 3662 ad
747 3615 881 3662 naturam
893 3606 1107 3674 revertebatur,
1125 3606 1175 3663 sed
1188 3606 1295 3665 Aristo

219 3699 249 3748 et
260 3691 353 3750 Stoici
370 3710 388 3747 a
405 3692 551 3748 communi
569 3710 683 3749 summo
702 3692 778 3748 bono
795 3691 945 3748 discedere
956 3692 1051 3748 coacti
1069 3691 1119 3747 ille
1136 3692 1173 3748 ad
1190 3709 1294 3749 occur·

218 3776 314 3834 rentia
326 3774 514 3852 confugiebat
526 3779 647 3851 (penitae
664 3796 681 3832 a
698 3786 797 3833 natura
808 3779 932 3834 recedere
944 3781 959 3847 §
973 3778 1035 3848 43),
1054 3777 1084 3832 hi
1097 3776 1133 3833 ad
1147 3777 1296 3854 principia

218 3872 341 3919 naturae
358 3862 589 3919 revertebantur.
622 3863 669 3919 Ac
687 3863 806 3938 nequis
824 3862 899 3919 hanc
915 3861 1117 3920 confusionem
1136 3881 1180 3934 ee,
1203 3882 1294 3938 qnam

218 3957 336 4006 secutus
357 3965 430 4017 sum,
454 3948 634 4003 correctione
658 3948 686 4003 in
700 3946 851 4005 Ciceronis
874 3948 1036 4005 orationem
1061 3948 1209 4005 inductam
1227 3967 1295 4007 esse

219 4033 310 4103 dicat,
339 4052 376 4091 ex
399 4051 457 4108 qua
479 4036 645 4089 renertnnini
665 4032 792 4107 pertinet
814 4033 901 4090 etiam
925 4034 962 4090 ad
985 4043 1009 4090 et
1031 4037 1058 4102 ii,
1082 4044 1205 4109 apparet
1226 4053 1294 4092 eam

218 4118 315 4175 inesse
342 4118 372 4175 in
396 4128 459 4175 tota
480 4118 688 4193 disputationis
715 4116 811 4175 forma
837 4128 868 4175 et
894 4119 923 4174 in
953 4119 998 4175 his
1026 4119 1099 4193 ipsis
1123 4119 1235 4177 verbis:
1264 4123 1295 4190 ii,

219 4208 279 4279 qai
302 4237 338 4246 -
363 4205 464 4271 dicent3
492 4203 617 4260 relativa
644 4203 723 4260 enim
751 4205 897 4260 sententia
924 4205 1054 4261 continet
1076 4204 1120 4274 id,
1150 4204 1229 4279 quod
1251 4205 1297 4263 ite

220 4289 333 4359 dicunt,
367 4301 399 4347 ut
426 4301 523 4346 tamen
551 4288 624 4345 aiibi
652 4289 828 4364 principium
863 4308 1003 4363 quaerere
1031 4299 1181 4366 cogantur.
1233 4288 1295 4364 Qui

219 4375 311 4449 ipsius
334 4375 485 4434 Ciceronis
508 4375 598 4431 verbe
625 4375 787 4431 sententiae
811 4373 944 4432 veritatis
966 4393 1055 4432 causa
1077 4375 1217 4432 mutanda
1239 4395 1296 4452 pu·

219 4459 308 4529 tabit,
332 4460 374 4517 sic
396 4460 519 4517 scribet:
541 4460 601 4517 Hoc
623 4463 706 4534 r'qitnr
727 4470 882 4534 quaerentes
905 4480 994 4517 omnes
1016 4471 1040 4517 et
1061 4463 1102 4518 iili
1123 4461 1191 4533 (boc
1213 4461 1294 4520 enim
