3030 5086
251 465 319 530 530
648 483 692 528 nu
715 455 845 528 aruceus
869 481 940 527 eon.

254 652 389 716 retineat
409 669 429 714 a
451 651 552 732 primo
570 651 610 714 ad
627 640 808 715 extremum.
853 651 902 715 33.
927 650 1090 727 Quomodo
1105 649 1201 729 igitur·
1218 650 1335 724 evenit,

254 763 289 816 ut
317 751 449 816 hominis
478 760 592 816 nature
619 751 685 816 sola
712 761 809 828 esset,
842 768 924 831 quae
950 749 1103 815 hominem
1132 751 1333 831 relinqueret,

254 872 334 934 quac
356 853 589 918 oblivisceretur
610 853 765 933 eorporis,
794 870 874 932 qrree
901 869 1054 915 summum
1076 851 1192 916 bonum
1213 872 1274 917 non
1297 853 1332 916 iu

255 962 320 1019 toto
332 954 464 1033 homine,
480 955 537 1020 sed
554 954 585 1018 in
604 961 694 1034 parte
710 953 841 1017 hominis
858 953 1010 1033 poneret?
1044 954 1205 1032 Quomodo
1217 962 1334 1033 autern,

215 1057 339 1137 bquocl
361 1056 421 1137 ipsi
444 1057 538 1120 etiem
560 1053 698 1120 fatentur
719 1064 903 1135 constatque
924 1054 1007 1118 inter
1025 1072 1142 1132 omnes,
1165 1073 1334 1120 conscrva-

254 1157 347 1234 bitur‚
369 1163 405 1220 ut
421 1156 519 1221 simile
536 1157 577 1221 sit
593 1155 729 1220 omnium
747 1166 929 1220 naturarum
946 1155 1023 1219 illud
1040 1155 1189 1235 ultimum,
1211 1158 1251 1221 de
1267 1175 1334 1238 quo

255 1258 438 1341 quaeritur?
482 1259 562 1322 Tum
590 1257 672 1323 enim
700 1265 784 1322 esset
811 1257 924 1335 simile,
955 1257 980 1320 si
1008 1257 1038 1321 in
1067 1257 1179 1322 ceteris
1206 1277 1334 1339 quoque

257 1360 376 1424 cratoris
399 1360 431 1423 id
453 1359 564 1440 cuique
586 1365 670 1423 esset
691 1359 839 1437 ultimum,
863 1359 948 1439 quod
969 1360 1001 1423 in
1017 1377 1141 1440 quaque
1158 1359 1332 1424 excelleret

256 1462 333 1526 Tale
355 1462 436 1526 eninr
459 1461 558 1526 visum
581 1467 630 1525 est
651 1460 792 1524 ultimum
810 1458 992 1524 Stoicorum.
1026 1462 1076 1525 34.
1100 1461 1182 1537 Quin
1204 1460 1335 1526 dubites

328 1652 347 1699 l.
367 1664 412 1711 quo
432 1646 475 1697 PC
525 1654 547 1697 l.
566 1647 732 1712 ponereturll
767 1646 851 1710 quoP
905 1650 927 1697 6.
948 1647 1048 1695 omniurn
1067 1645 1176 1697 naturale
1196 1647 1333 1698 liPCliOr.

250 1715 468 1833 iretimnuliirdilli
507 1723 530 1764 et
552 1719 610 1780 (pro
627 1714 659 1778 ei)
679 1715 699 1763 L
753 1719 776 1763 9.
801 1713 875 1764 udum
897 1723 959 1764 esset
976 1729 1077 1775 omnes,
1100 1714 1142 1766 Or.
1166 1730 1222 1764 cum
1246 1715 1334 1764 mendi

257 1959 360 2013 borum
383 1950 539 2033 ordinem]
573 1955 668 2013 Pnulo
690 1965 759 2012 ante
781 1965 843 2012 erent
862 1954 955 2013 Gzius
978 1974 994 2011 e
1017 1955 1146 2029 quinque
1170 1956 1229 2012 suis
1252 1956 1334 2013 codi-

257 2043 339 2098 cibus
362 2036 426 2121 [B].

344 2127 392 2183 33.
426 2125 562 2194 Quomodo
589 2125 683 2200 initur)
708 2125 785 2182 Vict.
814 2133 842 2180 et
866 2124 954 2182 Grut.
986 2143 1001 2180 e
1026 2125 1100 2181 Pall.
1124 2125 1253 2199 quinque
1276 2120 1333 2200 (ξχ,

257 2211 388 2278 Gzianis‚
412 2210 544 2285 exeeptis
568 2209 628 2266 Erl.
652 2220 681 2265 ct
704 2210 796 2285 Spin.)
818 2229 871 2283 quo
894 2213 988 2282 ipiturg
1013 2210 1071 2265 viu.
1094 2210 1131 2266 nd
1155 2211 1195 2280 ΙΙ,
1220 2210 1270 2268 53.

342 2296 553 2364 conservabitur,
578 2305 606 2351 ut
627 2295 711 2351 simile
733 2298 767 2351 sit
789 2298 904 2351 omnimo.
926 2305 1085 2350 rroturorunr
1108 2297 1176 2352 iilud
1198 2293 1335 2373 reltimum)

258 2382 307 2440 Sic
331 2381 481 2438 blnnutius
510 2379 651 2449 correxit,
680 2379 836 2436 accedente
859 2389 958 2435 vetere
982 2379 1095 2454 Sigonii
1125 2381 1215 2449 libro*
1245 2399 1335 2455 quem

257 2467 351 2542 ipsum
376 2465 560 2522 emendatum
586 2464 675 2521 inisse
698 2474 831 2539 apparet,
855 2474 887 2522 ut
905 2464 1076 2521 Leidensem
1103 2484 1195 2521 meum
1214 2474 1252 2525 et.
1277 2465 1336 2522 nisi

257 2551 406 2608 silentium
429 2549 515 2616 tellit,
540 2544 581 2618 Εξ
604 2548 693 2618 Onu,
717 2549 906 2623 obsecutique
929 2558 997 2605 sunt
1019 2550 1136 2606 veritati
1162 2550 1334 2620 Lambinus,

260 2635 407 2704 Davisius,
421 2634 658 2710 nuperKernius.
682 2633 780 2692 Ceteri
793 2652 858 2690 cum
872 2634 1032 2704 codicibus,
1046 2631 1147 2714 [etiarn
1158 2632 1205 2714 B]:
1217 2640 1334 2693 omnium

258 2722 381 2777 rioturuie
397 2721 466 2777 illuri
483 2722 610 2776 ultimum.
645 2717 758 2776 Orellio
781 2726 877 2774 tamen
897 2720 1017 2775 utilimum
1034 2723 1157 2776 riuturnie
1173 2724 1244 2795 (quo
1262 2720 1334 2794 quid

257 2816 302 2862 est
324 2805 402 2879 quod
424 2805 517 2881 magis
540 2823 557 2860 a
580 2812 711 2860 veterum
735 2803 975 2878 pbilosophorum
993 2812 1022 2860 et
1039 2804 1190 2862 Ciceronis
1209 2823 1265 2861 usu
1280 2807 1333 2861 ab·

258 2888 407 2962 horreati)
430 2900 459 2946 et
483 2892 601 2945 ultimum
623 2891 708 2945 simile
729 2892 843 2944 om'rriunr
861 2891 932 2963 (quo
955 2888 1024 2963 quid
1049 2900 1146 2965 potest
1167 2889 1334 2966 excogitari

258 2972 431 3051 nugaciusil
455 2993 512 3030 non
541 2973 692 3030 ferendum
718 2974 811 3030 visum
835 2984 894 3042 est3
922 2974 1022 3047 itaque
1050 2975 1234 3031 scribendum
1264 2993 1335 3031 con·

258 3061 341 3130 iecit,
372 3059 451 3134 quod
479 3059 547 3115 hino
570 3059 599 3115 in
628 3059 809 3132 superiorem
833 3059 927 3116 locum
952 3057 1045 3117 Gaius
1068 3060 1220 3116 intulerat:
1249 3063 1337 3118 simile

258 3149 292 3202 eit
320 3148 434 3201 omnium
461 3145 638 3204 riuturoiium.
667 3145 829 3214 sententia,
864 3153 894 3199 ut
922 3145 1050 3201 ostendi.
1080 3145 1172 3201 nihilo
1201 3145 1334 3204 meliore.

258 3230 365 3288 Gzium
389 3229 462 3285 nihil
485 3229 657 3295 conturbat3
686 3230 770 3286 simile
797 3233 911 3285 oninium
933 3231 1056 3285 riaturoie
1079 3230 1142 3286 vult
1164 3248 1228 3286 esse
1250 3233 1337 3288 oinn'le

257 3321 372 3371 omniurn
401 3317 565 3370 naturalium
587 3316 724 3383 ruiwale,
753 3332 828 3388 quae
852 3314 981 3370 brevitas
1004 3313 1107 3372 Ottoni
1136 3333 1194 3371 non
1219 3315 1337 3372 videtur

259 3400 429 3469 „Ciceronis
453 3399 602 3475 propria“.
648 3399 738 3456 Vocis
760 3408 920 3455 naturarum
942 3398 1056 3482 syllaba
1083 3399 1188 3455 ultima
1210 3400 1336 3458 obscure

256 3494 358 3542 notata
381 3494 410 3541 et
425 3484 541 3541 omissa
558 3485 603 3558 (ut
621 3485 678 3553 ΙΙΙ,
698 3485 715 3540 3
739 3503 986 3558 comprecatam,
1012 3487 1050 3539 42
1071 3481 1130 3564 [iilo
1148 3481 1191 3563 et]
1210 3488 1256 3541 iilo
1280 3504 1337 3561 pro

256 3573 374 3641 illorum)
398 3570 512 3645 peperit
535 3569 645 3626 codicis
667 3568 818 3645 archetypi
844 3569 990 3627 mendum.

349 3656 413 3712 Tale
440 3658 507 3711 enim
530 3657 614 3710 er'eurn
641 3665 680 3710 eet
709 3656 827 3710 ultimum
851 3654 1013 3726 Stoicorum)
1037 3654 1111 3710 'l'ale
1134 3654 1210 3711 enim
1234 3654 1336 3728 (quale

260 3759 335 3796 nrrne
354 3740 425 3807 uixi,
444 3750 477 3795 ut
493 3747 607 3796 tantum
625 3738 687 3794 eius
706 3738 807 3813 pertis,
826 3738 947 3812 quaein
967 3738 1084 3794 homine
1102 3739 1237 3807 excellat,
1257 3739 1335 3796 ratio

259 3827 414 3896 habeatur)
443 3824 527 3880 nobis
558 3827 647 3896 (nrrnc
676 3823 884 3897 quaerentibus
918 3833 947 3878 et
980 3823 1210 3898 disputantibus)
1238 3824 1336 3881 visum

258 3920 302 3966 est
326 3910 490 3967 Stoicorum
515 3909 648 3965 ultimum
674 3911 700 3982 (ξ
720 3909 850 3981 ⁴28cet).
896 3909 999 3982 ltaque
1019 3919 1079 3964 tum
1099 3908 1214 3964 demum
1239 3908 1337 3965 simile

259 3996 313 4051 hoo
337 3996 482 4050 humanae
505 4002 626 4050 naturae
650 4003 812 4049 extremum
831 4002 860 4049 et
877 4004 1038 4049 ceterarum
1059 4002 1227 4048 naturarum
1247 4004 1337 4063 essct,

259 4082 282 4136 si
303 4081 390 4136 etiarn
412 4079 440 4134 in
458 4078 564 4134 ceteris
582 4079 610 4134 id
629 4088 707 4135 esset
724 4078 868 4145 ultimum,
888 4078 965 4152 quod
984 4079 1013 4133 in
1031 4096 1148 4151 qrraquo
1166 4077 1336 4134 excelleret.

261 4165 421 4238 Perspicua
448 4173 493 4219 cst
520 4164 683 4219 sententiae
707 4164 873 4239 progressio
901 4182 954 4219 nco
983 4163 1071 4218 (lubia
1095 4162 1237 4219 correctio
1261 4161 1338 4218 levis

259 4251 392 4307 codicum
411 4248 518 4316 mendi,
540 4248 568 4304 in
587 4248 693 4320 quibus
710 4249 861 4304 scribitur:
890 4249 954 4304 Tele
971 4251 1038 4304 enirn
1056 4251 1140 4304 uisum
1162 4257 1251 4303 esset
1273 4248 1338 4303 uiti·

261 4357 329 4391 nnnn
350 4337 508 4393 Stoicormn.
544 4332 762 4391 Conclicionelis
780 4332 874 4389 oratio
892 4333 1001 4390 nrrllom
1021 4333 1140 4389 omnino
1158 4332 1337 4389 sententiam

260 4422 356 4478 babet.
401 4419 480 4493 Quid
502 4418 663 4493 disputatio
687 4419 862 4492 requireret,
888 4417 1022 4474 Bremius
1046 4418 1134 4480 vidit,
1163 4417 1214 4475 secl
1237 4415 1339 4475 infeli-
