3030 5086
423 467 467 513 nr
490 460 572 513 nnn:
594 466 657 513 nm.
679 467 716 513 ιιι
737 467 810 516 cnr.
835 470 940 516 1⁴-1s
956 447 1093 532 (te-ra.)
1227 452 1293 519 425

218 635 281 703 Sed
297 654 486 717 quamquam
503 636 692 720 negantum
707 635 839 702 virtutes
856 653 914 702 nee
929 635 1006 702 vitia
1019 655 1170 717 crescere,
1190 643 1293 704 temen

218 739 384 819 nunrmdue
401 756 508 804 eorum
524 740 612 811 sinodi
629 740 765 831 quodem
781 741 875 806 modo
891 741 1024 821 etquasi
1035 739 1159 805 dilatari
1170 747 1293 820 putent.

218 839 269 906 49.
302 840 435 906 Divitias
462 851 566 911 antem
592 849 748 922 Diogenes
776 851 882 908 censet
914 860 976 908 non
1009 860 1078 908 enm
1110 843 1203 907 modo
1231 842 1293 906 vim

290 1031 309 1076 i.
328 1037 410 1091 repant
428 1027 547 1081 LPMOR
589 1043 611 1084 ot
627 1045 706 1087 tamar
726 1025 935 1094 [nlssnprsnor.
977 1036 999 1078 ct
1017 1027 1110 1078 induc
1160 1032 1183 1076 2.
1205 1026 1295 1094 [modi

218 1109 266 1145 om.
287 1094 321 1162 A]
359 1100 612 1153 ³.0emeae1>ntcn
645 1111 758 1155 mtrem.
781 1093 1223 1163 [n1npmssrranop.pooeamc

304 1267 361 1326 Sed
392 1288 557 1346 quamquam
585 1307 626 1347 ,-
654 1271 755 1352 tomor)
783 1274 946 1346 Postquam
978 1269 1015 1327 de
1043 1269 1162 1326 decreto
1190 1267 1292 1327 Stoico
1399 1264 1405 1278 “

218 1354 412 1424 asseveravit,
442 1357 577 1435 adiungit
604 1362 770 1418 cautionem
798 1366 828 1414 et
849 1355 1064 1430 exceptionem.
1108 1353 1215 1428 Ncpuut
1237 1372 1291 1429 pro

216 1447 310 1513 nepam
330 1438 418 1495 etiam
438 1436 510 1521 [A],
539 1443 617 1520 Spir.
637 1442 692 1527 [B]
720 1454 750 1502 et
771 1442 815 1500 ed.
841 1430 949 1510 Me'rsi,
978 1439 1166 1514 restituitque
1188 1437 1292 1498 Gaius.

217 1523 293 1603 Tum
311 1522 341 1580 in
358 1523 534 1604 codd.‚([B.]
547 1548 602 1606 mg.
616 1530 707 1600 Crat,
725 1522 777 1597 Εξ,
795 1526 864 1587 Gzii
878 1525 1026 1598 omnibns)
1038 1535 1068 1582 et
1084 1523 1151 1582 edd.
1159 1523 1292 1599 antiquis

217 1609 319 1682 (lunt,
336 1609 436 1678 Mors,
450 1612 543 1686 vict.)
559 1625 637 1673 eret:
659 1634 777 1674 cresccre
792 1622 818 1670 et
834 1622 921 1669 tamen
937 1612 967 1684 (χ
984 1628 1100 1667 cresccre
1116 1610 1166 1666 sed
1182 1613 1291 1682 morere),

216 1692 324 1750 litteris
345 1713 360 1751 e
381 1703 411 1751 et
427 1705 437 1752 t
453 1714 489 1754 ea
504 1699 619 1757 ratione
629 1699 796 1777 geminetis,
819 1697 856 1754 de
873 1713 932 1770 qua
948 1694 985 1752 ad
996 1695 1039 1766 II,
1052 1695 1092 1752 84
1104 1693 1178 1754 dixi.
1213 1694 1308 1762 Hine¹

215 1778 316 1838 neseio
333 1778 400 1854 quis
411 1781 506 1839 editor
522 1783 590 1841 iecit
607 1796 636 1843 ot
653 1796 748 1857 mmm,
767 1782 846 1858 qnod
858 1781 982 1838 Arcens.
1000 1788 1030 1837 et
1044 1778 1126 1838 Crat.
1145 1787 1176 1836 et
1192 1797 1210 1836 e
1226 1779 1292 1837 Ma·

216 1863 301 1922 nutio
322 1882 424 1922 omnes
445 1868 670 1928 nnteOrellinm
694 1871 811 1928 babent.
857 1865 925 1941 (Ed.
946 1883 973 1922 a
988 1864 1069 1922 1480
1091 1872 1171 1921 recte
1193 1873 1290 1923 tumen.

216 1949 264 2008 De
286 1947 399 2008 Orellio
421 1969 492 2008 mox
520 1954 637 2029 dicam.)
690 1956 749 2016 Sed
771 1963 801 2011 ot
822 1955 864 2026 (ot
888 1984 924 1994 -
950 1952 1049 2024 tumen)
1072 1958 1134 2007 tum
1156 1947 1291 2021 infertur,

217 2051 283 2092 eum
312 2034 407 2092 oratio
434 2036 472 2093 ad
500 2038 595 2097 minue
617 2041 783 2109 descendit,
811 2038 837 2095 si
865 2036 959 2094 mains
987 2034 1099 2110 aliquid
1126 2032 1204 2092 effici
1232 2053 1291 2092 non

217 2126 329 2196 potest;
362 2120 428 2189 ubi,
456 2130 490 2178 nt
516 2123 578 2192 hic,
613 2134 726 2182 tantum
755 2120 1082 2196 admonitioquaedam
1105 2120 1292 2178 econtrario

215 2222 324 2281 genere
341 2205 520 2282 adiungitur,
542 2209 570 2266 ei
592 2210 753 2285 particulae
775 2209 858 2266 locus
880 2206 999 2264 omnino
1021 2205 1120 2263 nullus
1142 2213 1195 2263 est
1229 2203 1292 2280 Op·

216 2297 343 2366 ponetur
365 2289 449 2349 Orat.
476 2294 550 2350 113:
582 2294 754 2370 Quamquam
780 2295 858 2351 aliud
882 2293 989 2348 videtur
1010 2294 1095 2348 oratio
1116 2309 1187 2359 area,
1215 2291 1293 2365 alind

216 2375 378 2450 dr'epntotio,
407 2394 454 2434 uec
475 2380 544 2434 idem
567 2381 642 2454 loqui
661 2400 732 2452 esse,
756 2381 830 2453 qnod
850 2379 950 2447 diem,
979 2385 1009 2432 at
1035 2385 1121 2432 tumen
1149 2383 1293 2448 utrumqne

216 2462 244 2517 ia
265 2460 422 2518 disserendo
443 2472 490 2519 est.
536 2463 595 2523 Sed
617 2466 642 2522 si
664 2465 737 2523 haec
760 2472 839 2521 recte
861 2463 903 2519 ita
925 2461 1036 2536 scripta
1057 2468 1165 2529 essent,
1188 2460 1292 2517 abesse

217 2563 276 2602 non
298 2553 424 2620 poterat,
448 2555 480 2604 nt
502 2548 664 2607 Lambinus
686 2550 793 2620 sensit,
822 2547 910 2605 hninn
931 2545 1096 2604 sententiae
1117 2562 1183 2602 cum
1205 2562 1292 2620 supe·

216 2629 295 2688 riore
317 2630 498 2689 coniunctio:
532 2632 702 2710 Quamquam
730 2640 798 2692 euim
825 2634 903 2690 uimd
929 2640 984 2688 eet.
1030 2629 1137 2689 Cicero
1165 2629 1291 2706 primum

217 2733 271 2792 per
292 2734 457 2791 quamquam
480 2719 653 2793 perticulam
676 2716 922 2792 annectit,‘qnod
944 2715 1089 2791 superiori
1112 2714 1291 2772 eontrarium

217 2816 283 2858 esee
310 2800 445 2859 videatur
473 2812 501 2859 et
529 2805 740 2862 correctionem
770 2804 893 2861 habere:
926 2801 1098 2876 Quamquam
1122 2834 1161 2842 -
1190 2802 1291 2868 diccrc;

217 2884 322 2942 deinde
350 2885 407 2942 hoc
428 2897 561 2945 removet
583 2890 643 2946 elie
664 2889 826 2946 sententie:
856 2886 903 2944 Ae
925 2897 1011 2943 tomen
1033 2894 1089 2943 cet.
1133 2884 1291 2942 Fusionem

216 2969 357 3027 virtutum
382 2980 411 3028 et
433 2971 570 3030 vitiorum
590 2973 665 3033 Cato
688 2993 752 3031 eam
775 2974 892 3030 videtur
914 2972 1021 3040 dicere,
1043 2988 1120 3046 quoe
1142 2969 1201 3036 fiet,
1224 2986 1291 3026 cnm

216 3054 305 3112 latior
326 3055 363 3113 iia
386 3074 505 3133 campus
533 3067 563 3115 et
590 3060 710 3116 uberior
732 3058 856 3116 materie
878 3057 976 3126 detur,
1005 3065 1038 3113 nt
1060 3055 1174 3114 Seneca
1196 3053 1291 3129 Epist.

219 3141 275 3211 74,
300 3141 355 3197 28:
385 3143 469 3198 Modo
491 3145 572 3200 latine
594 3148 679 3202 virtus
695 3147 879 3218 funditur,
903 3161 1000 3216 repon,
1024 3141 1117 3211 urbas,
1136 3142 1292 3215 provincius

218 3235 359 3300 temperat,
387 3228 447 3299 fert
468 3229 552 3300 iopes,
586 3232 646 3286 coiit
668 3232 813 3296 amicitias,
848 3232 917 3284 inter
945 3229 1113 3302 propinquos
1145 3226 1293 3299 liberosque

217 3311 357 3386 dispensem
378 3313 480 3384 efficto,
514 3315 592 3370 modo
619 3325 679 3370 arto
699 3316 757 3388 fine
784 3314 968 3371 circumdatur
992 3314 1177 3387 puerpertutis,
1211 3313 1292 3380 eriiii,

216 3395 337 3453 orbitatis
360 3405 416 3454 cet.

303 3480 354 3538 49.
379 3481 498 3538 Dim'tr'as
520 3483 621 3562 antem)
643 3484 765 3543 Transit
788 3482 863 3542 Cato
885 3483 922 3540 ad
945 3483 1033 3540 aliam
1056 3501 1117 3539 rem
1141 3481 1293 3556 explican-

216 3563 284 3622 dam
311 3566 414 3622 eodem
444 3568 544 3627 modo,
573 3588 631 3644 quo
659 3575 674 3639 5
698 3571 737 3626 33
767 3570 885 3642 (Bonum
908 3572 1008 3641 mrtem)
1036 3576 1066 3624 et
1094 3571 1108 3636 5
1133 3567 1171 3623 36
1195 3567 1293 3638 (Omne

216 3652 326 3723 notem).
371 3652 476 3726 Neque
499 3654 575 3709 enim
600 3654 669 3721 hoc,
700 3655 778 3727 qnod
801 3654 836 3710 de
860 3654 1027 3711 divitiorum
1052 3653 1080 3711 vi
1104 3661 1133 3709 et
1154 3653 1292 3709 aestima·

217 3734 296 3793 tione
318 3736 525 3811 interponitur,
548 3755 613 3795 cum
636 3739 787 3814 superiore
810 3738 1010 3815 disputatione
1029 3740 1065 3796 de
1082 3738 1240 3795 virtutibus
1263 3747 1293 3795 et

217 3821 304 3878 beata
336 3821 398 3877 vita
430 3822 538 3898 gradus
571 3841 629 3880 non
662 3823 839 3881 habentibus
871 3825 1017 3882 cohaeret.
1066 3823 1137 3880 Alio
1164 3823 1291 3897 quodam

217 3905 303 3963 modo
325 3923 390 3963 cnm
415 3925 451 3963 ea
472 3909 681 3977 controversia,
705 3928 781 3983 quae
803 3909 881 3966 inter
893 3909 1008 3968 Stoicos
1031 3918 1060 3964 et
1078 3907 1293 3981 Peripateticos

217 3999 281 4048 eret
314 4001 344 4047 et
371 4011 459 4065 qnam
490 3991 564 4050 Cato
592 3993 621 4049 in
649 3994 738 4050 rebus
766 3993 839 4068 ipsis
868 3994 993 4069 positam
1021 3993 1185 4060 contendit,
1220 3993 1293 4051 haec

217 4074 360 4152 Diogenis
378 4077 535 4153 Babylonii
558 4078 594 4134 de
616 4078 728 4135 divitiis
750 4078 897 4134 sententie
913 4077 1068 4135 coniuncte
1085 4095 1149 4135 esse
1165 4078 1292 4149 videtur,

216 4168 249 4218 ut
267 4171 435 4235 quaeratur,
459 4181 526 4218 num
545 4162 621 4220 forte
638 4182 672 4220 ee
690 4164 725 4219 de
743 4181 833 4220 causa
849 4172 972 4220 externa
990 4163 1143 4219 commoda
1158 4164 1189 4220 in
1207 4164 1293 4221 bonis

216 4244 352 4303 habenda
373 4247 448 4316 sint,
477 4248 604 4304 maxime
632 4249 768 4319 divitiae,
797 4249 875 4322 qnod
903 4248 980 4304 bona
1007 4248 1186 4307 contineant.
1232 4248 1292 4308 Sed

216 4347 320 4407 parum
339 4333 495 4407 perspicua
513 4343 557 4390 est
574 4342 635 4390 tota
652 4334 824 4410 disputatio,
848 4352 906 4391 non
924 4332 1017 4390 solum
1036 4333 1113 4408 qnod
1131 4333 1292 4410 ignoratur,

216 4416 318 4491 ecquis
340 4435 479 4492 umquam
508 4418 560 4475 illa
589 4419 702 4476 ratione
725 4438 795 4482 usus
818 4419 857 4476 sit
877 4419 914 4475 ed
938 4417 1057 4476 divitias
1078 4419 1109 4476 in
1133 4419 1218 4477 bonis
1240 4438 1292 4496 po·
