3030 5086
189 451 254 515 344
582 469 627 514 ns
649 467 781 525 ‚sturnus
804 468 876 513 son.

190 654 297 714 curus,
321 655 360 700 ne
382 618 663 717 argumentandum
687 635 811 715 quidem
835 653 904 700 esse
926 635 965 699 de
987 635 1160 715 voluptate,
1183 633 1269 715 quod

191 738 231 802 sit
252 738 388 818 positum
416 737 563 801 iudicium
590 736 657 800 eius
685 737 716 800 in
746 735 904 815 sensibus,
932 743 967 800 ut
994 736 1182 801 commoneri
1210 752 1268 801 nos

191 839 270 903 satis
293 838 342 916 sit
364 839 439 902 nihil
457 838 588 902 attineat
606 838 720 903 doceri.
755 840 860 917 Quare
883 838 936 903 illa
959 838 1046 902 nobis
1064 836 1194 918 simplex
1211 836 1270 902 luit

190 940 222 1003 in
245 948 554 1020 utramquepartem
577 939 756 1020 disputatio.
790 939 855 1003 Nec
877 940 959 1003 enim
978 940 1008 1003 in
1027 939 1179 1020 Torquati
1201 957 1268 1003 ser-

151 1043 282 1107 bmone
309 1040 477 1122 quidquam
499 1041 690 1121 implicatum
711 1046 768 1105 ant
792 1047 967 1105 tortuosum
990 1041 1061 1119 fuit,
1089 1049 1269 1120 nostraque,

190 1149 226 1206 nt
252 1141 327 1206 mibi
355 1141 492 1220 videtur,
526 1141 661 1206 dilucida
689 1141 800 1206 oratio.
850 1141 1025 1206 Stoicorum
1053 1152 1171 1220 autem,
1205 1160 1268 1206 non

190 1245 331 1325 ignoras,
365 1261 459 1323 quam
489 1243 530 1306 sit
557 1243 668 1307 subtile
696 1242 745 1307 vel
773 1243 933 1324 spinosum
962 1243 1066 1322 potius
1094 1243 1269 1308 disserendi

190 1363 299 1425 genus,
321 1343 418 1424 idque
440 1361 509 1408 cum
533 1344 679 1422 GraeciS,
702 1350 767 1408 tum
790 1344 890 1424 magis
913 1344 1017 1423 nobie,
1040 1344 1151 1424 quibus
1174 1344 1268 1408 etiam

191 1445 289 1510 verba
305 1445 458 1527 pariendo
474 1454 548 1510 sunt
563 1445 815 1528 imponendaque
832 1464 914 1510 nova
927 1446 1021 1510 rebus
1034 1445 1123 1510 novis
1134 1446 1268 1510 nomina.
1355 1503 1356 1506 ,

264 1604 282 1647 1.
309 1615 350 1647 nec
373 1598 471 1647 Lmen
528 1604 549 1646 ⁰2.
579 1599 629 1646 eius
656 1597 766 1647 iodicium
789 1598 908 1647 LPMCR
961 1606 983 1646 et
1009 1598 1031 1646 E
1083 1599 1222 1647 commoveri
1248 1600 1270 1646 lt

193 1673 214 1716 t.
235 1683 340 1715 sermone
363 1683 405 1715 nec
427 1665 552 1729 quicquam
576 1665 639 1731 llll}
693 1672 714 1714 5.
735 1665 909 1730 implscrtnmC
964 1670 985 1716 7.
1002 1666 1081 1730 potens
1106 1668 1224 1730 spinosum
1249 1666 1269 1714 1.

192 1740 214 1785 9.
236 1735 392 1801 [pariendaq'
412 1733 445 1800 A]
485 1734 551 1783 nonis
570 1736 638 1783 rebus
657 1734 823 1785 Lenones.

192 1856 331 1925 coniecit;
360 1856 442 1930 atqui
470 1874 507 1912 ne
535 1853 680 1912 refellitur
708 1855 827 1930 quidem
854 1873 943 1912 causa
971 1855 1008 1911 eb
1037 1857 1269 1932 oppugnantium

191 1951 285 2017 parte.
331 1941 450 2000 Scilicet
478 1941 574 2016 ipsum
602 1959 702 1997 caueae
728 1942 847 2015 difficilis
871 1959 975 1997 nomen
997 1959 1101 2016 parum
1125 1952 1193 2015 apte
1214 1962 1269 2017 po-

192 2027 296 2095 situm,
324 2044 389 2082 cum
414 2025 449 2081 de
473 2026 713 2100 oppugnantibus
741 2035 878 2102 ageretur
906 2028 985 2096 (nam
1013 2027 1050 2081 ad
1079 2026 1270 2083 defendentes

192 2119 293 2186 aptum
317 2113 401 2184 erat),
426 2129 483 2166 non
507 2109 611 2166 habuit
633 2110 784 2186 proprium
808 2112 939 2167 verbum.

280 2196 307 2252 3.
336 2215 369 2252 ne
389 2196 632 2268 orpumentondum
654 2195 775 2270 quidem)
799 2196 856 2253 Nec
878 2195 966 2252 etiam
990 2189 1077 2264 Eue,
1107 2205 1140 2252 ut
1161 2196 1269 2252 malem

192 2281 432 2338 consuetudinem
456 2280 643 2337 librariorum
666 2281 754 2337 etiam
778 2281 849 2337 dibi
872 2290 1059 2337 contemnere
1077 2281 1187 2351 discas3
1211 2281 1270 2337 vid.

192 2382 256 2424 exc.
281 2366 318 2422 ed
342 2366 383 2435 ΙΙ,
407 2367 457 2422 25.
501 2366 548 2422 De
570 2383 602 2421 re
626 2366 684 2423 vid.
709 2365 739 2434 1,
765 2366 814 2423 30.
861 2367 992 2422 Iudicium
1015 2370 1071 2422 eius
1094 2366 1269 2438 (eratenim

192 2451 354 2522 inversum)
377 2449 471 2508 Geius
494 2449 582 2506 etiam
606 2470 621 2506 e
646 2450 733 2525 Spin,
757 2449 835 2509 Gud.
864 2455 890 2518 1,
916 2451 982 2507 Bas.

279 2555 346 2592 nova
368 2537 448 2592 rebus
469 2539 544 2591 nouis
566 2535 685 2607 reomino)
709 2535 759 2593 Sic
781 2536 869 2593 etiam
888 2531 974 2615 [AB]
993 2535 1070 2610 Spir.
1108 2535 1143 2591 In
1156 2534 1266 2595 Gudl

193 2630 223 2677 et
245 2621 314 2678 Bes.
340 2628 403 2676 erat
425 2639 493 2676 novo
516 2620 569 2676 reb.
592 2640 659 2676 nom.
678 2625 761 2678 nouis.
796 2623 867 2678 Mox
880 2621 1034 2678 Ernestius
1053 2621 1181 2677 malebat
1197 2641 1272 2678 uerno

192 2724 239 2762 nec
261 2707 428 2762 mediocriter
449 2715 500 2762 eut
522 2724 596 2761 nemo
617 2707 659 2762 nei
679 2708 859 2774 mediocriter3
888 2706 990 2762 debuit
1017 2726 1091 2761 neum
1119 2726 1151 2762 ne
1172 2708 1271 2763 medio·

192 2793 273 2848 criter
294 2792 411 2865 quidem.
458 2789 590 2865 Opponit
613 2790 707 2848 Gzius
731 2791 816 2852 Rhet.
840 2791 877 2848 ed
901 2793 1030 2849 Herenn.
1053 2792 1108 2860 lv,
1127 2792 1161 2849 7:
1183 2795 1272 2866 qrn'rie

193 2877 359 2933 mediocriter
392 2879 534 2935 litteratus.
604 2875 714 2933 Eodem
756 2877 842 2934 modo
881 2877 988 2933 dicitur
1026 2880 1110 2933 onznia
1148 2879 1272 2933 minimus

193 2961 297 3040 [quitis
324 2964 448 3018 minimus
476 2962 523 3019 hic
548 2963 584 3032 V,
610 2959 665 3038 93]
688 2972 718 3018 et
744 2965 848 3032 nullus,
878 2967 1022 3037 quicquam
1050 2966 1188 3033 minimus,
1220 2962 1269 3020 ubi

193 3057 329 3122 expectet
347 3047 492 3122 quispiam
512 3050 700 3116 neminimus,
723 3067 755 3103 ne
777 3051 901 3103 rninirnus
917 3050 1038 3121 quidemt
1062 3047 1121 3103 vid.
1138 3048 1175 3104 ed
1187 3047 1269 3105 Fam.

192 3132 217 3195 Ι,
243 3132 271 3199 8,
291 3134 324 3189 6:
347 3134 449 3188 nullom
471 3151 526 3187 rem
548 3151 605 3188 esse
626 3135 761 3189 minimam
784 3133 899 3203 (Lemb.
922 3135 963 3188 vel
984 3134 1140 3206 nrinimom),
1164 3133 1223 3189 ibd.
1246 3133 1271 3203 Ι,

194 3217 222 3287 9,
250 3218 298 3284 17,
321 3218 407 3275 Verr.
432 3217 494 3288 111,
520 3218 574 3285 74,
604 3235 658 3291 pro
681 3216 797 3275 Cluent.
824 3219 898 3274 137:
926 3237 1011 3291 neque
1038 3220 1067 3274 id
1095 3221 1150 3274 nlla
1172 3221 1270 3273 ternis-

192 3304 262 3359 sima
284 3305 433 3377 suspicione
455 3303 515 3376 (vel.
538 3313 589 3358 ten.
612 3301 715 3358 Lemb.
739 3313 769 3359 et
791 3303 880 3359 ceteri
904 3313 971 3358 ante
995 3300 1206 3376 Classeninmp
1230 3303 1268 3360 h.

193 3387 230 3444 D.
243 3387 268 3454 Ι,
283 3389 332 3457 67,
357 3386 460 3462 fragm.
473 3387 626 3444 Hortensii
646 3405 674 3462 p.
688 3387 748 3443 485
763 3387 813 3445 Or.
849 3386 907 3446 Sed
926 3388 954 3443 in
973 3388 1004 3445 II
1023 3389 1110 3444 Tusc.
1131 3389 1159 3455 7,
1182 3405 1269 3461 quem

192 3472 287 3528 locum
313 3470 512 3548 Wopkensius
536 3473 642 3546 (Lectt.
667 3472 745 3529 Tull.
760 3491 788 3547 p.
803 3474 855 3546 57)
878 3472 964 3529 huius
982 3473 1201 3547 comparatione
1219 3473 1268 3529 de·

193 3555 347 3625 fendebnt,
379 3558 485 3631 quidem
508 3567 576 3632 post
597 3558 763 3614 mediocriter
785 3576 908 3632 pravum
933 3576 1012 3627 esse,
1036 3558 1092 3613 nisi
1115 3559 1272 3632 praecedat

193 3661 238 3706 rie,
269 3643 388 3713 sentiet,
420 3643 470 3716 qui
498 3653 580 3699 certo
608 3660 695 3699 sensu
719 3643 777 3698 vim
807 3643 969 3718 particulae
998 3645 1104 3717 quidem
1130 3644 1269 3719 percepit.

194 3726 289 3804 [Addi
312 3736 410 3802 potest
432 3728 464 3784 11
486 3727 523 3782 de
541 3725 626 3786 Orat.
652 3729 726 3784 162:
749 3731 797 3802 qui
818 3748 907 3784 omnies
930 3731 1097 3785 tenuissimos
1115 3731 1270 3803 porticulus

192 3816 272 3868 —in
292 3831 321 3869 os
338 3817 465 3881 inserent,
490 3812 651 3886 eodemque
670 3813 766 3883 modo,
790 3832 846 3870 non
865 3804 1059 3888 praecedente
1076 3818 1168 3883 omnis.
1192 3823 1270 3870 recte

192 3896 250 3954 dici
280 3917 333 3972 pro
358 3899 443 3956 Rosc.
468 3900 538 3955 Am.
565 3899 639 3955 102:
668 3909 697 3954 ut
724 3902 750 3955 in
779 3903 892 3956 minimis
921 3900 998 3955 rebus
1022 3901 1137 3955 homines
1160 3901 1270 3973 amplia·

192 3986 253 4039 simi
275 3987 448 4041 testimonium
477 3987 510 4040 de
539 4004 589 4040 aua
616 4004 646 4040 re
673 4004 724 4041 non
747 3986 876 4051 dicerent,
906 3985 955 4040 ubi
979 4003 1073 4059 nuper
1095 3984 1270 4041 addiderunt

192 4070 233 4123 vel
254 4068 393 4139 (debebat
416 4079 477 4125 tunt
501 4069 573 4126 dici:
605 4079 633 4125 ut
660 4089 693 4125 ne
714 4073 741 4125 in
764 4073 878 4127 minimis
900 4072 1008 4144 quidem
1032 4071 1109 4126 rebus
1133 4072 1270 4141 dicerent),

192 4154 382 4210 confirmatur
405 4154 470 4210 loco
493 4155 635 4211 orationis
659 4173 712 4230 pro
736 4155 831 4212 Flacc.
859 4157 910 4213 1⁴2:
940 4176 986 4212 uos
1008 4160 1034 4211 in
1055 4159 1171 4230 priuatis
1194 4159 1270 4211 utini·

192 4258 295 4295 ntorum
319 4258 408 4296 rerum
430 4241 536 4296 iudiciis
559 4250 648 4296 testem
672 4242 810 4312 diliquiter
826 4243 985 4314 enpemiitis.
1021 4242 1139 4298 Erravit
1162 4241 1191 4297 in
1214 4239 1270 4296 hoc

191 4342 298 4398 genere
327 4325 414 4380 etiem
444 4327 572 4383 Hessius
601 4326 631 4382 in
661 4324 762 4383 Senec.
791 4326 887 4400 Epist.
915 4328 987 4392 118,
1021 4329 1072 4382 12:
1102 4329 1202 4383 nullum
1231 4336 1271 4382 est

191 4412 325 4466 minimam
347 4413 561 4467 contemnendum
584 4406 704 4486 bortum]
