3030 5086
569 477 743 527 exerimus
766 480 821 527 ru.
1171 463 1236 533 839.

155 651 180 709 si
210 652 296 709 modo
323 651 360 708 de
389 671 425 709 eo
447 651 566 708 omuino
590 650 741 726 cogitarit.
784 641 991 725 Ἐξαπερικους
1015 651 1107 709 libros
1129 651 1234 712 Cicero

155 736 289 794 nominat
316 737 405 794 etiarn
428 737 465 793 ed
488 737 579 794 Attio.
604 738 659 805 IV,
687 738 739 805 16,
763 737 781 792 2
811 753 865 792 nec
893 736 1007 794 dubitat
1034 737 1076 794 ita
1103 738 1140 794 ab
1168 736 1233 812 ipso

156 822 320 880 Aristotele
337 822 502 898 appellatos
519 822 657 891 scribere,
675 821 771 896 iisque
788 821 940 896 prooemia
955 821 1125 897 praeposita
1141 821 1233 879 fuisse

155 906 236 964 dicit.
279 908 429 982 Rectaque
453 907 589 965 Stahrius
611 907 749 980 (Aristot
772 907 804 964 II
826 926 855 980 p.
876 905 965 979 247),
995 906 1046 973 iis,
1075 925 1150 980 quae
1177 908 1233 964 hoc

156 991 223 1049 loco
245 991 350 1051 Cicero
378 993 413 1049 de
441 992 526 1049 libris
554 992 589 1048 de
617 1010 649 1048 re
673 992 793 1066 publica
814 991 930 1054 scribit,
960 993 1137 1068 comparatis
1167 1010 1231 1049 cum

155 1077 207 1145 iis,
238 1096 313 1151 quae
341 1077 413 1135 alibi
442 1077 490 1149 (ed
519 1076 625 1136 Famil.
649 1077 680 1145 I,
705 1078 739 1144 9,
764 1077 820 1144 23,
847 1076 885 1133 ad
913 1078 976 1135 Att.
1001 1078 1097 1147 XIII,
1124 1079 1178 1147 19,
1202 1079 1234 1152 4)

155 1161 243 1234 dicit,
267 1162 400 1238 dialogos
422 1163 563 1219 librorum
587 1164 623 1218 de
646 1171 763 1218 oratore
786 1171 816 1219 et
838 1162 873 1218 de
896 1162 1003 1218 finibus
1025 1163 1063 1219 ed
1085 1164 1234 1221 Aristote-

156 1246 227 1303 lium
250 1248 418 1323 exemplum
436 1247 636 1304 conformatos
653 1265 728 1317 esse,
751 1245 852 1317 efficit,
875 1246 1048 1305 Ciceronem
1069 1248 1164 1322 primo
1181 1248 1233 1305 illo

156 1331 222 1389 loco
244 1329 302 1389 τῶν
326 1325 499 1406 ἐξωτερικῶν
521 1332 639 1389 nornine
663 1332 790 1389 maxime
813 1332 947 1408 dialogos
968 1333 1158 1404 Aristotelis,
1182 1333 1233 1408 qui

155 1416 377 1485 interciderunt,
400 1416 590 1490 significasse.
626 1418 665 1474 Et
687 1417 820 1493 dialogos
842 1426 893 1473 aut
915 1417 994 1474 solos
1013 1427 1066 1474 aut
1082 1437 1147 1476 cum
1166 1418 1233 1476 aliis
1263 1420 1265 1424 ⁴

156 1502 186 1559 iu
209 1504 273 1567 τοῖς
296 1495 477 1574 disceptabit·
499 1510 612 1577 ponunt
634 1503 721 1558 etiam
745 1502 878 1575 ceteri.¹)

243 1587 390 1659 Quoniam
419 1585 522 1660 igitur,
552 1587 623 1662 quid
646 1587 751 1646 Cicero
778 1587 902 1656 dixerit,
932 1595 1061 1655 constat,
1090 1606 1233 1662 quaeren-

156 1672 225 1729 dum
243 1680 298 1739 est,
316 1671 419 1746 ipsene
431 1669 536 1729 Cicero
553 1674 582 1728 in
599 1673 727 1729 lectione
744 1682 774 1729 et
793 1673 968 1730 tractatione
985 1691 1086 1730 eorum
1106 1672 1232 1729 maxime

157 1756 329 1817 Aristotelis
352 1756 508 1827 librorum,
537 1776 610 1832 quos
637 1758 768 1815 limatius
791 1758 916 1834 scriptos
939 1757 1025 1827 dicit,
1054 1766 1085 1814 et
1112 1758 1232 1813 omniuo

155 1843 186 1899 iu
208 1841 348 1918 antiquae
371 1840 576 1919 philosophiae
593 1843 810 1918 Peripateticae
833 1842 987 1899 subtiliore
1005 1842 1172 1918 cognitione
1192 1842 1234 1899 ita
1335 1861 1342 1871 ⁸

155 1936 290 1985 versatus
313 1926 462 1997 videatur,
493 1937 526 1984 ut
554 1930 703 2003 propriam
732 1928 860 2002 aliquam
889 1927 1094 1985 auctoritatem
1117 1926 1230 1984 afferat

156 2012 215 2070 Sed
238 2022 335 2069 tamen
358 2011 431 2067 illud
454 2023 542 2069 antea
564 2014 856 2071 animadvertendum
880 2023 933 2080 est,
956 2022 1019 2070 tota
1039 2012 1090 2070 illa
1107 2013 1137 2069 in
1156 2012 1232 2069 libro

156 2099 185 2154 V
213 2097 249 2153 de
277 2097 384 2153 finibus
412 2096 566 2155 divisionis
594 2100 769 2174 scriptorum
793 2098 965 2156 Aristotelis
992 2099 1232 2156 commemoratio

156 2201 242 2258 quarn
272 2201 330 2239 non
359 2190 427 2258 epte
455 2192 486 2239 et
513 2201 599 2257 qnam
628 2184 773 2241 inutiliter
800 2202 818 2240 a
845 2182 988 2243 Cicerone
1015 2183 1230 2257 interponatur.

155 2269 232 2326 Nam
256 2286 322 2325 cum
345 2268 374 2324 in
398 2277 460 2324 toto
483 2268 560 2326 libro
584 2288 642 2325 non
666 2288 703 2326 ex
726 2269 804 2326 veris
826 2268 958 2326 fontibus
980 2268 1115 2325 haustam
1138 2268 1231 2344 ipsius

155 2352 327 2412 Aristotelis
354 2353 496 2409 rationem
526 2354 686 2411 traditurus
714 2355 753 2411 sit
781 2354 823 2428 (in
851 2354 969 2411 Pisonis
997 2355 1149 2428 persona),
1180 2353 1231 2410 sed

155 2457 229 2506 earn,
253 2457 340 2512 quam
357 2437 525 2495 Antiochus
547 2458 584 2495 ex
604 2440 695 2497 variis
717 2439 881 2514 disciplinis
903 2439 1058 2495 conflatam
1082 2449 1230 2513 tamquam

156 2523 383 2600 Peripateticum
408 2534 437 2595 et
460 2524 668 2581 Academicum
697 2534 726 2580 et
749 2524 867 2600 scriptis
895 2532 925 2580 et
954 2543 1019 2591 ore,
1049 2523 1114 2599 ipso
1143 2524 1231 2580 etiam

155 2608 298 2669 Cicerone
320 2608 466 2676 audiente,
490 2609 660 2680 tradiderat,
684 2628 720 2666 ex
744 2610 808 2666 eius
830 2609 917 2665 unius
940 2609 1024 2665 libris
1043 2610 1234 2685 expositurus
1294 2619 1297 2624 '

154 2696 246 2767 (514,
274 2695 321 2762 16,
346 2694 396 2759 75,
421 2694 476 2762 81;
499 2693 562 2758 cfr..
586 2714 661 2769 quae
684 2695 720 2752 de
743 2696 879 2752 Varrone
902 2695 1004 2750 eadem
1027 2694 1065 2749 ab
1084 2694 1233 2752 Antiocho

153 2788 305 2854 repetente
328 2779 407 2834 dicta
429 2781 555 2836 suntad
579 2785 594 2850 §
614 2782 653 2837 34
676 2789 706 2836 et
728 2798 791 2837 exc.
814 2780 860 2837 IV
884 2783 987 2853 exta),
1016 2788 1130 2849 tamen,
1154 2779 1233 2855 quod

155 2864 231 2921 hanc
248 2864 421 2921 sententiam
441 2883 495 2939 pro
512 2865 685 2923 AristoteIIs
707 2874 795 2940 atque
818 2865 905 2922 etiam
929 2883 983 2939 pro
995 2864 1166 2921 Polemonis
1182 2873 1234 2922 aut

156 2949 285 3006 habebat
307 2958 358 3005 aut
380 2950 484 3007 saltem
508 2951 640 3025 accipere
663 2951 832 3027 cogebatur,
855 2968 921 3006 cum
941 2950 1041 3006 orbem
1061 2950 1234 3025 praecipua·

155 3053 219 3091 rum
243 3034 463 3109 disciplinarum
483 3037 753 3110 sententiarumque
770 3036 816 3092 his
833 3035 917 3092 libris
935 3034 1055 3110 explere
1072 3034 1161 3091 vellet
1179 3051 1234 3091 nec

155 3119 292 3185 haberet,
322 3116 399 3176 unde
421 3121 486 3195 ipsa
513 3130 644 3176 veterum
669 3120 787 3178 decreta
814 3121 843 3177 in
873 3129 983 3177 certem
1013 3119 1138 3176 formam
1167 3119 1233 3176 red-

153 3215 220 3263 acta
242 3224 358 3262 sumere
381 3218 494 3279 posset,
523 3205 639 3263 initium
667 3206 811 3263 sermonis
839 3214 869 3262 et
896 3205 964 3262 libri
995 3204 1138 3261 eiusmodi
1160 3222 1233 3280 qua·

156 3290 222 3347 dam
246 3290 522 3364 Peripateticorum,
546 3292 675 3348 maxime
692 3291 863 3348 Aristotelis
885 3301 915 3347 et
938 3290 1145 3365 Theophrasti,
1168 3290 1231 3347 lau·

156 3375 275 3432 datione
297 3376 468 3444 exornavit,
497 3376 612 3450 qualern
637 3376 735 3451 quivis
762 3377 825 3434 sine
853 3377 914 3433 ulla
942 3376 1005 3432 eius
1027 3374 1232 3451 philosophiae

155 3468 293 3517 accurata
321 3461 487 3536 cognitione
515 3462 643 3518 scribere
666 3470 778 3537 posset,
807 3462 857 3536 qui
885 3461 998 3536 aliquid
1026 3460 1062 3517 de
1090 3461 1135 3517 hie
1158 3460 1230 3517 viris

155 3563 193 3601 ex
215 3546 364 3602 communi
388 3545 549 3602 litterarum
568 3545 751 3604 Graecarum
771 3548 877 3603 notitia
893 3547 1055 3621 accepisset
1072 3564 1231 3619 eorumque
1278 3544 1282 3552 ’

154 3629 312 3686 librorum.
343 3629 392 3703 qni
422 3630 459 3686 ad
487 3641 609 3687 naturae
637 3633 834 3709 cognitionem
863 3640 893 3687 et
919 3650 1017 3688 rerum
1047 3630 1230 3706 publicarum

154 3714 437 3771 administrationem
461 3724 491 3772 et
512 3716 664 3774 historiam
688 3718 868 3792 pertinentes
890 3717 978 3774 etiarn
997 3726 1082 3773 extra
1099 3715 1229 3773 scholam

155 3799 389 3867 celebrabantur,
412 3799 533 3857 nomina
555 3811 676 3860 teneret.
710 3802 766 3860 His
789 3803 931 3878 adiungit,
952 3820 1020 3858 curn
1043 3800 1079 3857 ed
1103 3801 1228 3857 ethicam

182 4073 187 4101 ,
435 4070 441 4083 .
577 4071 582 4083 .
772 4072 777 4084 .

194 4069 301 4192 >illl
324 4069 1086 4203 intigit,Ittltrrlsshii't‘lsilth‘lati
1093 4072 1143 4188 tl:
1155 4070 1228 4188 sl‘l

221 4209 260 4256 ed.
280 4207 345 4258 Ven.
368 4211 440 4263 15³5,
459 4208 577 4268 dialogos
595 4218 620 4257 et
637 4208 758 4257 historica
775 4207 922 4272 Simplicius
940 4209 973 4256 ad
993 4208 1109 4259 Auscult.
1129 4206 1228 4270 Physic.

221 4273 265 4324 iol.
287 4280 301 4322 2
323 4276 342 4323 B
361 4277 400 4324 ed.
421 4273 484 4326 Van.
508 4280 579 4326 1526.
617 4277 768 4326 Plutarchus
790 4291 891 4340 quoque
913 4276 941 4339 (1.
961 4290 1037 4341 supra
1055 4278 1090 4340 c.)
1108 4270 1229 4350 ἐξωτερι-

220 4341 283 4408 κούς
302 4342 449 4414 διαλόγους
467 4344 590 4393 nominat.
615 4343 714 4394 Gellius
732 4345 806 4408 (XX,
827 4350 852 4406 5)
875 4344 998 4394 rhetorica
1024 4354 1049 4393 ct
1071 4345 1178 4410 politica
1201 4345 1228 4401 ip

221 4413 269 4461 hoc
287 4426 378 4474 genere
396 4412 474 4476 ponit.
