3030 5086
285 468 350 535 462
676 486 722 531 oa
745 486 876 533 sunaus
898 486 971 533 aon.

287 653 474 719 detrimenta
500 657 595 736 (quae
622 645 803 731 ὠφελήματα
836 661 868 719 et
894 643 1058 733 βλέμματι
1080 655 1255 738 appellant)
1278 673 1366 720 com·

285 874 323 931 ad
341 895 443 934 omnes
460 877 553 934 bonos
570 888 723 954 propagat
742 877 919 953 prodestque
938 876 1019 947 mihi,
1037 877 1061 933 si
1080 877 1174 934 bonus
1191 897 1265 950 snm,
1285 877 1367 952 quod

286 960 380 1018 bonus
402 961 509 1036 aliquis
531 962 701 1037 longissime
724 980 742 1018 a
766 981 810 1018 me
834 971 963 1019 remotus
982 970 1061 1018 recte
1080 960 1161 1021 fecit.
1196 965 1262 1022 Hoc
1279 980 1368 1038 aper-

286 1045 397 1103 tissime
425 1046 497 1104 dicit
518 1047 711 1117 Plutarchus,
744 1048 840 1122 ipsum
864 1046 1012 1103 decretum
1031 1047 1148 1141 ridens,
1176 1052 1243 1108 adv
1272 1047 1368 1107 Stoic.

287 1131 621 1229 22p1068F‚q110
620 1132 686 1189 loeo
702 1132 844 1191 Marelius
866 1150 936 1189 usus
954 1141 1013 1188 est:
1031 1116 1140 1186 Αν
1111 1153 1153 1202 τις
1158 1123 1297 1232 σοφὸς
1293 1122 1368 1208 ὁση-

285 1201 397 1289 δήποτε
423 1213 561 1311 στροτεένφ
589 1207 641 1274 τὸν
670 1204 815 1274 δάκτυλον
838 1209 1005 1291 φρονίμως,
1036 1209 1065 1273 οἱ
1092 1234 1169 1275 κατα
1190 1238 1242 1295 την
1265 1208 1366 1274 οἰκου-

284 1291 372 1373 μέννυ
396 1317 616 1371 commemora·
639 1292 833 1395 ὠφελοῦνται
857 1310 886 1356 et
909 1300 997 1375 paulo
1014 1310 1088 1399 post
1109 1294 1161 1376 τὴν
1181 1291 1367 1397 θαυμαστὴν

285 1394 495 1441 commemorat
511 1372 702 1478 ὠφέλειαν,ῃ
687 1405 728 1480 ην
739 1376 768 1439 οἱ
786 1373 876 1458 σοφοὶ
899 1377 1075 1479 κινουμένων
1097 1387 1162 1441 κατ’
1186 1374 1294 1477 ἀρετὴ-ν
1311 1376 1366 1439 αἰλ-

283 1451 378 1541 λὴλονν
401 1455 653 1541 ὠφελοῦνται,
616 1488 669 1525 ναν
691 1458 731 1543 μὴ
749 1466 856 1525 συνῶσι
871 1458 945 1542 μηδὲ
961 1485 1150 1544 νινωσκονττς
1166 1454 1365 1546 τυγχάνωσιν.

285 1550 366 1609 idern
390 1551 582 1649 significate.
608 1554 647 1609 83
672 1575 699 1629 p.
716 1553 853 1622 1076Α
877 1553 926 1609 ubi
950 1551 1030 1621 dicit,
1055 1553 1222 1612 Stoicorum
1246 1552 1364 1611 ratione

285 1629 376 1732 ἀρετῇ
404 1656 436 1694 τι
430 1628 518 1736 οὐχ
544 1628 691 1735 υττερέχειν
719 1628 772 1694 τὸν
793 1631 855 1693 Δια
882 1636 937 1693 τοῦ
959 1631 1089 1707 Δίωνος,
1117 1629 1304 1733 ὥφτλεισθαέ
1329 1656 1366 1695 το

285 1712 398 1822 φμοίαις
422 1710 461 1776 rin
500 1710 631 1796 αλλήλων
659 1712 711 1778 τὸν
738 1713 800 1777 Δια
827 1711 876 1779 καὶ
902 1712 955 1779 τὸν
977 1713 1094 1785 Δίωνα,
1087 1710 1239 1822 ,σοφοίς
1263 1708 1369 1788 ὄντας,

285 1823 357 1861 οταν
380 1799 480 1903 έτεφος
503 1799 636 1899 θατέρου
654 1790 788 1902 τυγχάνῃ
802 1799 991 1901 κινουμένου·
1021 1803 1112 1862 τοῦτο
1140 1824 1197 1882 γαρ
1221 1799 1363 1873 έστιν,ο

283 1878 362 1946 καὶ.
344 1881 438 1982 παρὰ
462 1886 541 1946 θεῶν
564 1879 681 1962 ἀγαθὸν
704 1877 911 1985 dodocinorc‘
897 1907 1021 1988 υφαρχετ
1037 1878 1085 1946 ani
1109 1891 1194 1955 θεοῖς
1215 1889 1286 1966 παρ
1310 1881 1364 1946 ἄν·

285 1963 429 2065 θρώπφνν,
460 1970 561 2044 σοφῶν
589 1969 766 2047 γενομένων,
795 1961 868 2030 ἄλλο
897 1965 927 2030 di
956 1992 1000 2031 ου.
1053 1973 1142 2032 Paria
1169 1985 1266 2032 autem
1296 1992 1364 2032 esse

283 2042 475 2149 cipetp'fflmrn
499 2057 633 2130 sequitur
654 2059 830 2126 necessario,
856 2058 992 2132 quoniam
1016 2067 1095 2116 recte
1117 2058 1197 2116 faeta
1218 2049 1268 2134 (τοὶ
1290 2077 1365 2115 κατ-

284 2130 480 2215 ορθιέματα)
510 2160 584 2215 quae
613 2142 700 2199 illa
692 2161 757 2218 rpsa
784 2153 866 2214 sunt,
896 2144 980 2218 paria
1007 2162 1071 2200 esse
1094 2143 1230 2202 vidimus.
1275 2141 1364 2217 Quae

283 2224 321 2281 sit
343 2226 373 2281 in
391 2226 446 2283 hoe
463 2226 581 2284 decreto
599 2227 725 2289 fallacia
750 2227 936 2285 manifestum
956 2239 1014 2296 est3
1037 2247 1103 2285 nam
1122 2247 1187 2286 curn
1207 2227 1277 2285 mihi
1296 2247 1364 2286 mea

284 2309 377 2367 virtus
400 2311 507 2386 prosit,
530 2312 608 2386 qnod
631 2313 693 2369 eine
718 2312 865 2388 particeps
888 2332 1032 2370 summum
1057 2314 1164 2370 bonum
1188 2322 1289 2382 teneo,
1312 2331 1363 2370 ce·

283 2395 348 2463 teri,
372 2397 421 2470 qui
444 2405 523 2453 recta
547 2409 646 2473 agunt,
671 2417 763 2454 meam
783 2398 901 2454 virtutis
924 2407 953 2454 et
976 2399 1044 2454 boni
1068 2398 1282 2474 possessionem
1300 2416 1361 2456 non

283 2480 433 2539 adiuvant.
485 2482 600 2539 Deinde
634 2486 678 2554 (ut
710 2502 771 2539 rem
806 2483 844 2539 ab
874 2483 1010 2540 omnibus
1037 2483 1170 2540 relictam
1199 2500 1363 2559 persequar

282 2565 410 2639 plenius)
433 2576 564 2642 apparet,
589 2568 707 2644 proprie
731 2568 896 2626 Stoicorum
921 2568 1034 2625 ratione
1057 2569 1203 2625 neminem
1226 2567 1276 2624 uni
1298 2567 1362 2625 ein·

282 2650 404 2726 galatim
427 2652 567 2726 prodesse
591 2653 647 2709 nisi
670 2653 736 2721 sibi,
760 2653 865 2709 ceteris
882 2664 980 2709 autem
1000 2653 1202 2721 communiter,
1225 2670 1283 2708 non
1307 2653 1361 2710 alii

284 2735 390 2811 magis,
414 2736 469 2792 aiii
494 2736 599 2794 minus.
645 2738 682 2794 Et
704 2747 802 2793 tamen
831 2756 888 2794 non
911 2757 978 2795 raro
1002 2738 1094 2796 Stoici
1117 2737 1360 2795 consuetudinem

282 2822 438 2878 verborum
462 2830 492 2877 et
513 2839 682 2879 communes
705 2822 839 2879 notiones
856 2832 1012 2896 sequentes
1031 2823 1074 2879 sic
1091 2823 1259 2896 loquuntur,
1283 2831 1360 2879 tam·

282 2923 369 2979 qnam
398 2925 472 2962 unus
500 2907 585 2963 alteri
609 2908 725 2964 actione
748 2908 848 2981 aliqua
871 2908 933 2964 eius
955 2925 1045 2964 causa
1067 2917 1204 2983 suscepta
1225 2925 1359 2965 seorsum

227 2982 230 2988 ⁵
282 2991 384 3066 prosit,
404 2990 486 3048 velut
502 3009 567 3048 cum
587 2992 747 3068 disputant,
766 2994 815 3066 qui
833 2992 918 3049 atteri
936 3002 1049 3064 noceat,
1067 2992 1123 3050 sibi
1141 3010 1246 3049 nocere
1258 2991 1358 3065 (Stob.

282 3076 343 3132 Ecl.
363 3076 428 3133 Eth.
452 3096 480 3152 p.
499 3079 566 3151 184,
589 3079 656 3148 188,
677 3079 747 3146 204,
771 3078 850 3135 Plut.
870 3078 905 3133 de
924 3077 1013 3135 Stoio.
1026 3078 1099 3153 Rep.
1123 3079 1159 3134 16
1173 3077 1294 3153 p.-1041
1311 3076 1359 3148 C).

281 3161 339 3218 Sed
363 3180 538 3235 quamquam
569 3182 626 3220 non
650 3164 744 3220 solum
768 3164 929 3237 sapientes,
960 3163 1011 3219 sed
1041 3180 1141 3219 omnes
1169 3162 1361 3219 continentur

282 3246 333 3302 ilia
361 3246 460 3302 mundi
484 3249 638 3313 societate,
668 3259 780 3317 tamen,
811 3248 947 3322 quoniam
979 3247 1071 3306 Stoici
1099 3266 1136 3304 ex
1165 3247 1243 3304 omni
1272 3259 1359 3322 parte

281 3331 441 3407 sapientem
466 3333 503 3387 ab
526 3332 683 3408 insipiente
706 3352 843 3407 separare
866 3332 985 3388 student
1012 3341 1041 3389 et
1063 3329 1115 3406 τῆς
1137 3322 1283 3404 ὠφελείας
1306 3350 1360 3386 no-

280 3417 388 3473 tionem
413 3434 478 3472 cnm
502 3418 609 3474 virtute
633 3418 823 3493 coniungunt,
847 3428 955 3493 negant
974 3437 1010 3474 ex
1031 3417 1154 3474 aliorum
1173 3426 1252 3471 recte
1269 3412 1360 3473 factis

279 3501 371 3557 ullum
392 3503 618 3559 emolumentum
636 3504 674 3560 ad
696 3504 882 3578 insipientem
906 3512 936 3558 et
953 3504 1061 3559 malum
1080 3500 1244 3597 pervenire,
1269 3516 1359 3592 quam

279 3604 435 3660 numquam
468 3588 586 3680 ompino
610 3580 793 3661 ὠφελεῖσθαι
816 3587 921 3643 docent
944 3581 1067 3662 (μηδένα
1090 3576 1121 3643 di
1144 3580 1260 3656 φαῦλον
1281 3570 1360 3660 μήτε

279 3661 461 3740 ὠφελεῖσθαι
483 3659 557 3746 μέτε
579 3663 715 3744 ὠφελεῖν
739 3671 820 3729 8101).
845 3692 871 3747 p
893 3673 973 3742 188)
1018 3671 1129 3730 Contra
1156 3669 1234 3725 inter
1262 3668 1360 3726 maios

279 3755 399 3810 candem
425 3757 499 3812 male
522 3757 665 3814 factorum
684 3757 854 3813 societatem
873 3776 937 3813 esse
955 3757 1131 3824 statuebant
1156 3771 1210 3810 neo
1228 3754 1359 3829 sapienti

278 3858 330 3896 sua
354 3840 461 3896 uirtute
484 3861 601 3917 semper
623 3841 709 3898 beato
737 3842 896 3916 quidquam
925 3860 960 3897 ea
983 3842 1095 3898 obesse.
1140 3838 1361 3897 Admiscebant

278 3925 355 3981 enim
384 3945 515 3983 summae
543 3928 587 3984 ilii
615 3936 645 3982 et
673 3927 784 4000 primae
813 3927 919 3983 rationi
948 3927 1006 3983 alia
1030 3936 1142 3982 tantum
1166 3923 1203 3980 ad
1226 3923 1358 3998 speeiem

277 4028 341 4066 cmn
361 4010 412 4067 iila
428 4030 570 4071 connexa
595 4029 659 4068 cum
679 4012 860 4086 populariter
877 4012 1068 4072 disserebant
1087 4027 1189 4067 omnes
1206 4009 1360 4083 sapientes

277 4096 354 4151 inter
370 4114 402 4152 se
421 4098 494 4154 bene
507 4099 592 4159 velle
619 4096 710 4152 malos
727 4099 804 4153 inter
821 4115 852 4153 so
870 4097 1011 4155 dissidere
1027 4104 1057 4152 et
1074 4096 1142 4153 odio
1158 4092 1360 4151 inflammatos

278 4201 340 4238 esse
364 4173 447 4250 (τους
475 4175 505 4239 di
533 4172 669 4254 φαιἨλοις
697 4178 920 4275 διαφφνοῦντας
949 4174 1024 4255 πρὸς
1052 4164 1199 4253 clintone
1226 4168 1360 4253 έχθρους

277 4255 421 4322 εἶναικαὶ
444 4256 687 4339 κακοποιητικοέμ
709 4254 841 4338 nitidam
863 4283 911 4319 και
904 4254 1099 4338 πολεμιους,
1123 4263 1206 4321 Stob.
1225 4281 1254 4335 p.
1273 4261 1358 4333 184).

276 4347 376 4430 [Hanc
399 4351 574 4424 sapientium
599 4358 628 4405 et
650 4348 850 4423 insipientium
877 4349 906 4405 in
930 4351 984 4406 hac
1007 4348 1212 4406 communione
1235 4363 1359 4444 separa·

277 4436 384 4491 tionem
399 4434 503 4492 Cicero
521 4453 577 4490 non
597 4430 741 4513 attingit]
775 4437 875 4508 Atque
893 4454 930 4491 ex
949 4435 1003 4492 hae
1020 4434 1166 4492 sententia
1183 4432 1219 4489 de
1237 4431 1358 4506 sapian-
