3030 5086
417 535 460 579 ur
484 536 564 581 nan.
588 536 650 582 nra.
676 538 695 582 v
719 535 792 584 car.
812 537 919 581 aa-as.
935 536 998 594 (aa.)
1180 516 1242 580 719

255 702 369 766 XXIII.
393 701 512 780 Quibus
535 703 628 767 rebus
651 702 786 768 breviter
807 701 957 783 expositis
978 703 1049 783 (uec
1071 701 1150 767 enim
1174 720 1242 766 sum

243 860 263 907 Ι,
281 854 393 919 expositis
412 854 511 905 brect'ter
528 855 660 906 LPBCOt.

169 991 243 1066 (Cic.
266 993 359 1049 Acad.
382 994 413 1052 Ι,
438 994 504 1067 37),
528 1012 581 1050 nec
604 1003 702 1050 tamen
725 1011 760 1050 ea
782 993 927 1050 dubitatio
951 992 1043 1068 magis
1066 991 1102 1048 ad
1126 991 1244 1050 Cicero·

169 1096 235 1133 nam
259 1096 346 1151 qnam
375 1078 411 1133 ad
441 1089 553 1135 ceteros
582 1078 717 1153 pertinet.
762 1078 798 1135 In
821 1079 916 1136 Acad.
941 1078 970 1144 I,
995 1078 1034 1133 43
1057 1078 1110 1151 (Et
1132 1078 1245 1133 breviter

170 1181 234 1218 scae
251 1166 406 1236 minimeque
423 1163 543 1237 obscure)
555 1173 579 1219 et
591 1173 686 1219 ortum
699 1181 763 1220 esse
776 1182 792 1219 e
803 1164 916 1220 desisset
928 1162 984 1218 iarn
999 1162 1149 1218 Manutius
1161 1162 1244 1218 vidit.
1327 1223 1330 1229 ⁴

171 1247 295 1315 Eorum,
330 1266 405 1321 quae
435 1249 530 1305 Varro
565 1248 695 1316 dixerat,
728 1247 910 1305 continuatio
943 1264 1081 1323 perverse
1114 1246 1243 1322 tingitur.

170 1331 257 1405 erod
280 1332 309 1388 in
332 1333 387 1389 hoc
410 1351 499 1407 opere
517 1334 553 1398 V,
570 1333 606 1389 15
625 1331 731 1389 anio
749 1341 848 1388 natum
867 1341 930 1388 erat
947 1332 1124 1407 exemplum,
1147 1339 1243 1389 sustu-

172 1417 272 1485 limus,
303 1435 357 1472 nec
379 1417 414 1472 de
437 1416 492 1486 IV,
520 1418 555 1474 19
585 1417 704 1473 dubium
736 1417 874 1474 iudicium
904 1435 967 1473 esse
990 1425 1096 1492 potest.
1141 1417 1245 1473 Restat

172 1502 252 1557 Brut.
283 1501 359 1569 302,
393 1502 443 1558 ubi
472 1502 563 1558 verba
595 1521 693 1558 memor
725 1512 749 1558 et
776 1501 996 1576 suspectissima
1024 1502 1097 1557 fiunt
1125 1509 1245 1576 propter

171 1586 312 1642 orationis
341 1585 463 1643 formam
493 1588 679 1660 (partitiones,
713 1588 810 1661 quibus
839 1588 872 1643 de
899 1587 978 1642 rebus
1007 1620 1045 1629 -
1074 1588 1244 1654 collectiones,

171 1689 240 1745 quae
262 1681 348 1727 essent
370 1673 443 1728 dicta
466 1674 548 1744 aet),
578 1681 606 1728 et
635 1672 713 1746 quod
740 1671 770 1728 in
795 1671 880 1728 Bruti
908 1670 1035 1746 epistula
1057 1671 1179 1746 legitur,
1208 1670 1244 1726 ad

172 1756 252 1811 Fam.
272 1756 328 1824 XI,
350 1756 397 1823 13,
417 1756 449 1811 5:
472 1775 554 1830 quam
568 1759 738 1831 paratissimi
753 1765 777 1813 et
793 1757 827 1812 ab
844 1760 961 1813 exercita
978 1758 1141 1830 reliquisque
1158 1756 1245 1811 rebus.

171 1840 196 1897 Ε
219 1840 346 1898 Caesare
369 1840 467 1897 nuilus
490 1841 571 1898 locus
594 1841 742 1917 profertur
764 1843 843 1913 (nam
867 1841 903 1897 de
920 1842 954 1898 B.
968 1840 1001 1900 C.
1014 1841 1071 1910 III,
1084 1841 1123 1897 26
1142 1840 1246 1896 Elber·

172 1925 292 2000 lingium
317 1944 412 1982 meum
435 1926 547 2000 pridem
571 1926 746 1983 seutentiam
770 1935 897 1983 mutasse
916 1925 1030 2001 credo);
1054 1925 1173 1982 eLiuio
1192 1925 1245 1981 ali·

172 2021 251 2083 quot,
275 2011 335 2080 sed,
359 2011 384 2067 si
406 2011 527 2085 propius
544 2012 706 2086 aspexeris,
729 2010 930 2070 infirmissimi.
965 2011 999 2068 Iu
1012 2011 1053 2081 II,
1067 2010 1126 2079 4‚5
1147 2010 1246 2085 inepte

172 2095 213 2150 sic
242 2095 329 2151 scribi
353 2104 382 2151 et
405 2094 542 2152 Dukerus
565 2105 594 2152 et
617 2096 752 2153 Handius
775 2097 874 2168 (Tura.
898 2097 929 2153 II
953 2116 980 2171 p.
998 2097 1071 2169 529)
1094 2095 1244 2163 viderunt3

172 2181 201 2235 in
226 2180 326 2250 v,·46,
345 2182 380 2235 10
404 2180 455 2236 illa
478 2181 577 2246 verba,
600 2181 707 2255 quibus
731 2189 860 2247 utuntur,
884 2199 979 2255 neque
1001 2182 1031 2237 in
1055 2180 1139 2236 bonis
1161 2179 1245 2237 codd.

173 2283 266 2337 neque
290 2265 319 2321 in
343 2264 428 2320 malis
451 2265 601 2339 leguntur,
630 2266 659 2322 in
683 2266 803 2334 XXIV,
828 2267 860 2335 2,
886 2267 902 2322 9
932 2266 961 2321 in
985 2264 1066 2322 nulio
1088 2265 1152 2321 cod.
1176 2265 1246 2321 scri·

173 2349 266 2419 bitur,
295 2358 327 2405 ut
349 2349 459 2416 editur,
488 2369 570 2406 raras
592 2361 628 2418 et;
661 2361 731 2425 puto
760 2369 840 2406 raras
863 2369 963 2406 verum
993 2368 1071 2419 esse,
1100 2368 1137 2406 ex
1166 2368 1247 2406 raras

172 2437 297 2490 stationes
331 2444 426 2490 ortum
457 2445 584 2508 parasset
616 2439 757 2503 stationem
791 2435 820 2490 in
849 2435 979 2503 XXIX,
1013 2436 1064 2504 12,
1094 2435 1111 2490 b
1147 2433 1245 2492 nulius

173 2517 407 2575 Drakenborchii
431 2519 534 2589 codex,
558 2520 640 2576 nulia
659 2527 743 2576 vetus
765 2519 855 2575 editio
879 2520 968 2575 habet
989 2530 1023 2591 et,
1046 2519 1124 2594 quod
1146 2537 1246 2576 errore

173 2605 201 2659 in
225 2603 447 2660 Gronoviauam
471 2604 603 2681 irrepsit;
627 2604 662 2660 in·
680 2604 818 2673 XXXII,
839 2604 888 2673 32,
910 2604 947 2660 13
971 2614 1001 2660 et
1023 2622 1091 2679 pars
1114 2603 1245 2663 codicum

172 2699 196 2745 et
218 2688 336 2756 omittit,
360 2698 389 2744 et
411 2688 439 2744 id
464 2698 542 2745 certe
565 2700 696 2764 apparet,
720 2689 745 2745 si
768 2689 835 2745 huic
858 2689 1125 2764 responderetque,
1150 2689 1247 2749 dicen-

173 2773 239 2829 dum
264 2772 369 2829 fuisse:
392 2793 425 2828 ac
443 2778 596 2848 propinquo
618 2785 643 2830 et
659 2776 781 2830 dicamus
797 2777 1008 2848 arrdiamusque3
1032 2775 1130 2848 itaque
1144 2776 1247 2845 Gran,

173 2858 222 2932 qui
252 2868 276 2913 et
303 2858 431 2928 addidit,
462 2858 548 2934 longe
576 2858 662 2915 aliter
685 2859 775 2915 rerba
798 2859 1002 2935 coniungebat.
1047 2861 1150 2918 Restat
1173 2879 1247 2917 unus

173 2944 263 3009 locuta,
288 2942 337 2997 ubi
362 2943 498 2998 mendum
516 2962 573 2998 non
592 2943 755 3000 clarissimo
773 2943 881 3000 indicio
899 2953 1084 3021 coarguatur,
1102 2947 1157 3015 lv,
1172 2946 1199 3014 2,
1214 2944 1246 3014 3;

175 3046 240 3083 narn
276 3045 350 3100 quos
382 3027 456 3083 alios
485 3028 619 3084 Handius
652 3029 731 3103 apud
758 3027 1031 3086 Drakenborchium
1060 3031 1096 3086 ad
1124 3030 1246 3098 XXIX,

180 3115 229 3169 12.
255 3114 271 3168 5
302 3112 407 3186 inspici
430 3112 524 3180 iubet,
554 3113 625 3169 nuili
649 3122 726 3171 sunt.
773 3113 807 3169 In
831 3114 929 3170 Taciti
951 3115 1025 3189 Agr.
1051 3116 1068 3170 2
1093 3123 1170 3171 recte
1194 3114 1248 3170 Er·

174 3198 285 3254 nestius
308 3205 338 3253 et
355 3197 508 3253 Waicbius
530 3208 554 3254 et
577 3217 628 3272 pro
652 3203 730 3255 etiam
753 3198 842 3272 (quod
866 3198 984 3274 Lipsius
1007 3199 1095 3256 scribi
1118 3199 1248 3273 volebat)

175 3283 302 3357 positura
327 3300 390 3338 esse
414 3281 564 3351 viderunt3
593 3280 660 3362 [cfr.
684 3282 765 3342 Suet.
789 3283 856 3340 Tib.
881 3283 918 3339 37
942 3285 1055 3341 abolescit
1076 3295 1101 3342 et
1128 3291 1171 3343 ius
1193 3303 1248 3340 mo·

176 3387 281 3441 remque
303 3368 452 3441 asylorum3
476 3367 535 3424 Tit.
560 3369 578 3424 8
602 3369 656 3424 sub
679 3363 758 3446 tin.];
787 3368 817 3424 in
840 3369 920 3427 Anu.
945 3370 1008 3441 XI,
1033 3371 1071 3426 25
1095 3379 1119 3427 et
1141 3387 1248 3427 noram

174 3452 348 3509 sententiam
372 3452 516 3527 superiori
539 3453 681 3528 adiungit.
715 3452 805 3527 Apud
822 3452 962 3511 Ovidium
982 3455 1011 3510 in
1026 3456 1147 3516 Metam.
1161 3455 1248 3524 VIII,

175 3539 235 3594 497
260 3538 302 3593 sia
326 3538 415 3593 verba
437 3537 639 3614 coniungenda
662 3546 743 3594 sunt:
763 3549 858 3613 pereat
879 3541 1023 3597 sceleratus
1046 3542 1089 3597 ille
1111 3550 1135 3598 et
1157 3542 1249 3597 trabat

174 3642 300 3697 spemque
318 3624 408 3697 patras
427 3626 553 3696 requiqae
565 3630 728 3697 patriaeque
744 3626 858 3679 ruinam.
893 3622 979 3698 Quod
998 3625 1133 3683 Handius
1144 3645 1171 3700 p.
1186 3626 1245 3682 527

174 3708 284 3776 scribit,
308 3708 358 3781 qui
376 3707 405 3763 in
423 3707 524 3763 Plauti
546 3708 705 3765 comoediis
727 3709 913 3783 reperiantur
934 3709 1001 3779 loci,
1025 3710 1097 3768 nibil
1115 3711 1248 3785 probare,

176 3792 280 3849 veliem
305 3810 355 3849 eos
378 3792 551 3859 indicassat;
582 3794 741 3868 probarent
769 3792 861 3864 enim,
890 3795 1034 3853 sermonis
1062 3803 1195 3851 naturam
1219 3803 1249 3851 et

175 3896 257 3934 usum
287 3877 362 3933 bane
390 3877 625 3935 coniunctionem
655 3896 712 3936 non
741 3878 903 3954 respuissa;
931 3881 982 3936 sed
1011 3880 1151 3955 scriptum
1174 3879 1248 3936 iilud

175 3972 254 4037 puto,
278 3962 357 4036 quod
380 3962 510 4020 Orellius
533 3963 581 4032 (ad
606 3964 687 4019 Brut.
702 3963 775 4036 302)
798 3965 976 4040 ascripserat
999 3965 1148 4040 Amphitr.
1171 3965 1195 4033 I,
1224 3968 1248 4035 l,

180 4051 253 4116 111,
277 4066 363 4120 quem
387 4047 482 4104 iocum
507 4048 557 4121 qui
581 4048 757 4123 inspexerit,
787 4050 916 4124 reperiet
938 4060 962 4107 et
984 4068 1047 4106 esse
1070 4052 1148 4105 etiam
1172 4052 1249 4124 (qao-

174 4136 245 4188 uiam
269 4135 390 4205 formam
423 4142 447 4188 et
474 4142 573 4189 statam
600 4136 670 4208 cepi,
705 4135 778 4190 (lecet
810 4138 889 4191 etiam
916 4137 996 4208 facta
1024 4153 1162 4208 moresque
1188 4136 1249 4190 item

174 4220 272 4273 similes
299 4218 417 4291 babere).
466 4219 603 4294 Apparet
633 4227 723 4275 totam
752 4218 833 4275 illam
867 4218 1081 4276 coniunctionis
1115 4217 1249 4288 formam,

175 4302 253 4375 quod
275 4303 312 4359 ad
335 4303 393 4359 duo
411 4302 531 4359 nomina
547 4303 680 4372 attineat,
704 4303 827 4376 positam
852 4322 916 4360 esse
938 4304 968 4361 iu
991 4321 1150 4379 paucorum
1171 4303 1248 4360 ioco·

174 4405 237 4442 rum
262 4386 383 4457 mendis,
407 4387 532 4444 aliorum
557 4406 649 4463 praua
671 4387 867 4446 enarratione.

260 4471 333 4548 Cap.
357 4473 513 4532 XXXIII.
538 4473 651 4530 breuiter
671 4472 813 4549 copositis)
831 4472 880 4533 Sic
894 4472 954 4532 Brl.
975 4471 1150 4530 confirmans
1167 4469 1247 4551 [cam
