3030 5086
371 487 416 532 nr
439 485 520 532 nnn.
542 485 606 531 nis.
628 485 664 533 ιι
686 484 759 532 cnr.
779 489 819 536 as.
839 488 967 575 tar-aeq
1144 465 1209 533 583

129 654 225 720 etiarn
242 653 469 719 contrariorum
486 671 608 718 summa
624 653 741 734 poterit
756 651 880 734 augeri3
901 653 945 718 ad
960 652 1087 718 virtutis
1102 660 1209 718 autern

108 755 283 822 ‘summam
305 755 455 820 accedere
477 753 555 820 nihil
575 761 694 836 potest;
717 774 756 820 ne
777 755 854 820 vitia
875 755 1000 836 quidem
1021 753 1120 836 igitur
1140 771 1208 820 cre-

130 875 218 923 scere
240 863 398 937 poterunt
421 875 503 938 quae
525 863 599 922 sunt
615 856 765 922 virtutum
783 857 949 922 centraria
983 852 1096 922 Utrum
1113 856 1209 937 igitur

130 959 256 1023 tandem
279 958 494 1040 perspicuisne
516 957 612 1023 dubia
634 959 821 1040 aperiuntur
849 978 891 1023 an
918 958 1020 1023 dubiis
1042 958 1208 1039 perspicua

130 1059 302 1124 tolluntur?
346 1059 444 1140 Atqui
466 1060 525 1124 hoc
546 1060 747 1141 perspicuum
770 1067 832 1140 est,
860 1061 937 1125 vitia
963 1060 1024 1125 alia
1046 1059 1116 1124 aliis
1138 1060 1247 1125 esseb

116 1160 263 1240 ¹maiora;
285 1159 362 1225 illud
385 1160 526 1239 dubium,
547 1161 590 1225 ad
611 1161 655 1242 id,
677 1163 761 1243 quod
784 1181 937 1227 summum
959 1163 1073 1228 bonum
1096 1160 1208 1240 dicitis,
1324 1146 1331 1158 ²

130 1277 319 1343 ecquaenam
340 1260 409 1326 fieri
431 1263 533 1343 possit
548 1263 693 1328 accessio.
728 1263 793 1329 Vos
810 1271 924 1343 autem,
946 1282 1015 1329 cum
1032 1261 1208 1345 perspicuis

129 1362 227 1428 dubia
247 1362 388 1428 debeatis
410 1363 577 1444 illustrare,
600 1364 702 1429 dubiis
723 1365 891 1447 perspicua
913 1364 1067 1431 conamini
1088 1364 1208 1429 tollere

130 1464 180 1530 68.
196 1465 314 1546 Itaque
336 1466 446 1530 eadem
463 1466 595 1559 ratione,
618 1485 681 1547 qua
699 1485 768 1531 sum
784 1467 880 1547 paulo
897 1472 972 1532 ante
987 1484 1074 1545 usus,
1096 1466 1207 1531 haere·

129 1565 210 1631 bitis.
255 1564 288 1630 Si
310 1567 392 1630 enim
413 1552 584 1648 propterea
605 1567 682 1632 vitia
708 1568 769 1632 alia
797 1568 865 1633 aliis
893 1568 1012 1633 maiora
1040 1586 1102 1633 non
1124 1573 1207 1645 sunt
1226 1569 1268 1634 10

128 1667 203 1749 quia
225 1686 266 1732 ne
287 1667 327 1732 ad
350 1665 443 1733 finem
465 1669 589 1750 quidem
612 1670 764 1734 bonorum
787 1689 872 1750 eum,
902 1688 994 1751 quem
1016 1688 1072 1734 vos
1094 1667 1206 1747 tacitis,

129 1768 300 1851 quidquam
326 1755 432 1850 potest
418 1772 620 1850 t‚acocdere
648 1771 794 1852 quoniam
815 1772 1016 1852 perspicuum
1040 1779 1103 1851 est,
1131 1770 1208 1835 vitia

201 1944 221 1990 1
241 1939 415 1989 controrrbrum
434 1954 520 1989 omnes
563 1945 586 1988 2
605 1939 664 1989 nibal
678 1941 817 2004 possuntE
853 1940 912 1989 vitia
929 1940 987 2004 qnid
1003 1942 1027 1990 Ε
1068 1944 1091 1991 b
1111 1938 1193 1989 olria'
1182 1955 1207 1988 aa

129 1995 186 2057 olir's
203 2022 303 2066 omnes,
323 2010 365 2055 Or
421 2011 442 2055 7
466 2007 508 2057 bec
530 2024 574 2071 que
596 2008 685 2057 iamE
711 2009 770 2058 baec
792 2025 895 2073 ᾳιιαιιαιιι
918 2008 939 2057 L
965 2009 1025 2058 baec
1048 2007 1206 2088 qrmenoaac

129 2080 253 2209 {metm
262 2077 293 2192 EI}
304 2077 362 2125 add.
381 2092 439 2124 usus
457 2075 548 2125 ELPR
595 2082 632 2126 11.
652 2094 702 2126 eum
721 2086 814 2142 transp.
834 2084 893 2126 ante
911 2076 1043 2140 quideme
1087 2082 1124 2127 ts.
1142 2077 1206 2125 intra

129 2304 278 2358 bustarum
295 2309 439 2357 annotant
456 2307 568 2356 tantum
588 2318 625 2357 ex
645 2295 709 2374 ξψ.)
732 2296 825 2379 [Nihil
835 2311 951 2376 possunt
967 2320 1021 2375 pro
1038 2301 1106 2358 nibil
1116 2309 1207 2375 potest

129 2385 219 2443 etiam
242 2384 278 2454 Β,
301 2385 379 2458 quod
403 2404 418 2441 e
441 2385 592 2460 superiore
615 2385 679 2442 loco
702 2394 802 2441 natum
825 2381 895 2465 est]
938 2386 1034 2443 Paulo
1056 2394 1124 2463 post
1146 2395 1206 2442 tan·

129 2472 189 2529 dem
211 2488 230 2527 a
251 2470 320 2527 Bas
343 2470 455 2529 aberat.

214 2558 278 2612 vitio
300 2557 388 2612 alia
378 2575 406 2611 m
426 2557 488 2611 aliis
510 2573 568 2612 esee
589 2555 705 2630 maiora)
724 2551 789 2634 [sic
803 2549 971 2635 edebatur.]
995 2554 1088 2614 siae
1100 2553 1206 2613 Cicero

128 2630 289 2716 scripserit,
308 2659 365 2696 non
378 2640 538 2697 attendisse
551 2659 616 2697 eum
634 2640 671 2696 ad
688 2659 749 2696 rem
767 2639 959 2716 propositam,
974 2639 1205 2716 Wesenbergius

129 2725 212 2784 vidit.
237 2726 320 2782 Haec
337 2726 414 2782 enim
428 2725 554 2781 verba
530 2743 573 2781 sic
585 2725 723 2781 vitiorum
742 2734 770 2781 et
787 2725 937 2783 hominum
955 2724 1204 2801 comparationem

128 2810 325 2886 coniungunt,
359 2819 391 2867 ut
419 2809 495 2867 alius
520 2810 601 2867 verbi
629 2829 718 2868 causa
745 2809 915 2868 ebriositate
943 2811 1036 2887 magis
1059 2810 1205 2868 excellere

87 2932 90 2937 <
129 2895 252 2966 dicatur,
276 2895 352 2952 alius
374 2895 568 2970 impudicitia,
591 2895 666 2951 alius
685 2894 869 2954 crudelitate.
903 2897 948 2953 At
968 2914 1027 2953 non
1045 2895 1076 2953 id
1097 2895 1204 2972 egitur,

127 2980 189 3049 sed,
213 2980 289 3053 sitne
306 2980 426 3038 omnino
445 2980 525 3037 aliud
543 2980 647 3037 vitium
664 2981 723 3037 alio
741 2980 816 3053 (sive
833 2980 963 3038 eiusdem
981 2981 1044 3039 sive
1061 2980 1137 3038 alius
1154 2998 1204 3056 ge·

128 3066 219 3138 neris)
241 3066 337 3122 maius
360 3075 389 3122 et
411 3066 487 3123 sitne
509 3065 539 3122 iu
563 3065 629 3122 aliis
653 3066 759 3135 maior,
788 3065 818 3122 in
847 3065 913 3122 aliis
942 3067 1036 3123 minor
1058 3065 1204 3122 vitiositas

128 3151 283 3208 universae
307 3159 438 3209 naturae.
484 3151 589 3224 Itaque
608 3170 677 3208 mox
695 3152 760 3225 (68)
780 3160 859 3207 recte
884 3150 955 3206 dicit
979 3154 1043 3207 vitia
1064 3152 1121 3206 alia
1143 3153 1204 3208 abiis

127 3239 240 3305 maiora,
264 3236 411 3310 quomodo
435 3255 528 3310 paene
550 3236 681 3293 adducor
702 3248 735 3292 ut
758 3236 805 3292 hic
828 3252 945 3309 quoque
967 3253 1033 3291 eum
1051 3235 1204 3310 scripsisse

129 3330 239 3397 putem.
283 3316 348 3400 [sie
372 3339 448 3377 nuuc
471 3339 536 3377 cum
560 3321 681 3378 Baitero
703 3321 796 3390 edidi;
820 3321 849 3377 in
872 3320 949 3377 idem
972 3319 1030 3377 iam
1044 3320 1204 3378 Lambinus

128 3401 297 3484 inciderat]

215 3492 264 3548 68.
286 3492 385 3565 Itaque
406 3491 499 3548 eodem
520 3488 636 3568 ratione)
660 3491 823 3567 Significat,
847 3508 922 3565 quae
945 3494 960 3560 ς
985 3490 1024 3546 54
1048 3498 1078 3547 et
1101 3490 1139 3547 55
1163 3491 1205 3547 le·

127 3585 246 3652 guntur.
302 3577 336 3632 in
360 3575 424 3633 eod.
449 3576 528 3633 arch.
552 3587 629 3632 erat:
658 3579 750 3650 itaque
776 3596 843 3632 usus
872 3578 964 3633 eodem
992 3578 1036 3649 (ut
1063 3574 1093 3632 iu
1115 3574 1205 3644 Pali,

128 3661 238 3729 Mead„
256 3656 352 3736 Εξχψ,
370 3660 439 3719 Gzii
454 3661 622 3736 „plerisque
640 3662 807 3732 omnibus,
820 3657 898 3742 [B])‚
916 3681 954 3718 ex
971 3679 1030 3735 quo
1042 3659 1206 3719 Cratander

126 3756 179 3803 aut
200 3746 276 3804 alius
299 3747 365 3819 quis
388 3744 485 3803 effecit
508 3749 558 3816 asi,
580 3746 824 3821 retinueruntque
843 3746 986 3804 nonnulli.
1024 3745 1093 3804 Nou
1112 3744 1206 3804 Stoici

127 3831 183 3903 hqe
205 3830 351 3889 sententia
373 3831 455 3888 usuri
478 3840 571 3902 erant,
595 3832 646 3888 sed
664 3832 768 3890 Cicero
786 3841 889 3890 eontra
907 3851 967 3890 eos.
1012 3830 1154 3889 Davisius
1176 3839 1207 3887 et

128 3915 222 3975 Gaius
246 3936 261 3973 e
285 3917 369 3974 Parr.
394 3918 412 3973 2
436 3925 465 3973 et
489 3917 521 3973 3:
551 3936 635 3992 usque
663 3920 769 3985 eadem,
798 3928 831 3974 ut
853 3918 892 3974 sit
913 3936 1029 3992 semper,
1058 3915 1205 3990 quomodo

127 4020 186 4060 nou
205 4002 291 4060 modo
304 4001 418 4072 Cicero,
442 4001 493 4060 sed
512 4022 548 4059 ne
567 4012 681 4059 veteres
698 4002 816 4077 quidem
834 4010 939 4078 poento
956 4002 1103 4069 dixerunt,
1126 4000 1205 4076 apud

128 4106 203 4162 quos
233 4107 318 4162 usque
351 4088 497 4164 signifieat
529 4088 699 4145 continuam
734 4106 787 4144 nee
820 4088 1013 4162 interruptam
1047 4086 1203 4145 actionem.

127 4174 314 4232 Vocabulum
328 4192 427 4230 errore
445 4173 559 4231 librarii
576 4192 592 4230 e
605 4173 740 4249 proxima
753 4172 822 4230 sede
839 4173 870 4229 in
882 4173 959 4229 hunc
970 4173 1067 4230 locum
1080 4171 1205 4229 translu-

128 4267 190 4315 tnm
202 4276 278 4329 esse,
297 4258 421 4329 viderat,
440 4259 555 4334 opinor,
573 4259 624 4333 qui
636 4258 680 4315 ed.
694 4258 819 4335 primam
831 4257 956 4329 curavit,
973 4257 1124 4333 secutique
1136 4266 1206 4314 sunt

128 4343 221 4415 Mau,
245 4344 305 4411 alii,
323 4355 355 4400 ut
372 4343 490 4402 lusurus
507 4344 555 4416 sit,
578 4344 630 4419 qui
646 4342 791 4402 effecerit:
815 4346 912 4419 Itaque
927 4363 1023 4401 rursus
1039 4344 1132 4400 eodem
1148 4352 1204 4400 cet.

127 4427 183 4506 [Et
199 4429 325 4487 debebat
342 4448 406 4487 esse
423 4433 528 4490 iterum.
552 4430 590 4487 Et
602 4439 701 4487 tamen
712 4430 870 4488 exornavit
881 4429 937 4487 hoc
948 4429 1156 4488 Lachmannus
1166 4428 1206 4486 ad
