3030 5086
254 476 318 542 532
648 494 694 540 nu
716 494 847 541 sumnus
870 495 942 541 aon.

253 663 322 743 ipsa
354 660 461 740 genuit
493 659 663 738 hominem,
697 661 754 726 sed
786 663 906 743 accepit
937 682 958 726 a
989 668 1104 727 natura
1135 663 1335 743 inchoatum

252 763 334 827 hanc
367 781 441 845 ergo
474 763 599 828 intuens
632 763 725 827 debet
756 763 932 826 institutum
970 764 1046 828 illud
1084 765 1174 845 qussi
1207 765 1335 846 signum

253 863 422 928 absolvere.
465 864 517 929 35.
548 864 677 944 Qualem
705 864 801 944 igitur
827 864 981 929 bominem
1009 872 1123 929 natura
1149 866 1335 931 inchoavit?

254 977 286 1028 et
318 966 402 1046 quod
434 972 483 1029 est
516 984 649 1042 munus,
689 967 773 1046 quod
812 985 891 1046 opus
925 966 1119 1046 sapientiae?
1158 967 1234 1048 quid
1267 976 1334 1048 eat,

214 1067 337 1147 equod
367 1066 408 1130 ab
437 1085 474 1130 ea
501 1067 621 1131 absolvi
649 1072 681 1131 et
706 1064 815 1147 perfici
842 1068 974 1132 debeat?
1029 1067 1061 1133 Si
1094 1068 1169 1132 nihil
1202 1070 1232 1133 iu
1266 1087 1333 1152 quo

253 1166 476 1249 perficiendum
504 1175 552 1232 est
579 1175 707 1249 praeter
737 1177 850 1232 motum
879 1168 995 1249 ingenii
1017 1171 1188 1251 quendam,
1218 1171 1250 1234 id
1272 1179 1334 1248 est,

324 1342 345 1388 Ι.
365 1355 420 1401 eryo
438 1352 487 1386 orn.
507 1336 550 1384 LP
568 1336 679 1401 r‘quarC
714 1337 857 1389 instdamll
902 1343 924 1388 8.
944 1354 1019 1402 quare
1037 1337 1146 1403 r'pilurE
1182 1348 1272 1389 natura
1290 1340 1333 1390 lto·

252 1405 335 1455 minem
354 1404 487 1456 LPCROr.
524 1412 546 1451 4.
567 1403 631 1468 qaod
648 1414 682 1454 est
700 1405 764 1469 quod
780 1406 811 1454 ab
828 1422 855 1454 eo
874 1407 897 1454 Ε
933 1411 956 1455 d.
975 1415 996 1456 et
1014 1406 1144 1457 adsoloiO
1178 1407 1214 1458 sic
1231 1407 1333 1458 anilla

254 1473 276 1522 ia
295 1491 329 1534 eo,
348 1473 413 1536 qaod
426 1472 594 1538 persistendum
614 1471 725 1526 adcor.
745 1474 769 1522 r'a
787 1491 814 1522 eo
832 1473 924 1537 quidem
940 1479 1003 1540 pers.
1024 1475 1091 1538 (1³)ss

254 1629 376 1686 clinavit
392 1628 497 1687 Cicero
520 1647 537 1684 a
561 1629 777 1704 propositopul
800 1629 915 1703 plenius
939 1649 998 1686 rem
1022 1631 1217 1704 eloqueretur.
1253 1633 1333 1690 Var-

255 1716 357 1771 borum
381 1714 512 1772 ordinem
533 1714 685 1770 confirmat
703 1713 781 1788 Spir.
796 1710 859 1793 [B].
904 1717 1003 1772 Antea
1025 1724 1102 1772 erat:
1125 1717 1186 1772 lurcio
1208 1726 1247 1773 est
1269 1736 1334 1793 sap.

254 1803 312 1857 sim.
338 1798 441 1867 Gaius,
455 1799 522 1855 Bas.
536 1817 670 1872 sequens,
688 1810 727 1856 est
738 1799 856 1865 delevit,
876 1810 983 1874 puncto
996 1810 1063 1874 post
1074 1801 1209 1858 absolvere
1221 1802 1332 1876 posito,

253 1903 311 1958 quo
329 1883 510 1958 comparatio
522 1883 704 1941 obscuratur.
733 1883 828 1940 Paulo
846 1893 914 1940 ante
930 1905 948 1939 c
960 1888 1095 1960 principio
1109 1886 1178 1954 „alii
1191 1886 1330 1945 codices“

255 1968 379 2039 Davisii,
398 1963 467 2043 Εξχ.
486 1969 614 2037 Monac,
638 1977 666 2024 et
684 1986 720 2024 ex
734 1966 757 2025 C
770 1969 860 2038 Mam,
879 1970 996 2038 Lamb.;
1019 1974 1139 2045 aprr'mo
1155 1971 1220 2028 cod.
1234 1971 1332 2030 Gron.

254 2052 325 2132 [B];
344 2053 402 2109 vid.
414 2052 452 2110 ad
463 2053 521 2118 ΙΙΙ,
530 2054 579 2109 32.
603 2053 675 2109 Mox
688 2054 757 2109 darre
768 2072 829 2126 erpo
841 2073 877 2109 ex
891 2055 917 2110 R
929 2054 1018 2115 Crat..
1032 2064 1092 2111 tum
1108 2049 1232 2112 Davssox
1241 2056 1333 2127 CCC,

241 2133 347 2197 Gaius
359 2138 447 2195 eliam
466 2137 573 2213 eSpir.
587 2133 651 2217 [B],
675 2138 744 2194 harro
760 2141 842 2210 luitur
853 2139 932 2195 Man.
945 2151 974 2195 et
987 2139 1089 2196 Lamb.
1108 2159 1144 2196 ex
1158 2140 1197 2208 03
1220 2151 1251 2198 et
1268 2161 1335 2216 erpo

253 2235 283 2281 et
304 2227 386 2298 ipisus·
407 2223 583 2280 omittebant
605 2222 688 2280 codd.
711 2223 800 2292 Pell,
819 2224 908 2293 Oxa,
928 2225 1015 2293 vica,
1034 2223 1121 2283 Grut.
1166 2226 1244 2283 Tam
1263 2227 1333 2302 (35)

253 2328 340 2383 pacare
360 2327 413 2384 pro
436 2310 542 2382 qrcalem
564 2308 651 2364 etiam
665 2307 743 2382 Spir.
756 2304 818 2388 [B].
854 2310 898 2364 De
916 2327 1005 2365 causa
1022 2310 1182 2385 generandi
1201 2311 1333 2369 hominis

252 2413 311 2450 non
334 2393 494 2468 quaeritur,
519 2393 568 2449 sed
592 2393 687 2466 qualis
710 2393 864 2450 inchoatus
887 2394 935 2451 sit.

340 2479 389 2536 35.
415 2478 449 2536 Si
469 2478 535 2534 nihil
555 2480 583 2534 ia
605 2497 658 2552 quo
675 2480 869 2553 perficiendum
886 2479 938 2551 eal)
956 2480 990 2535 ln
1008 2479 1141 2535 codicum
1159 2490 1331 2539 nostrorum

253 2562 386 2638 principe
407 2561 479 2632 fuit,
511 2573 542 2619 ut
569 2562 606 2619 ab
634 2563 763 2636 antiquis
791 2572 820 2620 et
843 2563 947 2619 iterum
976 2563 1044 2619 inde
1071 2582 1088 2619 a
1112 2563 1331 2624 Gzio'editum

254 2657 313 2705 est:
340 2651 366 2705 si
391 2649 458 2705 m'lu'l
483 2651 509 2704 in
532 2666 561 2704 eo
583 2649 670 2721 quod3
699 2647 741 2703 sic
764 2648 841 2704 enim
865 2644 929 2727 [It]
953 2647 1043 2718 Pali,
1067 2658 1192 2724 excepto
1214 2651 1331 2724 quinto,

254 2732 369 2790 Davisii
393 2732 511 2807 plurimi
533 2740 585 2788 aut
607 2749 722 2801 omnes,
746 2731 825 2790 Oxx.
850 2751 952 2788 (amnes
975 2733 1016 2802 (hi
1040 2735 1088 2789 aad
1109 2754 1163 2808 pro
1185 2737 1236 2809 aa),
1260 2735 1332 2795 Gaii

254 2827 407 2892 quattuor;
430 2814 653 2891 quintualGud.
667 2817 713 2889 2):
736 2818 803 2873 nicil
820 2819 925 2890 quidem
949 2822 975 2873 in
998 2837 1027 2873 eo
1046 2820 1247 2892 perficiendum,
1272 2821 1331 2879 nisi

253 2903 278 2959 is
300 2902 412 2971 habuit,
436 2911 469 2959 ut
490 2902 520 2958 in
539 2902 565 2959 R
582 2903 622 2975 (et
641 2920 659 2957 a
677 2902 810 2958 Manutio
829 2902 1042 2976 Lambinoque)
1059 2903 1205 2973 scribitur,
1230 2907 1331 2963 nescio

253 2987 338 3055 unde,
362 2986 545 3061 ineptissima
569 2985 727 3061 particula3
755 2986 820 3042 Pal.
847 2989 863 3042 ὁ
888 2996 916 3043 et
939 2988 1002 3043 cod.
1027 2988 1094 3046 Urs.
1118 2992 1144 3044 ci
1163 2990 1230 3046 ru'lu'l
1251 2993 1279 3047 lu
1302 3011 1357 3071 eo·

249 3073 449 3146 perficiendum,
472 3072 550 3145 quod
570 3070 709 3128 Davisius
732 3060 858 3128 tenuit‘
880 3072 942 3128 lam
965 3072 1037 3128 illud
1063 3072 1248 3129 manifestum
1274 3087 1330 3145 est,

252 3175 346 3231 neque
375 3157 403 3212 in
432 3156 599 3213 huiusmodi
627 3156 773 3213 sententia
795 3157 1005 3213 condicionali:
1034 3161 1059 3213 si
1085 3159 1152 3215 nilil
1179 3163 1206 3214 ia
1233 3180 1263 3216 eo
1292 3171 1332 3219 est

251 3241 347 3298 omitti
371 3242 492 3298 verbum
516 3259 616 3316 possa,
647 3241 704 3296 nisi
732 3259 797 3298 cum
827 3260 842 3297 e
870 3241 1021 3316 surperiore
1044 3242 1132 3299 simili
1155 3243 1331 3303 condicione

251 3326 397 3394 audiatur,
422 3337 451 3381 et
472 3345 592 3400 gravem
611 3325 815 3382 soloecismum
834 3345 897 3382 esse
915 3327 944 3381 in
969 3327 1024 3383 lrno
1046 3327 1193 3385 oratione:
1216 3333 1242 3385 sl
1263 3331 1333 3389 nala

251 3414 278 3466 in
300 3430 329 3467 eo
351 3421 398 3479 est,
424 3412 498 3485 quod
515 3412 707 3486 perficiendum
729 3421 768 3467 est
790 3412 857 3485 (pro
880 3412 935 3485 sil).
972 3412 1029 3469 Sed
1052 3412 1172 3487 gravius
1195 3423 1240 3470 ost
1263 3433 1332 3472 sen·

252 3496 361 3552 tentiae
379 3495 493 3562 vitium,
513 3496 590 3569 quod
608 3496 667 3565 ille,
685 3514 771 3569 quem
784 3495 926 3553 Davisius
945 3498 1086 3570 sequitur,
1105 3507 1253 3556 corrector
1271 3518 1332 3558 non

252 3580 334 3637 vidit.
378 3581 455 3638 Nam
484 3585 511 3636 in
538 3600 568 3637 eo
595 3590 639 3637 ost
667 3583 693 3636 in
722 3582 830 3637 domine.
876 3581 984 3654 Atqui,
1015 3591 1220 3656 praeterquam
1250 3585 1332 3659 quod

251 3665 418 3722 necessario
441 3665 524 3740 sequi
548 3665 688 3722 debebat:
710 3676 875 3723 accesserat
897 3669 1043 3740 ei(neque
1061 3668 1137 3723 enim
1162 3667 1223 3723 ullo
1241 3669 1334 3728 modo

252 3751 429 3824 pronomini,
452 3750 530 3823 quod
553 3759 598 3806 est
620 3753 652 3818 is,
675 3750 717 3806 sio
740 3751 801 3808 duic
822 3750 979 3825 superaddi
1003 3755 1126 3825 potest),
1151 3752 1333 3812 manifestis-

252 3835 356 3891 simum
381 3845 425 3891 est
443 3854 480 3891 ex
499 3835 545 3891 his
563 3835 675 3892 verbis:
699 3853 783 3891 nunc
806 3836 844 3892 cle
867 3838 1012 3892 dominis
1034 3856 1135 3893 ruarmo
1158 3837 1223 3894 dono
1246 3859 1334 3914 quae·

252 3923 335 3990 rilur,
365 3920 518 3994 superiora
546 3939 604 3975 non
633 3921 668 3976 de
696 3919 814 3977 homine
843 3920 939 3995 posita
967 3938 1044 3989 esse,
1074 3922 1124 3978 sed
1153 3921 1334 3984 Ciceronem

252 4005 448 4061 conclusionis
471 4023 560 4062 causa
577 4005 695 4067 dixisse,
719 4004 789 4078 quid
814 4005 840 4061 ei
864 4005 997 4061 ultimum
1015 4005 1146 4063 futurum
1167 4019 1255 4079 esset,
1279 4011 1335 4086 qni

251 4109 320 4158 non,
344 4099 375 4145 nt
398 4089 494 4160 homo,
519 4108 555 4145 ex
579 4090 676 4146 animo
699 4098 729 4146 st
751 4107 884 4165 corpore,
907 4089 958 4146 sed
981 4109 1017 4146 ox
1040 4092 1135 4147 altera
1156 4103 1224 4149 utra
1246 4105 1336 4170 parts

252 4184 414 4230 constaret:
442 4177 468 4230 si
488 4176 555 4230 m'lil
576 4178 601 4230 ia
625 4194 692 4248 quo,
716 4174 745 4230 id
768 4183 822 4244 est,
845 4179 871 4230 lu
894 4178 1005 4231 arrimall
1026 4179 1118 4250 aliquo
1136 4179 1337 4251 perficiendum

252 4269 298 4315 est.
317 4259 421 4316 deinde
439 4259 477 4316 ad
493 4260 640 4317 hominem
659 4259 793 4316 transire.
828 4259 933 4318 Scriba
949 4279 1007 4315 non
1022 4260 1177 4332 intellexit,
1195 4282 1251 4336 qaeu
1263 4284 1338 4340 pro·

253 4363 358 4400 nomen
376 4344 558 4401 indefinitum
572 4363 645 4415 esse,
663 4353 692 4401 et
709 4345 849 4414 rnutavit;
866 4343 919 4400 cfr.
932 4345 968 4401 ad
981 4345 1038 4412 ΙΙΙ,
1053 4348 1103 4404 70.
1137 4346 1201 4404 Iam
1215 4359 1337 4410 rectum

249 4441 296 4485 est
318 4429 379 4487 laic
402 4432 483 4504 (lali).
519 4426 656 4511 [Poterat
678 4428 767 4486 etiam
790 4448 827 4487 ex
850 4433 877 4487 in
899 4449 929 4487 eo
951 4432 1025 4504 qaod
1046 4430 1108 4488 flori
1130 4433 1163 4487 in
1185 4433 1341 4519 aliqua]
