3030 5086
426 473 469 519 nr
493 472 573 519 una.
596 472 658 517 ms.
681 473 705 517 11
727 472 800 520 esu.
822 476 863 524 24.
882 473 1014 534 (rr-re.)
1194 456 1256 540 2l3

180 642 249 709 deri
270 640 415 706 tortasse.
460 641 541 705 Esse
563 640 657 718 enim,
680 639 739 703 uisi
762 640 839 718 eris,
863 659 924 705 non
946 647 1051 721 potes;
1079 640 1132 721 qui
1153 646 1259 705 numm

181 761 252 809 esse
273 742 401 825 poteris,
425 741 483 806 nisi
507 750 538 807 te
559 737 647 806 timor
668 741 737 822 ipse
760 741 899 823 ceperit?
920 742 1005 822 quod
1028 760 1089 806 non
1106 742 1259 807 subducta

181 844 324 910 utilitatis
348 843 470 908 ratione
492 841 571 908 effici
594 842 686 921 solet,
716 843 772 907 sed
798 843 902 923 ipsum
922 861 948 906 'a
970 861 1003 907 se
1026 842 1126 907 oritur
1148 849 1180 908 et
1201 861 1259 909 sua

181 952 296 1028 sponte
312 945 459 1010 nascitur.
495 946 556 1015 „At
572 944 653 1009 enim
670 962 784 1024 sequor
800 943 993 1008 utilitatem.“
1028 944 1168 1010 Manebit
1183 962 1258 1025 ergo

181 1048 318 1112 amicitia
340 1054 404 1111 tam
426 1046 487 1123 diu,
510 1064 603 1126 quam
627 1045 681 1109 diu
703 1052 852 1125 sequetur
874 1045 1004 1124 utibtas,
1028 1052 1068 1124 et,
1090 1047 1118 1110 si
1139 1046 1296 1112 utilitasb
1332 1036 1335 1041 ’

182 1149 352 1215 constituet
373 1147 549 1224 amicitiam,
572 1146 660 1211 tollet
681 1148 798 1211 eadem.
845 1147 893 1211 79.
916 1147 978 1212 Sed
1000 1147 1073 1228 quid
1096 1165 1170 1226 ages
1188 1154 1258 1211 tan-

256 1340 275 1386 t.
295 1334 336 1398 qai
352 1341 429 1382 catera
452 1360 477 1368 -
499 1331 558 1383 solet
576 1333 673 1383 Nonius
692 1338 776 1398 pass
809 1333 927 1398 potentii
963 1338 986 1382 2.
1003 1341 1070 1397 potes
1088 1333 1152 1383 Non.
1173 1333 1257 1382 om.P

183 1412 205 1452 tc
229 1401 277 1452 omss
297 1402 319 1452 C
353 1402 396 1450 aab
420 1399 492 1455 data
514 1400 624 1450 utilitatis
647 1404 720 1450 codd.
740 1400 961 1465 (Nomsabclacto)
1007 1407 1029 1452 ³.
1049 1399 1165 1455 asiseli
1187 1418 1217 1450 ex
1233 1418 1259 1450 se

184 1470 261 1521 MCR
296 1476 319 1521 4.
338 1469 398 1518 enin
416 1468 474 1535 (pro
491 1469 592 1534 eryolc
629 1476 651 1519 n.
671 1487 742 1534 qaam
760 1469 801 1520 dia
819 1485 867 1519 om.
890 1469 979 1536 [ΜΕ
1015 1474 1039 1518 6,
1057 1469 1186 1519 arnicnliam
1204 1486 1259 1518 con·

182 1539 263 1589 sta'taet
281 1536 468 1588 scrutentur.
506 1538 598 1602 aquil]

179 1695 302 1771 prodest.
345 1693 434 1750 Nunc
462 1709 526 1749 cum
555 1691 692 1750 Baiterus
722 1692 895 1763 indicasset,
926 1692 955 1748 in
984 1693 1013 1748 Α
1042 1702 1072 1748 et
1095 1693 1119 1749 B
1147 1700 1175 1748 et
1199 1692 1260 1750 Erl.

185 1798 249 1837 esse
282 1779 406 1847 cadesim,
440 1778 539 1834 statim
573 1777 706 1834 intellexi
739 1780 874 1835 rederentet
906 1777 1072 1853 significare
1105 1775 1260 1856 redundes]

185 1864 300 1922 Deinde
323 1865 408 1938 inquit
433 1862 528 1932 „Pau
553 1862 719 1931 meliorem,
743 1862 829 1933 Ball,
853 1862 922 1921 Gaii
945 1873 1005 1920 tres
1027 1862 1176 1937 ediditque
1200 1864 1260 1921 Da-

186 1949 286 2007 visius.
331 1947 431 2023 Fingit
453 1948 508 2004 sibi
530 1946 633 2006 Cicero
657 1948 684 2003 h.
708 1947 726 2003 l.
749 1949 951 2005 adversarium
973 1947 1131 2014 incertum
1155 1947 1259 2005 deinde
1320 1964 1323 1970 ·

185 2034 309 2102 sensim,
337 2042 438 2108 aperte
467 2044 564 2090 autem
594 2033 667 2102 §80
696 2032 801 2089 transit
829 2033 866 2089 ad
889 2033 1081 2106 Torquatum.
1132 2034 1165 2088 In
1192 2043 1260 2089 ante

185 2140 215 2177 ec
236 2118 348 2175 addunt
370 2118 457 2174 etiam
480 2131 540 2193 χψ,
566 2117 692 2187 Marsus,
715 2118 809 2185 vies,
833 2116 952 2192 opinor,
976 2117 1136 2174 deteriores
1159 2136 1260 2175 omnes

185 2214 303 2280 praeter
325 2198 377 2272 Εξ.

271 2289 343 2344 Esse
360 2290 436 2356 enim,
454 2289 507 2343 nisi
521 2290 584 2357 ern's,
602 2306 654 2342 non
667 2287 757 2361 potes)
769 2285 864 2343 Panlo
882 2286 1035 2343 obscurius
1047 2285 1151 2345 Cicero
1164 2285 1217 2364 [et‚
1236 2287 1262 2345 si

185 2392 287 2432 severe
300 2373 390 2429 verba
403 2372 514 2447 exigas,
533 2370 729 2448 subabsurde]
747 2371 924 2447 significarit
940 2371 1157 2429 conclusionem
1175 2390 1261 2448 argu-

186 2459 292 2527 menti;
310 2458 408 2532 (qua'm
422 2466 575 2532 praeterea
587 2457 747 2512 infirmavit
759 2456 891 2512 nonnihil
909 2456 937 2512 in
951 2455 1024 2512 illis:
1041 2458 1117 2530 qaod
1130 2476 1181 2512 nori
1197 2459 1262 2514 solet

186 2552 241 2601 cet.
275 2542 380 2616 Neque
403 2542 479 2599 enim
503 2559 540 2597 ex
564 2560 608 2610 eo,
633 2541 711 2615 quod
734 2540 796 2597 fieri
820 2543 903 2609 solet,
927 2540 978 2598 sed
1001 2559 1037 2597 ex
1062 2541 1126 2615 ipsa
1148 2541 1190 2598 rei
1210 2560 1260 2598 na·

187 2639 253 2686 turs
275 2637 305 2685 et
327 2647 364 2683 ex
387 2627 582 2702 repugnantia
605 2627 741 2699 ducitur).
776 2625 826 2683 Sic
848 2626 925 2682 enim
950 2626 1156 2684 ratiocinatur:
1180 2626 1262 2683 Dicis

186 2721 216 2770 te
233 2713 299 2770 ideo
318 2712 370 2768 tali
387 2718 450 2768 esse
467 2711 575 2778 animo,
594 2711 663 2784 quia
680 2711 734 2767 tibi
752 2711 845 2786 prosit
862 2729 940 2779 esse3
958 2720 988 2767 at
1006 2710 1030 2767 is
1048 2712 1162 2768 animus
1180 2712 1208 2768 in
1227 2730 1262 2769 eo

187 2797 251 2874 ipso
274 2797 388 2872 positus
410 2806 462 2852 est.
486 2805 527 2866 ut,
552 2796 667 2853 etiamsi
691 2795 764 2851 nibil
781 2796 818 2852 ad
837 2808 864 2852 te
883 2796 990 2863 veniat,
1015 2813 1050 2851 nc
1068 2797 1181 2870 species
1198 2797 1263 2871 qui·

188 2883 253 2940 dem
272 2892 302 2939 st
319 2901 356 2939 ex
375 2882 549 2951 cantilinae,
572 2881 698 2938 amicum
717 2881 801 2937 bonis
820 2880 996 2949 afficivelis3
1020 2880 1118 2954 itaque
1135 2880 1169 2949 si,
1193 2881 1263 2955 qnia

187 2968 315 3043 prodest,
339 2966 391 3023 tali
414 2967 512 3023 animo
536 2985 575 3037 es,
599 2985 656 3021 non
680 2984 711 3022 es
735 2965 786 3022 tali
810 2966 917 3034 enimc,
941 2965 991 3022 sed
1010 2965 1119 3022 videris
1137 2956 1261 3024 teritum.

188 3052 288 3130 [Quod
313 3051 460 3109 Graserus
484 3053 543 3125 p.8
567 3051 821 3107 commentationis
844 3052 880 3106 ad
903 3051 928 3119 Ι,
943 3051 981 3106 23
1005 3050 1150 3106 indicatae
1174 3050 1262 3107 scribi

188 3137 282 3194 iubet:
305 3138 378 3193 Esse
395 3139 470 3199 enaim,
494 3140 547 3192 nisi
562 3138 670 3206 videris,
693 3155 744 3192 nori
758 3138 878 3209 prodest,
901 3136 979 3209 qnod
995 3135 1128 3192 Baiterus
1145 3145 1263 3192 secutus

188 3233 241 3291 est,
265 3221 438 3280 Ciceronem
462 3221 556 3296 ipsum
580 3240 645 3277 eum
669 3221 843 3290 correxisse,
866 3232 990 3295 apparet
1012 3221 1070 3276 iam
1093 3238 1131 3276 ex
1150 3220 1263 3277 duabus

190 3307 308 3364 vocibus
332 3306 476 3380 separatis
499 3310 563 3377 (eric
587 3338 623 3347 -
641 3308 730 3380 potes)
753 3306 816 3361 sine
839 3305 899 3361 ullo
922 3305 1030 3361 indicio
1054 3305 1188 3372 mutatis3
1211 3324 1263 3380 ap-

190 3401 272 3467 paret
294 3391 383 3448 etiam
407 3410 444 3447 ex
467 3410 516 3460 eo,
546 3391 623 3464 quod
647 3391 794 3464 sequitur:
823 3394 871 3464 qai
891 3400 979 3446 natan
1000 3409 1075 3447 ecce
1094 3394 1209 3465 poteris,
1233 3390 1262 3446 in

188 3496 247 3551 quo
275 3476 463 3533 continuatur
490 3476 716 3551 argumentatio.
762 3475 884 3534 Utilitas
918 3494 954 3531 ex
988 3475 1085 3550 specie
1114 3484 1264 3550 captatum

189 3562 239 3618 sed
268 3562 331 3636 ipsa
361 3561 412 3617 illa
440 3561 549 3635 speciei
577 3560 681 3634 petitio
710 3561 788 3617 tollit
815 3578 890 3628 rem,
925 3578 1001 3633 quae
1034 3560 1132 3634 posita
1161 3570 1206 3616 est
1234 3560 1263 3616 in

132 3638 133 3641 ¹
189 3645 436 3723 nihil‘petendo]
482 3646 621 3702 Subducto
649 3665 664 3701 e
688 3645 787 3701 Nonio
810 3645 937 3701 restituit
961 3644 1136 3708 Lambinus,
1165 3657 1197 3701 nt
1219 3643 1262 3701 fa·

189 3731 323 3787 ciendum
348 3749 411 3787 esse
436 3731 549 3786 viderat
573 3729 723 3796 Morelius.
777 3729 973 3788 Consentiunt
996 3729 1024 3784 in
1050 3730 1154 3786 mendo
1177 3728 1265 3796 Pell,

190 3814 254 3893 [B.]
277 3815 370 3882 Dav.,
394 3814 488 3883 Oxx„
513 3815 630 3872 Gziani.
677 3814 736 3871 Pro
764 3836 781 3870 c
804 3835 832 3871 sc
854 3815 942 3871 etiam
967 3814 1045 3889 Spir.
1068 3813 1140 3891 [nnn
1165 3813 1205 3891 B]
1227 3816 1266 3871 acl

189 3920 232 3968 se;
256 3900 405 3956 Victorius
429 3909 458 3956 et
481 3901 621 3957 Davisius
645 3920 660 3955 e
684 3900 778 3956 tribus
797 3900 858 3957 suis
877 3899 968 3971 (Gud.
984 3902 1013 3972 1)
1036 3919 1069 3955 ea
1091 3919 1128 3956 se.
1174 3899 1264 3956 Prae·

190 3995 248 4042 stat
270 3985 408 4041 alterum.
438 4005 494 4041 non
519 3985 612 4042 solum
637 3994 759 4059 propter
781 3986 999 4050 auctoritatem
1028 3983 1064 4040 de
1094 3984 1177 4041 initio
1206 4002 1264 4040 non

189 4070 308 4126 aliunde
331 4081 458 4145 sumpto,
482 4081 515 4126 ut
537 4070 643 4127 dicitur
666 4071 741 4125 lanino
763 4090 780 4125 a
803 4090 831 4127 se
853 4080 935 4127 ertias.

277 4155 326 4211 79.
350 4158 471 4212 utilitatis
494 4176 578 4212 carisa
600 4154 761 4230 erpetencin)
786 4155 936 4211 Damnant
958 4155 1029 4209 haec
1052 4154 1143 4210 verba
1161 4153 1265 4209 Mann-

192 4240 262 4303 tius,
294 4240 454 4297 Lambinus
478 4241 538 4314 (qui
570 4260 587 4296 a
615 4239 763 4297 nonnullis
791 4239 941 4296 codicibus
969 4239 1072 4295 abesse
1100 4237 1265 4314 significare

191 4325 328 4399 ridetur),
352 4325 493 4382 Davisius
516 4326 578 4399 (qui
596 4325 624 4380 in
639 4325 710 4381 El.l
733 4325 842 4381 omissa
865 4323 975 4397 tradit),
999 4324 1081 4380 nulla
1099 4322 1171 4380 satis
1189 4322 1267 4380 insta

190 4429 288 4471 causa.
332 4411 466 4468 Aberant
490 4422 586 4467 tamen
611 4410 697 4467 ctiam
722 4410 759 4466 ab
783 4408 840 4468 Ort.
864 4410 889 4466 E
912 4405 940 4482 (ξ
961 4410 1156 4484 caprimenda).

1032 4527 1061 4573 ts
