3030 5086
255 437 296 501 10
644 454 691 501 ne
714 454 845 503 numus
868 455 939 502 eon.

256 629 306 688 cst
326 629 390 687 tam
418 623 558 702 invidus,
586 623 640 705 qui
667 624 706 688 ab
734 643 770 689 eo
798 644 856 690 nos
883 624 1039 689 abducat?
1072 625 1121 691 siu
1143 624 1345 699 laboramus,

257 724 327 806 quis
350 733 411 804 est,
439 726 491 806 qui
518 725 637 790 alenae
660 726 787 790 medum
809 732 929 791 statuat
950 726 1145 794 industriae?
1196 726 1284 793 Nam
1308 731 1346 789 ut

258 827 463 893 Terentianus
487 826 633 892 Chremes
661 845 723 891 non
750 827 953 907 inhumanus,
983 828 1037 910 qui
1064 847 1188 895 nouum·
1201 829 1344 895 viduum

257 946 319 993 non
342 929 409 993 vult

214 1038 236 1103 τ)
343 1030 490 1094 Fodere
512 1041 579 1095 aut
599 1050 713 1096 arare
735 1040 801 1096 aut
823 1030 973 1113 aliquid
996 1030 1101 1099 ferre
1122 1032 1297 1113 denique

330 1239 348 1282 1.
368 1232 462 1282 tirnr'due
482 1235 503 1283 E
538 1234 680 1284 deducente
717 1240 740 1286 2.
759 1252 805 1284 non
823 1243 847 1284 ut
866 1233 896 1283 1²¹
917 1243 942 1283 ut
960 1236 1050 1285 omli

257 1434 302 1481 eat
335 1425 447 1500 (cetera
481 1424 522 1481 sic
556 1424 680 1500 legende
713 1434 796 1481 sunt:
829 1442 889 1482 cum
917 1434 1032 1500 ternpore
1059 1429 1125 1482 unni
1151 1434 1343 1501 tempestatum

256 1519 338 1584 etque
359 1512 427 1567 caeli
447 1513 627 1568 conversiones
649 1512 915 1584 corrnnntntioneeqne
942 1520 1032 1567 tentae
1046 1511 1119 1585 fiunt
1140 1529 1251 1569 ucceaeu
1276 1511 1343 1568 etel-

258 1597 346 1652 lorum
367 1604 392 1652 et
413 1594 543 1672 recessu),
567 1595 680 1666 ibd.ll‚
696 1596 765 1665 142,
789 1595 840 1651 ubi
863 1595 939 1652 idem
962 1604 992 1651 ot
1009 1598 1077 1653 enim
1099 1595 1188 1654 scribi
1207 1595 1343 1654 volebat.

258 1681 323 1737 Hoc
345 1683 437 1737 etenim
460 1690 528 1738 ante
551 1680 604 1738 hos
627 1698 737 1756 paucos
759 1698 852 1738 annos
874 1698 890 1737 e
911 1679 993 1738 codd.
1011 1680 1127 1739 restitui
1145 1680 1285 1740 Ciceroni
1309 1680 1341 1737 in

258 1774 332 1823 orat.
358 1776 411 1840 pro
435 1766 529 1850 Balbo
554 1767 593 1822 24
617 1763 740 1843 (Etenim
761 1768 789 1821 r'n
811 1766 845 1822 P.
858 1766 895 1822 R.
916 1784 999 1839 arene
1020 1763 1073 1843 eet)
1096 1774 1126 1823 et
1149 1766 1188 1824 32
1212 1764 1343 1844 (Etenim

258 1853 391 1926 quaedam
408 1853 523 1924 foedere
546 1849 661 1929 ertum).

343 1932 489 2015 [abctncnt)
523 1935 676 1995 cesseram
705 1936 734 1993 in
764 1935 862 2010 priore
891 1935 960 1992 edit.
984 1935 1152 1993 auctoritati
1175 1935 1239 1994 cod.
1263 1935 1341 2007 Em,

258 2039 316 2077 non
339 2031 427 2078 recte.
472 2021 569 2078 Etiam
594 2021 619 2078 B
641 2017 782 2100 adducet]

344 2105 418 2162 llum
440 2117 469 2163 nt
496 2107 670 2163 Terentianus
696 2105 835 2184 Clerernes)
858 2105 995 2163 Errorem
1020 2104 1084 2164 cod.
1103 2105 1129 2163 P
1151 2115 1271 2164 secutus
1294 2114 1344 2164 est

259 2191 483 2261 Lallemandus‚
507 2190 630 2258 oblitus,
653 2191 814 2268 particulas
836 2201 865 2247 ut
889 2223 927 2233 -
951 2193 990 2247 sic
1012 2208 1069 2247 non
1095 2190 1191 2248 minus
1212 2190 1286 2266 poni
1309 2190 1342 2248 in
1398 2184 1403 2191 ’

258 2276 413 2334 contrariis
442 2277 647 2352 comparandis
676 2295 763 2351 quam
792 2276 821 2332 in
851 2275 1011 2345 similibue3
1045 2274 1104 2333 vid.
1134 2274 1221 2333 modo
1249 2275 1343 2333 huius

259 2362 357 2438 operis
379 2361 430 2418 lib.
453 2362 478 2423 Ι,
502 2363 541 2418 49
565 2372 595 2418 et
619 2363 667 2430 67,
692 2363 732 2431 ΙΙ,
758 2363 796 2418 67
821 2371 850 2418 et
876 2362 945 2431 100,
968 2359 1006 2416 al.

344 2458 391 2503 aret
412 2449 519 2522 aliquid
534 2449 611 2520 serre
633 2446 759 2523 (tentique)
784 2448 896 2503 Versus
924 2454 967 2503 ost
991 2463 1029 2501 ex
1052 2444 1291 2503 Heautontimor.
1314 2445 1343 2515 l,

263 2536 293 2601 1,
326 2534 377 2602 17,
407 2532 457 2589 ubi
485 2531 626 2591 Chremes
654 2532 860 2589 Menedemum
888 2531 1041 2601 admonet,
1075 2540 1107 2587 ut
1140 2529 1196 2587 sibi
1225 2542 1342 2605 pareat.
1392 2526 1398 2535 ’

261 2617 413 2674 Bentleius
436 2636 473 2673 ex
495 2617 667 2693 Engrephio
691 2626 718 2675 ot
745 2617 862 2673 Donato
885 2616 922 2673 ad
945 2616 1066 2673 Plrorrn.
1091 2616 1121 2683 1,
1146 2616 1178 2681 2.,
1203 2617 1241 2673 71
1267 2615 1344 2693 legit

258 2704 365 2777 clian'd
380 2705 476 2776 facere
503 2704 625 2776 deniqne.
675 2702 820 2777 Equidem
849 2701 927 2776 apud
950 2700 1122 2759 Terentium
1151 2699 1211 2758 illis
1238 2718 1343 2759 asseu-

260 2788 329 2853 tior,
358 2787 409 2861 qui
431 2806 450 2845 a
472 2806 544 2845 voce
567 2790 681 2862 <lenione
703 2806 809 2845 novam
840 2786 1015 2844 sententiam
1038 2785 1169 2862 incipere
1191 2794 1344 2856 statuuut;

258 2892 326 2930 nam
350 2882 506 2947 postquam
529 2872 671 2932 Chremes
693 2873 770 2929 dixit
791 2881 846 2929 turn
868 2891 945 2929 mune
967 2880 997 2928 et
1014 2880 1069 2928 tum
1089 2873 1202 2946 centeri,
1226 2870 1345 2948 colligit

259 2958 372 3017 omnia:
407 2960 520 3033 denique
542 2957 655 3015 Nullum
682 2960 794 3015 renn'ttio
821 2968 932 3032 tempus.
989 2956 1124 3013 Donatus
1147 2956 1264 3029 quidem
1289 2956 1345 3031 (ad

259 3043 380 3100 Phorm.
404 3044 423 3103 l.
447 3045 488 3117 c.)
511 3044 654 3100 hocloco
677 3043 783 3107 utitur,
812 3052 845 3099 ut
867 3042 1017 3110 ostendat,
1048 3042 1143 3099 solere
1165 3041 1344 3100 Terentium

259 3131 373 3203 denique
399 3128 429 3185 in
459 3128 515 3184 fine
543 3146 667 3204 ponere3
701 3147 755 3185 nec
789 3136 886 3183 tamen
921 3127 1017 3184 minus
1050 3125 1222 3200 frequenter
1254 3125 1344 3185 initio

260 3214 357 3289 ponit,
382 3223 414 3270 ut
436 3213 511 3270 Eun.
535 3213 615 3270 Prol.
640 3214 695 3283 40,
719 3212 813 3270 Andr.
838 3213 868 3280 1,
896 3216 927 3282 1,
955 3213 1028 3280 120,
1053 3211 1128 3268 Eun.
1152 3212 1216 3283 111,
1244 3215 1276 3284 1,
1300 3212 1342 3269 42

260 3308 291 3356 et
314 3300 353 3355 54
382 3308 412 3356 at
439 3298 510 3354 alibi
539 3297 612 3369 (vid.
639 3297 838 3354 Weeterlrorii
861 3297 944 3370 ind).
1002 3295 1059 3355 Sed
1084 3295 1257 3355 Ciceronem
1286 3297 1345 3355 hoc

260 3384 325 3441 loeo
348 3383 471 3442 alteram
494 3382 704 3440 sententiarum
728 3382 956 3452 distinctionem,
979 3400 1067 3457 quom
1090 3400 1194 3439 versus
1216 3380 1344 3439 subicie-

262 3470 327 3540 bat,
355 3477 486 3526 secutum
511 3487 575 3525 esse
599 3477 694 3543 petet;
723 3485 790 3524 nam
814 3467 973 3531 Lambino,
1002 3467 1145 3541 quosdam
1168 3466 1260 3524 libros
1283 3484 1345 3524 uon

260 3554 370 3612 habere
392 3556 505 3628 derrique
527 3551 697 3626 affirmanti,
720 3571 778 3610 non
802 3552 899 3610 credo.
944 3552 1020 3609 Tum
1045 3553 1158 3626 denique
1180 3560 1233 3609 eut
1253 3570 1345 3628 gene-

260 3639 351 3697 ralem
376 3638 525 3696 notionem
549 3636 671 3716 (acere)
693 3638 843 3713 requirere
866 3637 983 3695 videtur
1005 3646 1057 3694 sut
1078 3636 1231 3708 leviorem,
1254 3655 1344 3712 quam

261 3743 337 3801 qnae
365 3733 410 3781 est
437 3724 466 3780 in
489 3726 587 3798 fodere
614 3733 661 3780 aut
692 3724 722 3780 in
751 3743 839 3780 crare.
894 3723 971 3780 Nam
1000 3721 1111 3779 frustra
1140 3722 1276 3779 Handius
1299 3723 1345 3797 (11

262 3831 290 3887 p.
304 3811 364 3867 270
383 3819 411 3866 et
428 3829 456 3884 p.
471 3810 546 3883 277)
569 3809 637 3865 huie
661 3809 822 3884 particulae
845 3807 995 3865 minuendi
1013 3808 1072 3865 vim
1097 3807 1211 3883 eripere
1234 3806 1344 3880 studet,

261 3914 337 3971 qnae
360 3895 454 3951 oritur
476 3895 652 3961 necessario,
676 3913 819 3951 conuersa
836 3894 977 3951 orationis
996 3891 1102 3964 forma,
1126 3912 1163 3949 ex
1186 3911 1230 3963 ea,
1254 3910 1344 3967 quam

262 3981 325 4056 ipse
349 4000 375 4055 p.
403 3981 464 4037 268
488 3980 663 4055 explicavit,
693 3979 863 4036 intendendi
892 3979 1120 4055 significatione3
1151 3978 1251 4052 itaque
1279 3977 1345 4054 ipse

263 4066 318 4124 sibi
341 4074 501 4142 repugnat,
531 4083 596 4122 cum
619 4074 667 4120 end
689 4066 802 4138 (tentique
824 4065 853 4121 in
883 4065 1039 4139 negatione
1062 4063 1133 4121 dicit
1156 4071 1345 4121 assecutae

264 4183 304 4194 —
322 4153 437 4226 quidem.
472 4152 543 4226 lpse
566 4150 617 4207 illa
640 4149 870 4206 enumerationis
893 4149 1112 4206 concludendas
1134 4147 1230 4206 forma
1253 4147 1345 4224 signi·

263 4238 381 4307 ficetur,
410 4237 453 4295 id.
483 4236 561 4311 qrrod
590 4245 739 4312 postremo
761 4235 827 4292 loeo
856 4244 995 4310 ponatur,
1026 4235 1176 4291 minimum
1205 4251 1283 4303 esso,
1313 4233 1344 4290 in

264 4342 322 4397 quo
345 4323 488 4379 consistat
515 4322 609 4379 oratio
638 4331 786 4396 tamquam
816 4320 845 4376 in
874 4331 1023 4388 extremm
1053 4320 1083 4376 id
1107 4326 1291 4394 potestesse
1315 4328 1346 4376 et

264 4417 307 4464 eet
330 4407 393 4464 lere
416 4406 566 4483 generale:
596 4407 691 4462 minus
714 4415 757 4462 ost
782 4404 874 4473 enim,
899 4404 1016 4461 sublata
1038 4405 1092 4461 heo
1115 4403 1162 4459 vel
1185 4403 1237 4461 illo
1258 4423 1346 4480 prae·
