3030 5086
768 811 792 883 l.

332 969 395 1049 51.
431 965 463 1030 Si
485 966 533 1030 cui
556 966 615 1028 hoc
637 964 750 1046 negotii
774 965 881 1029 datum
899 964 939 1027 sit
955 964 1057 1040 iudici,
1080 971 1123 1041 ut,
1145 981 1223 1040 cum,
1242 963 1317 1044 quid

244 1075 412 1155 aliquando
434 1073 474 1137 ab
497 1072 600 1153 aliquo
622 1073 737 1137 dictum
760 1071 815 1150 sit,
844 1070 930 1136 nrulti
954 1090 1014 1135 non
1038 1071 1116 1135 satis
1138 1078 1318 1135 constanter

247 1188 384 1258 narrent,
408 1181 552 1260 reperiat,
571 1180 645 1260 quid
663 1180 692 1243 iu
712 1199 750 1245 ea
766 1199 801 1244 re
817 1198 925 1245 verum
943 1179 991 1259 sit,
1014 1179 1049 1258 is,
1069 1179 1095 1242 si
1113 1181 1251 1258 prudens
1269 1181 1317 1255 sit,

246 1309 306 1354 nou
331 1288 429 1353 solum
451 1287 510 1352 hoc
532 1293 652 1368 spectet
673 1288 703 1351 in
727 1287 861 1353 testibus
884 1285 1055 1363 audiendis,
1078 1305 1169 1367 quam
1187 1286 1319 1367 quisque

247 1416 305 1478 per
327 1415 361 1461 se
383 1396 452 1476 ipse
473 1393 544 1459 fidei
568 1395 742 1476 opinionem
766 1395 891 1473 ailerat,
920 1395 975 1459 sed
1002 1401 1076 1458 ante
1098 1393 1201 1458 omnia
1223 1412 1318 1474 quae·

247 1506 379 1570 rendum
403 1503 459 1568 sibi
482 1510 585 1584 putet,
608 1503 677 1584 quis
700 1523 720 1567 a
742 1521 803 1584 quo
826 1502 973 1581 audierit,
999 1511 1033 1566 ut
1055 1502 1099 1566 sic
1121 1520 1265 1583 magnam
1289 1508 1320 1565 ct

247 1612 434 1679 inconditam
458 1611 582 1676 testium
606 1611 727 1675 turbam
750 1612 791 1675 ad
814 1628 931 1691 paucos
959 1619 990 1675 et
1012 1616 1113 1675 certos
1137 1610 1271 1690 redigat,
1299 1629 1320 1673 a

248 1720 360 1803 quibus
383 1719 476 1785 ceteri
500 1738 564 1782 rem
587 1719 776 1799 acceperint;
806 1736 874 1782 cum
898 1724 1000 1807 autem
1024 1736 1078 1782 eos
1101 1717 1266 1793 invenerit,
1289 1728 1321 1781 et

248 1828 317 1893 illos
339 1827 456 1893 alteros
479 1826 621 1909 neglegat
648 1835 680 1890 et
706 1826 764 1890 hos
793 1826 881 1907 quasi
904 1826 994 1906 primi
1017 1825 1135 1889 ordinis
1159 1833 1253 1889 testes
1276 1825 1321 1890 sic

147 2003 150 2009 ,
249 1944 407 2016 comparet
436 1934 679 2014 contendatque,
712 1941 762 2011 ut,
790 1941 937 2014 quantam
965 1933 1097 2014 quisque
1124 1934 1320 2013 sequentium

249 2041 476 2108 multitudinem
500 2040 617 2119 trahat,
647 2039 721 2104 nihil
750 2041 791 2104 ad
819 2059 884 2105 rem
911 2041 1067 2122 pertinere
1089 2040 1211 2105 iudicet.
1256 2041 1321 2106 Nec

248 2151 341 2215 aliter
363 2149 455 2214 faciet
478 2148 597 2229 peritus
620 2148 720 2226 iudea,
744 2167 811 2213 cum
835 2168 872 2212 ex
892 2149 995 2212 multis
1018 2148 1194 2213 tabularum
1218 2167 1320 2213 exenn-

249 2258 309 2339 plis
332 2263 514 2339 quaeretur,
542 2255 616 2336 quid
644 2255 675 2320 iu
703 2275 764 2320 uno
792 2255 895 2336 aliquo
918 2263 1117 2336 testamento,
1146 2257 1231 2337 quod
1260 2276 1320 2321 non

250 2366 374 2444 extabit,
397 2365 546 2445 scriptum
570 2362 671 2443 fuerit,
694 2364 754 2428 nisi
776 2365 876 2444 quod,
899 2383 979 2444 quae
1000 2364 1061 2429 illic
1083 2365 1122 2428 de
1144 2365 1227 2429 laura
1249 2384 1321 2446 per·

251 2480 365 2556 vagata
386 2472 543 2537 bominum
561 2470 754 2537 confessione
771 2471 1016 2551 reperiebantur,
1039 2472 1087 2537 hic
1109 2474 1148 2538 de
1167 2472 1323 2553 scriptura

252 2586 428 2663 propagata
438 2579 560 2645 indiciis
577 2578 839 2660 deprehendenda
856 2585 930 2643 sunt
945 2580 1055 2644 tacitis.
1090 2581 1138 2645 Ab
1154 2580 1212 2644 hac
1228 2599 1324 2662 quae-

253 2689 353 2754 stione
375 2688 521 2752 universo
544 2705 658 2768 genere
680 2704 742 2750 non
765 2686 883 2751 distare
905 2706 987 2764 eam,
1010 2707 1102 2769 quam
1125 2688 1271 2770 philologi
1293 2689 1324 2752 in

254 2803 392 2862 veterum
410 2813 539 2876 operum
556 2794 711 2859 codicibus
729 2795 948 2875 manuscriptis
965 2795 1139 2874 instituunt,
1162 2814 1219 2861 uec
1235 2796 1328 2861 alitor

254 2923 323 2971 esse
346 2903 555 2979 tractandam,
578 2920 637 2965 non
661 2902 705 2965 ita
727 2901 814 2965 multi
837 2910 909 2966 suut
931 2903 1019 2980 anni,
1047 2922 1114 2967 cum
1137 2904 1324 2969 intellectum

255 3020 317 3092 est,
346 3029 446 3091 neque
473 3010 649 3075 etiamnunc
675 3009 715 3074 ab
742 3008 885 3074 omnibus
912 3010 1047 3091 intellegi
1075 3011 1205 3076 videtur.
1250 3012 1326 3090 Nos,

256 3126 421 3200 antequam
437 3117 483 3181 ita
499 3125 595 3182 testes
611 3116 781 3197 generatim
799 3116 988 3198 distinguere
1011 3126 1042 3182 et
1053 3136 1203 3199 separare
1213 3139 1325 3201 aggre-

256 3227 366 3302 dimur,
390 3225 526 3289 dicemus
543 3224 685 3304 primum,
703 3224 755 3304 qui
772 3224 896 3288 omnino
912 3225 1010 3290 auditi
1027 3228 1098 3304 sint,
1121 3246 1325 3308 exponemus-

257 3353 325 3415 que,
348 3333 400 3414 qui
423 3331 575 3412 aquibus
598 3338 630 3394 et
652 3331 805 3411 quomodo
827 3331 947 3396 codices
970 3333 1098 3398 adhibiti
1122 3335 1162 3398 ita
1187 3336 1263 3411 sint,
1293 3345 1326 3399 ut

257 3461 294 3506 ex
305 3440 514 3522 perpetuitate
526 3439 669 3519 quadam,
687 3438 828 3519 quamvis
840 3438 964 3505 minime
976 3440 1075 3520 plene,
1092 3452 1327 3522 cognoscantur,

258 3567 318 3614 non
338 3567 399 3613 uno
416 3547 555 3611 alterove
567 3545 635 3608 loco
653 3552 825 3610 occurrant.
858 3547 938 3610 Nam
954 3547 1012 3612 bos
1024 3549 1165 3628 Manutii,
1176 3550 1328 3630 Lambini,

259 3656 387 3722 aliorum
410 3655 506 3719 libros
523 3651 713 3718 commodius
730 3653 760 3716 in
779 3655 982 3734 posteriorem
1000 3655 1099 3720 locum
1117 3657 1285 3722 reiciemua
1300 3662 1327 3738 l)

261 3828 484 3837 ———.———-

290 3918 311 3981 ¹)
330 3919 356 3967 ln
378 3919 441 3967 iocis
461 3917 594 3966 Ciceronis
617 3914 776 3964 ascribendis
802 3916 896 3978 ubique
922 3921 1052 3968 minorum
1072 3923 1171 3970 tantum
1191 3923 1329 3983 particula·

331 4016 401 4059 runs,
429 4015 493 4063 quas
517 3999 688 4064 pmugrapiros
713 4000 885 4062 appellamus,
910 4016 1032 4053 numeros
1057 4018 1136 4067 pono,
1161 4008 1210 4055 nisi
1235 4011 1255 4056 si
1280 4021 1328 4069 qua

329 4087 468 4150 singularis
496 4099 573 4135 causo
602 4090 641 4136 ost
668 4087 758 4148 capitis
784 4084 828 4148 (c.)
853 4088 965 4137 notandi.
1011 4091 1115 4154 appello
1144 4098 1231 4141 nostro
1259 4105 1329 4142 more

331 4172 469 4226 editionem,
488 4176 634 4228 coracesium,
654 4170 757 4228 similia,
776 4184 887 4233 cumque
903 4186 1006 4222 omnem
1024 4178 1048 4224 iu
1065 4176 1105 4225 iris
1120 4182 1329 4240 superstitionem

331 4271 421 4307 ennom
442 4255 557 4312 arbitror,
577 4263 632 4304 tum
651 4255 832 4318 perridicuiam
852 4269 941 4307 corum
960 4261 985 4307 in
1006 4259 1100 4309 talibus
1120 4274 1220 4315 curam.
1240 4266 1282 4325 qui
1304 4267 1327 4311 in

331 4343 467 4393 verborum
493 4344 644 4391 usitatorum
675 4353 721 4388 usu
750 4347 774 4389 ct
799 4343 823 4389 in
849 4346 975 4392 sermonis
1000 4347 1117 4394 intactum
1144 4349 1253 4409 siugulis
1278 4348 1329 4397 iere

330 4428 447 4479 uersibus
466 4432 579 4490 peccant.
