3030 5086
420 486 426 497 ‘
514 502 556 546 ur
580 500 660 546 usu.
684 502 746 546 are.
768 502 791 546 u
815 501 887 547 car.
907 504 930 548 s.
951 504 995 560 iai
1232 487 1294 550 145

217 678 397 746 extremum,
419 669 453 732 id
475 669 615 732 ultimum
638 669 799 744 bonorum,
822 669 976 750 idipsum
995 669 1069 750 quid
1086 679 1118 735 et
1136 670 1228 752 quale
1245 671 1294 748 sit,

237 908 242 917 Ι
280 847 308 955 lq.
334 838 425 901 quidem
445 841 500 904 (pro
519 838 577 901 qaid
593 843 624 896 et)
644 837 710 887 sor.
739 836 806 904 [quid
823 845 837 888 a
856 837 885 904 A]
913 838 972 902 quid
992 840 1023 887 sit
1046 839 1121 888 ceteri
1145 839 1218 889 nescu
1237 841 1293 904 (pro

217 915 260 968 stt)

217 1046 289 1103 locis
311 1046 386 1103 adeo
403 1055 536 1102 contorte
554 1046 732 1121 pervenitur,
756 1055 787 1102 at
804 1064 862 1102 nou
879 1055 1030 1121 appareat,
1053 1065 1106 1103 cur
1123 1065 1181 1103 non
1199 1065 1293 1125 aeque

217 1132 246 1188 in
270 1132 375 1187 ceteris
404 1132 540 1187 omnibus
568 1132 780 1188 sententiarum
808 1131 1065 1188 coniunctionibus
1095 1133 1153 1189 tale
1181 1132 1293 1206 aliquid

218 1216 379 1291 excogitari
404 1217 507 1291 possit,
531 1217 559 1271 in
583 1216 690 1290 quibus
713 1226 810 1272 tamen
833 1235 891 1273 non
915 1216 1035 1290 ponitur
1057 1227 1086 1272 ut
1108 1237 1161 1293 pro
1179 1217 1294 1274 infinita

217 1301 359 1357 oratione.
392 1302 497 1375 Itaque
515 1301 588 1358 nihil
607 1320 660 1357 nos
683 1301 734 1358 illa
756 1301 961 1375 interpretatio
979 1301 1109 1360 adiuvat.
1145 1302 1293 1378 Analogia

217 1397 331 1455 autem,
361 1405 419 1460 qua
443 1387 488 1442 vir
516 1386 785 1461 praestantissimus
814 1386 919 1456 utitur,
948 1387 1024 1460 quod
1054 1387 1141 1443 etiam
1166 1387 1294 1444 dicatur:

218 1492 268 1528 non
290 1482 329 1527 est
350 1475 407 1528 veri
427 1474 519 1540 simila
543 1492 625 1546 priam
647 1480 701 1528 cet.
724 1472 794 1546 (non
818 1471 911 1527 solum
935 1472 1013 1546 apud
1037 1470 1219 1542 Ciceronem,
1242 1472 1294 1529 sed

218 1556 296 1631 apud
314 1556 456 1615 Senecam
475 1575 600 1630 quoque,
624 1557 660 1613 de
678 1558 790 1630 Tranq.
814 1558 873 1613 An.
900 1558 947 1625 14,
963 1558 991 1624 6,
1015 1556 1109 1631 Epist.
1136 1557 1205 1627 108,
1233 1558 1293 1630 12).

218 1662 252 1697 ea
276 1642 450 1698 veronulla
473 1652 531 1711 est;
562 1661 629 1698 nam
658 1642 694 1697 de
717 1642 809 1717 gradu
833 1641 887 1696 hoc
910 1641 1032 1711 dicitur,
1060 1660 1118 1699 non
1147 1642 1182 1698 de
1206 1641 1293 1699 facto.

218 1726 372 1800 Multoque
396 1736 440 1783 est
462 1727 521 1782 alia
544 1727 709 1802 propiaret
728 1726 890 1801 simplicior
907 1726 956 1782 via
974 1727 1046 1782 haec
1064 1727 1241 1801 explicandi,
1265 1738 1293 1784 et

217 1831 292 1886 quae
315 1813 352 1867 ab
376 1811 440 1886 ipsa
463 1821 568 1868 natura
591 1812 734 1868 sermonis
757 1811 968 1886 proficiscatur.
1002 1811 1079 1868 Nam
1098 1829 1164 1868 cum
1184 1812 1293 1869 multae

217 1897 379 1962 sententiae
408 1897 572 1953 obiectivae
600 1907 630 1954 et
657 1897 838 1954 subiectivae
869 1897 943 1953 hanc
962 1896 1118 1953 ·lraberent
1147 1908 1292 1954 naturam.

217 1984 305 2040 etiam
323 1992 444 2057 propter
461 1983 618 2056 primariae
635 1982 798 2039 sententiae
811 1982 893 2038 verbi
905 2000 1006 2058 genus.
1026 1992 1058 2040 ut
1075 1981 1154 2046 sacili
1168 1982 1293 2047 transitu

217 2087 316 2124 earum
339 2067 463 2124 formam
487 2068 629 2135 subirent,
653 2068 681 2124 in
705 2067 811 2141 quibus
834 2066 955 2124 effectus
977 2066 1043 2144 [aut
1066 2066 1175 2124 factum
1199 2078 1227 2124 et
1250 2067 1293 2124 rei

218 2151 326 2229 status]
343 2153 533 2228 significatur,
552 2152 635 2209 iniis
653 2163 773 2228 propter
789 2153 864 2208 hanc
880 2152 1100 2209 inclinationem
1119 2163 1148 2208 ut
1165 2153 1292 2228 positum

218 2248 276 2309 est,
307 2237 390 2294 cuius
413 2238 590 2313 particulae,
620 2249 651 2295 ut
674 2239 707 2294 fii
729 2238 758 2294 in
783 2237 918 2294 omnibus
940 2237 1107 2294 huiusmodi
1131 2238 1292 2303 vocabulis,

217 2342 275 2380 non
298 2324 356 2380 iam
379 2334 461 2379 certa
482 2324 581 2397 aliqua
599 2324 694 2398 prima
710 2323 895 2397 significatio,
918 2323 969 2379 sed
987 2322 1133 2398 generalis
1149 2323 1292 2396 quaedam

217 2409 263 2465 vis
285 2408 315 2465 iu
338 2409 491 2465 sententiis
513 2409 676 2465 vinciendis
701 2409 926 2483 percipiebatur.
971 2406 1132 2464 Manifesta
1153 2417 1198 2465 est
1220 2408 1293 2465 haec

217 2494 294 2551 ratio
317 2494 346 2550 in
369 2493 406 2550 iis
429 2494 535 2562 verbis,
559 2512 635 2567 quae
652 2493 770 2568 proprie
787 2492 921 2549 effectum
940 2492 1116 2570 significant,
1140 2503 1172 2549 ut
1188 2493 1217 2549 in
1238 2493 1293 2550 hoc

218 2579 282 2654 ipso
305 2581 404 2656 afficio,
432 2597 498 2634 cum
522 2579 558 2634 de
580 2577 768 2634 conclusione
792 2577 923 2653 ponitur,
953 2582 1090 2652 sequitur,
1113 2577 1189 2634 aliis.
1234 2577 1291 2635 Sed

218 2664 288 2738 quid
309 2665 420 2720 ¹horum
449 2663 574 2719 similius
596 2681 683 2736 quam
706 2663 776 2718 hoc:
809 2664 934 2721 concedo.
963 2673 991 2719 ut
1018 2666 1056 2719 itu
1084 2666 1133 2723 sit.
1168 2663 1293 2719 conflata

218 2749 362 2806 sentiendi
382 2757 412 2803 et
428 2748 617 2822 permittendi
635 2744 773 2804 notione?
796 2746 880 2818 (cfr,
893 2765 968 2820 qnae
980 2748 1048 2822 adl,
1060 2750 1096 2805 14
1109 2748 1188 2804 dicta
1204 2750 1294 2821 sunt.)

219 2837 318 2907 Atque
342 2832 408 2889 huic
432 2843 586 2908 cognatum
611 2843 655 2890 est
674 2835 813 2902 desertior,
837 2832 924 2890 etiam
945 2843 1025 2903 cereo,
1048 2836 1154 2902 retineo,
1178 2844 1210 2889 ut
1228 2851 1294 2889 aen·

219 2919 318 2975 tiendo
335 2917 452 2974 efficere
470 2919 596 2991 quodam
615 2919 701 2974 modo
714 2918 875 2987 videamur,
893 2926 926 2973 ut
943 2917 1056 2991 aliquid
1073 2918 1197 2975 alicuius
1215 2917 1293 2974 modi

218 3003 266 3062 sit.
312 3003 504 3077 Perspicuum
536 3004 622 3058 etiam
654 3003 741 3065 illud,
776 3003 852 3076 quod
882 3003 987 3061 Cicero
1016 3022 1173 3076 numquam
1203 3002 1293 3058 dixit:

213 3090 313 3163 probo,
348 3098 376 3143 ut
399 3091 436 3143 ito
459 3091 507 3143 sit.
538 3087 608 3163 [nisi
633 3088 718 3161 longe
742 3087 827 3143 aliter
851 3089 881 3145 II
904 3088 940 3143 de
965 3090 1027 3144 lnv.
1055 3086 1142 3164 105]
1172 3087 1224 3143 scd
1249 3088 1293 3144 bis

219 3173 321 3229 saltem
345 3172 405 3245 (hic
427 3173 469 3243 ΙΙ,
497 3174 565 3240 108,
590 3174 677 3229 Tusc.
704 3173 762 3242 ΙΙΙ,
787 3175 832 3244 5):
863 3176 911 3246 qui
927 3175 1043 3247 probari
1061 3184 1160 3247 potest.
1186 3183 1213 3228 ut
1236 3183 1290 3233 cet.

219 3259 264 3333 (ln
296 3259 349 3313 hoc
377 3277 465 3331 opere
488 3259 551 3314 ΙΙΙ.
576 3259 615 3313 43
645 3268 672 3313 ut
701 3277 758 3314 non
788 3259 953 3315 annectitur
981 3258 1164 3333 approbandi
1193 3259 1292 3315 verbo.

218 3344 269 3400 sed
292 3343 345 3399 toti
369 3344 546 3412 sententiae,
581 3344 636 3399 hoc
665 3342 765 3398 modo:
799 3352 827 3398 ut
855 3344 902 3399 hoc
930 3345 997 3399 idem
1026 3344 1230 3417 approbandum
1259 3347 1294 3399 sit

219 3429 308 3488 scobis.
339 3429 404 3500 (ita)
428 3438 456 3483 ut
478 3430 546 3500 cet.)
592 3429 653 3485 lam
677 3428 706 3484 in
730 3427 883 3483 adiectivia
906 3428 1028 3483 eandem
1053 3445 1116 3484 esse
1138 3428 1292 3493 rationem,

220 3514 266 3570 rel
293 3513 360 3570 inde
391 3513 577 3569 manifestum
607 3515 653 3580 fit,
689 3513 766 3587 quod
795 3512 899 3572 Cicero
930 3530 1088 3586 numquam
1117 3513 1206 3569 dixit:
1239 3516 1296 3569 veri

119 3664 124 3671 Ι
219 3602 303 3655 simile
324 3609 377 3666 cst,
402 3609 443 3666 ut,
467 3608 571 3672 quater
594 3599 622 3655 in
647 3598 746 3666 libris,
770 3599 821 3671 qui
843 3607 960 3653 extant:
991 3616 1041 3653 iton
1064 3601 1120 3654 veri
1141 3600 1225 3654 simile
1246 3608 1293 3654 est.

219 3694 256 3745 ut,
279 3683 307 3739 id
331 3693 376 3739 est
399 3681 472 3739 lere:
496 3705 546 3740 uon
563 3687 628 3757 ‘tien'
641 3694 736 3758 potest.
760 3693 802 3751 ut;
826 3683 1020 3757 similiterque
1039 3682 1146 3741 dicitur
1164 3687 1291 3756 inicorum

218 3773 271 3833 ist,
307 3778 347 3824 ut.
377 3768 444 3824 alia.
491 3772 590 3842 Atque
619 3769 687 3825 hinc
717 3769 877 3843 particulae
905 3779 933 3824 ut
960 3786 1031 3824 usus
1059 3766 1235 3824 transfertur
1256 3767 1293 3823 ad

219 3853 318 3910 omnia
340 3853 400 3909 illa.
424 3873 498 3926 quae
521 3874 573 3927 per
596 3854 741 3910 adiectiva
763 3854 805 3909 sic
828 3854 1026 3919 enuntiantur,
1050 3862 1081 3908 ut
1105 3851 1177 3908 levis
1195 3851 1294 3925 aliqua

219 3939 256 3995 sit
279 3938 349 3995 facti
374 3937 531 3995 effectusve
554 3939 827 4012 consecutionisque
858 3938 1033 4012 significatio
1062 3947 1091 3994 et
1119 3956 1136 3992 a
1163 3937 1293 3992 declara·
1376 4000 1378 4002 ,

218 4025 298 4080 tione
322 4024 383 4079 sive
408 4024 517 4079 iudicio
540 4025 575 4080 de
599 4025 730 4079 subiecta
753 4022 898 4078 sententia
915 4022 1082 4079 declinatio.
1116 4023 1174 4078 Pro
1187 4021 1293 4079 Flacco

221 4111 259 4165 65
290 4128 355 4165 cum
380 4108 484 4166 Cicero
508 4110 548 4165 sic
572 4109 656 4164 dicit:
691 4109 766 4176 Quid
792 4112 817 4163 iu
845 4107 948 4164 Graeco
975 4127 1092 4164 serinouc
1121 4117 1174 4164 tctru
1202 4110 1292 4162 tntum

192 4207 195 4212 “
219 4205 300 4267 atque
321 4196 479 4251 celebratum
503 4205 542 4249 est
564 4214 654 4267 quum¹
678 4199 703 4249 si
724 4197 785 4266 quis
802 4195 953 4268 despicatui
968 4195 1083 4249 ducitur.
1108 4202 1136 4246 ut
1154 4193 1294 4264 Mysorum

219 4282 327 4335 uitiatus
350 4300 406 4335 esse
429 4283 555 4335 dicatur!
578 4279 631 4334 hoc
655 4279 813 4354 significat:
836 4281 904 4351 quid
925 4289 978 4334 tum
1002 4280 1079 4350 υιιὶᾳο
1093 4278 1149 4349 fit?
1187 4276 1218 4334 Si
1242 4296 1294 4351 po·

219 4364 340 4420 suisset:
364 4385 445 4438 quum
469 4368 531 4433 (iu-i,
555 4364 761 4439 significasset:
785 4365 853 4436 quid
874 4373 927 4419 tum
951 4374 1040 4419 notum
1058 4372 1083 4418 et
1098 4380 1178 4436 saepe
1194 4363 1293 4419 dt‘ctam

219 4457 277 4505 est!
320 4452 421 4523 Atque
451 4451 505 4507 hoc
533 4450 570 4505 ad
599 4449 675 4505 hunc
698 4467 814 4523 quoque
837 4449 948 4512 locum,
981 4467 999 4504 a
1032 4465 1090 4522 quo
1119 4465 1182 4504 sum
1211 4464 1296 4503 orsus

1060 4568 1090 4610 10
