3030 5086
203 467 265 530 648
594 481 639 525 nn
662 480 792 526 surmus
815 478 886 524 son.

203 651 366 731 expleatur
394 649 484 729 (nihil
512 648 593 712 enirn
615 647 774 728 prohibet,
802 647 956 728 quaedam
984 668 1053 715 esse
1081 660 1113 716 at
1138 651 1225 716 inter
1258 667 1300 713 se

203 752 390 816 animalibus
414 751 541 830 reliquis
569 757 599 814 et
628 768 697 814 curn
719 748 828 813 bestiis
850 747 965 814 homini
988 751 1177 831 communia,
1207 770 1298 833 quo·

204 853 286 918 niam
315 853 451 916 omnium
480 861 528 916 cst
555 859 669 915 natura
691 850 890 930 communis),
919 854 976 917 sed
1004 861 1143 918 extrema
1170 853 1227 918 illa
1259 858 1299 918 et

203 974 332 1033 summa,
351 972 432 1034 quae
448 953 636 1034 quaerimus,
659 952 740 1017 inter
757 952 936 1017 animalium
953 973 1071 1035 genera
1087 955 1240 1021 distincta
1259 960 1299 1020 at

164 1056 369 1137 5dispertita
397 1055 460 1119 sint
486 1064 517 1119 et
540 1074 598 1119 sua
620 1055 731 1135 cuique
752 1055 881 1134 propria
908 1062 940 1118 et
961 1056 1003 1120 ad
1026 1056 1058 1119 id
1080 1063 1169 1138 apta,
1198 1056 1296 1138 quod

205 1158 357 1236 cuiusque
379 1164 492 1221 natura
514 1156 679 1221 desideret.
724 1157 773 1220 26.
798 1157 911 1234 Quare,
934 1175 1003 1221 cum
1020 1157 1159 1238 dicimus,
1182 1159 1296 1222 omni·

205 1259 265 1324 bus
293 1259 478 1323 animalibus
501 1265 670 1323 extremum
700 1276 770 1322 esse
798 1259 966 1322 secundum
994 1264 1138 1323 naturam
1168 1259 1295 1338 vivere,

203 1380 265 1425 non
289 1361 332 1424 ita
356 1361 569 1440 accipiendum
587 1370 644 1437 est,
666 1358 757 1440 quasi
778 1360 919 1424 dicamus
940 1379 1035 1424 unum
1059 1378 1128 1425 esse
1144 1360 1294 1427 omnium

204 1470 390 1539 extremum3
413 1463 469 1526 sed
487 1469 520 1525 ut
537 1460 672 1524 omnium
690 1461 804 1524 artium
822 1466 906 1525 recte
921 1461 983 1525 dici
1000 1470 1104 1542 potest
1120 1480 1293 1527 commune

146 1569 188 1632 10
205 1582 283 1642 esse,
306 1563 394 1627 utin
416 1563 523 1644 aliqua
545 1562 673 1627 scientia
696 1570 868 1640 versentur,
892 1563 1052 1627 scientiam
1068 1571 1173 1628 autem
1193 1582 1292 1628 suam

275 1737 296 1784 2,
317 1741 339 1781 et
357 1741 415 1781 aute
433 1750 483 1781 cunt
502 1731 583 1782 ome
620 1736 642 1779 8.
663 1730 706 1780 itta
724 1732 805 1783 om.C
843 1737 864 1781 b.
884 1731 1044 1795 abpartt'toll
1078 1732 1291 1784 matLPCROr.

205 1805 228 1853 6.
249 1801 370 1850 desiderat
389 1800 516 1851 LPCROr
562 1804 583 1850 7.
603 1817 653 1849 esse
671 1801 763 1849 omli
802 1805 838 1851 to.
858 1809 963 1849 casaur
982 1800 1115 1851 LPCROr.

202 1959 278 2015 deret
300 1958 388 2014 etiam
413 1956 490 2032 Spir.
513 1955 739 2033 [B];¹desideret
761 1956 849 2013 etiam
873 1954 951 2013 Gud.
969 1959 995 2026 1,
1019 1957 1088 2015 Bas.
1134 1958 1291 2015 Probarat

203 2042 312 2111 Gaius,
343 2043 393 2099 sed
418 2060 509 2117 prava
531 2042 655 2099 ratione.
701 2043 807 2099 Totam
831 2050 928 2098 autem
953 2040 1029 2098 hano
1051 2041 1288 2117 disputationem

203 2128 240 2184 de
263 2128 351 2185 simili
369 2127 499 2185 omnium
518 2127 711 2184 animantium
730 2145 844 2184 summo
863 2127 949 2196 bono,
972 2144 1030 2183 non
1049 2127 1161 2196 eodem,
1184 2127 1288 2185 decla·

201 2213 266 2269 ravi
289 2213 326 2269 ad
348 2213 403 2283 lV,
422 2213 471 2269 32.
505 2212 742 2290 [Schoemannus
761 2210 838 2287 Opp.
857 2210 951 2268 Acad.
974 2212 1021 2269 ΙΙΙ
1040 2231 1068 2287 p.
1081 2212 1140 2269 399
1159 2231 1288 2288 prorsus

202 2298 361 2369 aberravit,
386 2298 436 2372 qui
454 2298 531 2354 inter
548 2297 634 2354 haec:
657 2307 687 2353 ut
702 2306 801 2353 notura
818 2299 958 2370 expleatur
971 2329 1020 2366 -,
1043 2299 1092 2354 sed
1107 2308 1229 2355 noema
1242 2330 1286 2343 -

203 2384 344 2458 dispertita
372 2388 425 2440 siat
453 2383 622 2457 copulative
649 2382 765 2439 interici
789 2381 929 2439 voluerit:
957 2383 1025 2438 ut'lil
1050 2386 1129 2438 etiam
1147 2383 1287 2458 probibet.

202 2468 340 2525 Baitarus
363 2469 392 2524 in
416 2468 461 2523 ed.
486 2468 570 2537 mim,
601 2485 726 2540 quocum
749 2467 895 2524 consentit
918 2467 1044 2524 Heinius
1066 2470 1146 2524 Ano.
1169 2467 1285 2529 Philol.

202 2552 310 2611 XCIII
322 2573 350 2628 p.
365 2552 436 2622 251,
460 2553 579 2627 scripsit
601 2563 630 2608 ut
651 2573 713 2609 stro
734 2555 900 2626 cuiusque
918 2563 1017 2608 notura
1034 2549 1190 2627 aspiratum
1215 2555 1289 2612 utta

202 2641 270 2694 enim
289 2639 461 2713 probibet-
483 2642 635 2701 comnamt's,
659 2640 708 2694 sed
730 2648 848 2694 extrema
870 2640 917 2694 itta
935 2669 973 2680 -
992 2639 1137 2712 dispertito
1159 2648 1224 2695 aurat
1241 2671 1287 2683 -

202 2724 348 2780 desiderat.
393 2722 460 2779 Non
484 2723 592 2798 probo;
615 2742 681 2779 nam
707 2741 800 2797 neque
824 2721 911 2779 facila
935 2723 1000 2792 illa,
1024 2741 1100 2797 quaa
1122 2723 1286 2795 adduntur,

202 2808 339 2865 excidere
361 2817 529 2883 potuerunt,
553 2818 582 2864 et
605 2828 641 2865 ne
663 2817 764 2882 aptum
784 2808 901 2881 quidem
920 2807 1037 2865 videtur
1055 2808 1092 2865 ad
1115 2809 1202 2865 finem
1228 2829 1288 2866 om·

202 2897 274 2950 m'um
297 2894 369 2950 illud
392 2913 443 2950 sira
465 2896 603 2968 cuiusque.
649 2893 754 2952 Cicero
782 2911 847 2949 cunr
877 2911 934 2948 non
963 2903 1045 2949 recta
1066 2893 1104 2949 ad
1125 2893 1170 2959 id,
1200 2895 1288 2968 quod

202 2979 384 3054 propositum
410 2989 482 3047 erat,
506 2989 656 3054 pergeret,
679 2979 730 3035 sed
754 2978 890 3034 similiter
911 2987 1000 3051 atque
1023 2978 1052 3034 in
1075 2979 1121 3044 iis,
1144 2996 1222 3052 quae
1246 2980 1288 3037 ad

201 3064 231 3132 Ι,
258 3066 295 3120 li)
319 3074 349 3120 at
371 3064 407 3119 ad
432 3064 461 3132 1,
489 3065 526 3120 18
549 3064 769 3131 annotavimus,
797 3062 909 3137 aliquid
932 3063 1133 3139 interponeret
1154 3063 1197 3137 (in
1222 3083 1286 3139 quo

201 3148 238 3206 sd
268 3159 398 3205 nostrum
428 3167 546 3206 sensum
575 3150 641 3206 addi
676 3151 783 3223 quidem
811 3152 953 3223 poterat),
988 3149 1017 3205 in
1048 3149 1182 3206 oratione
1211 3166 1287 3207 eon·

201 3233 343 3291 tinuanda
366 3235 457 3290 verba
479 3235 713 3291 accommodavit
739 3233 873 3290 nonnihil
901 3234 937 3289 ad
967 3233 1149 3290 interiectam
1174 3252 1286 3309 paran-

200 3315 321 3398 thesim]

285 3408 400 3460 oninium
417 3415 456 3461 est
472 3414 572 3460 notura
589 3402 747 3482 conrmunis)
759 3407 802 3462 At
814 3422 907 3479 nuper
919 3403 1045 3468 dixerat,
1062 3423 1139 3460 worn
1150 3406 1288 3479 cuiusque

199 3509 263 3547 esse.
310 3490 431 3548 Scilicet
460 3490 553 3546 cirinus
577 3489 734 3566 diligenter
756 3498 905 3557 naturam,
934 3507 993 3562 quo
1015 3489 1160 3546 vocabulo
1188 3507 1287 3566 snpra

199 3585 229 3631 et
264 3594 331 3631 mox
365 3575 546 3651 singularum
575 3575 767 3632 animantium
796 3565 1006 3649 proprietatem
1036 3574 1196 3650 significat,
1233 3575 1288 3634 hie

199 3661 330 3736 appellat
352 3678 507 3718 commune
530 3661 559 3717 id
582 3661 677 3717 onmis
701 3661 779 3717 vitae
802 3660 994 3735 principium,
1025 3677 1082 3733 quo
1105 3678 1192 3717 omna
1216 3661 1286 3718 ani·

199 3746 258 3802 mal
291 3746 328 3802 ad
362 3764 444 3803 suam
480 3747 689 3821 proprietatem
721 3749 881 3820 (naturam)
914 3744 1069 3801 tenendam
1104 3745 1284 3821 impellitur.

199 3831 309 3888 Parnm
339 3832 488 3889 subtiliter
516 3832 587 3888 haec
616 3833 689 3902 dici,
724 3832 859 3889 Bremins
888 3830 1017 3898 viderat,
1048 3829 1097 3903 qui
1125 3831 1286 3889 attendere

198 3917 321 3973 solebat.

285 4002 334 4058 26.
359 4012 386 4057 at
405 4005 431 4057 in
449 4004 543 4076 aliqua
561 4006 669 4058 scientia
686 4001 838 4076 versaretur)
858 4001 998 4058 Potestne
1016 4000 1175 4074 quidquam
1192 4018 1286 4076 aper·

200 4086 258 4143 tius
281 4087 338 4143 dici
361 4105 448 4161 quam
471 4084 546 4144 hoc?
580 4086 691 4145 Omnes
714 4097 792 4143 artes
809 4097 888 4143 recte
908 4086 965 4142 dici
984 4095 1107 4159 possunt
1128 4085 1158 4142 in
1176 4085 1287 4162 aliqua

198 4171 322 4228 scientia
339 4172 466 4241 versari;
491 4173 546 4230 hoc
564 4191 663 4230 aarum
682 4190 836 4228 commune
854 4182 906 4228 est.
940 4171 1046 4244 Itaque
1065 4188 1130 4227 cum
1148 4169 1178 4226 in
1197 4171 1286 4229 dois·

197 4256 308 4314 riorum
333 4252 465 4315 codicum
489 4259 623 4333 principe
646 4258 786 4332 scriptum
806 4268 883 4313 esset
900 4267 1027 4324 versetur,
1052 4255 1139 4329 idque
1161 4255 1191 4311 in
1218 4257 1285 4315 edi·

199 4341 328 4399 tionibus
351 4352 513 4412 retentum,
537 4344 634 4405 Man..
658 4344 778 4412 Lamb,
802 4343 878 4399 Dav.
900 4342 957 4414 [illi
981 4340 1068 4398 tacita
1090 4340 1120 4396 in
1144 4358 1176 4398 ra
1200 4340 1286 4400 eius·

198 4426 288 4499 modi)
311 4428 491 4503 scripserant
513 4438 659 4487 versentur.
693 4427 787 4487 Gaius
803 4439 915 4497 contra,
940 4445 1004 4484 cnm
1023 4426 1079 4483 hoo
1096 4444 1133 4483 ex
1146 4425 1209 4485 Erl.
1223 4425 1286 4509 [B]
