3030 5086
582 506 757 555 excussus
776 507 835 554 su.
1187 489 1250 556 ste

170 678 239 737 Eth.
263 697 291 752 p.
310 679 365 747 74,
399 678 528 735 dubitari
558 674 707 753 nequit.¹)
760 678 826 752 Quo
862 678 955 755 magis
987 678 1171 737 reiciendum
1205 687 1251 736 eet

170 763 277 820 mirum
300 772 495 819 commentum
520 763 640 831 Stabrii,
663 763 714 838 qui
736 764 905 837 (Aristotel.
929 764 961 821 II
984 784 1011 840 p.
1028 765 1101 838 112)
1124 765 1209 822 binos
1231 783 1250 821 a

169 847 313 908 Cicerone
341 848 433 905 libros
455 848 614 923 significari
638 856 736 923 putet,
764 849 873 906 alteros
896 853 1043 922 (macomus
1066 851 1249 924 Aristotelem)

168 934 261 1009 ipsius
284 932 457 990 Aristotelis
479 933 729 1007 (Nicomacheos),
752 933 861 990 alteros
884 937 920 1006 (et
941 938 998 991 eius
1013 937 1104 1008 fllium
1127 935 1177 1009 N.)
1194 935 1250 994 Ni·

169 1019 312 1087 comachi,
335 1035 409 1093 quos
431 1018 565 1075 nonnulli
588 1019 681 1093 patris
701 1037 765 1075 esse
781 1019 961 1093 putaverint.
996 1019 1119 1090 Omitto,
1143 1021 1248 1077 mirum

169 1121 249 1173 esse,
279 1103 373 1178 ipsius
395 1103 567 1160 Aristotelis
591 1121 665 1178 opus
687 1103 767 1178 quod
789 1104 841 1173 sit,
864 1123 923 1160 non
946 1103 1021 1172 dici,
1044 1121 1109 1160 cum
1134 1105 1249 1173 Cicero,

170 1189 256 1264 plura
278 1207 352 1258 esse,
376 1200 465 1262 supra
487 1188 647 1263 posuisset;
670 1189 743 1245 illud
766 1207 882 1264 quoque
906 1189 1021 1254 omitto,
1045 1189 1131 1245 valde
1154 1189 1250 1246 incer·

170 1284 231 1330 tum
255 1273 358 1343 videri,
382 1274 570 1349 scripseritne
589 1273 710 1330 ornnino
728 1274 803 1330 tales
821 1273 913 1331 libros
931 1274 1139 1344 Nicomachus,
1162 1292 1248 1348 quem

170 1358 336 1417 Aristocles
369 1359 447 1432 apud
476 1359 637 1415 Eusebium
666 1359 819 1434 (Praepar.
847 1359 961 1434 Evang.
989 1359 1061 1427 XV,
1085 1360 1116 1433 2)
1149 1358 1250 1416 adule-

169 1453 298 1501 scentem
322 1444 434 1519 perisse
457 1443 537 1500 dicit.
571 1445 691 1502 Testem
712 1444 854 1501 habemus
871 1462 961 1501 unum
975 1443 1106 1514 Svidam,
1131 1444 1250 1501 minime

168 1528 363 1604 locupletem,
397 1546 462 1585 cum
498 1529 670 1604 praesertim
705 1546 787 1586 error
817 1529 960 1605 Diogenis
995 1529 1168 1586 manifestus
1202 1529 1250 1587 eit.

170 1613 229 1673 Sed
258 1624 290 1671 ut
316 1613 428 1670 fuerint
457 1613 530 1671 tales
560 1614 628 1671 libri
655 1613 844 1681 Nicomachi,
879 1633 937 1671 non
971 1612 1060 1671 facile
1094 1615 1249 1690 quisquam

168 1699 283 1768 credet,
312 1718 362 1755 eos
385 1699 530 1756 eiusmodi
553 1718 616 1756 esse
640 1699 771 1774 potuisse
802 1709 864 1756 toto
892 1718 999 1775 genere
1027 1708 1079 1756 aut
1106 1701 1149 1756 ita
1179 1711 1251 1758 nota

169 1784 323 1858 scriptoris
351 1785 494 1852 caruisse,
528 1792 561 1840 ut
593 1784 630 1841 ad
665 1794 776 1859 petrem
806 1785 1007 1841 consentiente
1036 1784 1117 1841 ferna
1145 1785 1250 1842 referri

169 1880 348 1944 possentne
371 1869 573 1926 tantummodo
596 1870 763 1945 suspicione
786 1888 945 1945 paucorum
969 1869 1007 1926 ad
1029 1870 1131 1928 filium.
1172 1871 1250 1941 (Hoc

168 1954 246 2011 enim
264 1954 465 2030 significarent
478 1954 583 2011 verba:
607 1956 746 2012 Dicuntur
767 1958 808 2012 illi
823 1957 931 2029 quidem
948 1958 1017 2029 cet.)
1051 1957 1206 2014 Postremo
1224 1955 1250 2012 si

169 2038 274 2099 Cicero
286 2040 459 2097 Aristotelis
477 2040 570 2115 ipsius
588 2050 721 2115 putasset
734 2058 799 2097 esse
811 2041 1021 2110 Nicomachea,
1039 2040 1112 2097 nihil
1130 2058 1251 2114 prorsus

171 2135 243 2194 erat,
267 2143 319 2181 cur
342 2125 387 2181 his
409 2124 583 2200 adiungeret
605 2126 762 2182 obscurum
786 2135 816 2182 et
832 2146 850 2182 a
868 2127 949 2183 nullo
968 2129 1098 2200 (praeter
1115 2125 1250 2200 Svidem)

171 2211 353 2266 nominatum
393 2210 591 2267 adulescentis
629 2211 747 2268 librum.
803 2211 989 2287 Significavit
1021 2211 1113 2285 igitur
1145 2210 1250 2270 Cicero

171 2314 260 2352 unum
285 2295 469 2352 notissimum
493 2315 581 2370 opus,
610 2297 661 2352 sed
689 2296 719 2353 in
742 2314 778 2353 eo
801 2307 933 2353 errantes
956 2295 1030 2352 alios
1053 2304 1172 2353 secutus
1195 2306 1249 2354 est.

170 2380 328 2454 (Quotiens
357 2389 387 2437 et
413 2399 432 2436 a
454 2381 560 2455 quibus
583 2381 632 2437 hic
654 2400 736 2439 error
758 2391 877 2438 notatus
899 2381 951 2447 sit,
981 2399 1154 2438 enumerare
1176 2381 1251 2438 nihil

172 2466 302 2538 attinet.)

257 2551 315 2608 Sed
334 2550 420 2607 video
444 2550 515 2606 mihi
533 2558 636 2606 contra
654 2550 804 2607 Stahrium
828 2550 916 2626 paulo
940 2550 1026 2625 plura
1043 2569 1107 2608 esse
1125 2551 1250 2608 dicenda

170 2644 292 2712 propter
314 2636 343 2692 id
367 2635 521 2705 iudicium,
550 2636 628 2710 quod
657 2635 694 2692 de
716 2635 859 2695 Cicerone
887 2636 917 2692 in
946 2637 1025 2693 omni
1049 2637 1105 2693 hac
1126 2656 1159 2693 re
1182 2636 1249 2695 feci.

171 2721 247 2779 Nam
265 2722 291 2777 is
308 2720 338 2777 in
356 2740 391 2778 eo
408 2720 495 2790 libro,
513 2740 599 2795 quern
618 2721 797 2796 aliquotiens
815 2721 965 2778 nominavi
983 2722 1027 2795 (ΙΙ
1044 2741 1074 2796 p.
1092 2722 1152 2779 134
1163 2725 1249 2797 sqq),

170 2806 259 2882 longa
281 2805 415 2863 oratione
438 2813 608 2880 persecutus
631 2817 685 2874 est,
709 2824 795 2880 quarn
818 2816 957 2862 accurata
980 2807 1109 2883 cognitio
1131 2808 1249 2865 Aristo·

171 2891 239 2948 telis
267 2890 473 2967 philosophiae
502 2899 532 2946 et
559 2890 701 2947 librorum
730 2892 759 2947 in
783 2890 926 2950 Cicerone
954 2890 1059 2962 fuerit,
1089 2892 1250 2966 eademque

171 2977 290 3052 repetiit
312 2977 342 3032 in
361 2976 455 3032 altero
472 2976 548 3033 libro
560 2976 752 3048 (Aristoteles
768 2976 815 3033 bei
835 2977 890 3032 den
904 2978 1042 3047 Rbnrern,
1061 2977 1141 3052 Lips.
1158 2978 1249 3047 1834,

172 3082 202 3137 p.
214 3062 253 3118 32
266 3064 353 3136 sqq).
400 3062 510 3118 Verum
535 3080 637 3136 parurn
661 3071 830 3118 cauterem
855 3063 1002 3132 tractavit,
1026 3080 1118 3137 prope
1140 3069 1174 3118 ut
1196 3081 1250 3118 nu·

171 3157 297 3204 meraret
326 3154 453 3214 tantum,
484 3147 620 3220 quotiens
651 3156 820 3221 quantaque
848 3166 912 3204 cum
941 3147 1028 3204 leude
1051 3147 1157 3206 Cicero
1179 3147 1251 3204 Ari·

171 3233 305 3288 stotelem
341 3232 531 3289 nominasset.
582 3233 630 3289 Ac
664 3233 790 3307 primurn
825 3233 935 3289 oblitus
968 3242 1028 3302 est,
1065 3251 1249 3289 communem
1280 3242 1281 3246 ’

171 3318 317 3391 quandam
342 3317 476 3373 notitiam
500 3336 598 3374 rerum
622 3317 660 3374 ad
682 3319 855 3377 Aristotelis
878 3318 978 3387 vitam,
1002 3317 1114 3388 studia,
1139 3318 1251 3393 scripte

170 3402 272 3476 alique
294 3421 331 3458 ex
354 3413 437 3477 parte
460 3403 669 3478 pertinentium
693 3404 723 3460 in
747 3422 796 3470 eo,
826 3403 876 3477 qui
899 3403 1096 3478 posteriorum
1119 3403 1250 3479 philoso-

172 3488 306 3561 phorum,
330 3497 489 3558 oratorum,
513 3488 717 3546 historicorum
742 3487 924 3546 Graecorum
948 3489 1040 3546 libros
1063 3489 1197 3565 legisset,
1221 3496 1252 3545 et

172 3590 236 3629 esse
265 3573 396 3647 potuisse
424 3583 454 3630 et
482 3574 648 3631 necessario
677 3592 742 3630 esse
769 3573 920 3640 debuisse,
949 3574 1064 3632 etiamsi
1093 3576 1158 3650 ipsa
1179 3574 1251 3631 Ari·

172 3657 287 3713 stotelis
309 3676 401 3733 opera
423 3660 542 3715 omnino
564 3677 621 3714 non
644 3659 800 3733 attigisset.
834 3659 940 3733 ltaque
958 3660 1037 3733 quod
1057 3659 1162 3718 Cicero
1178 3659 1250 3716 Ari·

172 3742 307 3799 stotelem
331 3743 629 3819 Theophrastumque
652 3743 770 3800 Platoni
794 3744 948 3801 adiunctos
976 3763 1042 3801 cum
1067 3744 1251 3820 principibus

173 3827 341 3902 tragoediae
370 3827 504 3887 Graecae
538 3838 703 3903 comparet,
738 3830 815 3903 quod
850 3848 900 3886 eos
934 3829 1150 3904 philosophiam
1182 3848 1248 3887 cum

171 3911 359 3987 eloquentiae
381 3913 538 3988 disciplina
560 3913 748 3970 coniunxisse
771 3926 885 3978 narrat,
908 3916 987 3988 quod
1010 3916 1248 3990 Theophrastum

172 3998 284 4064 eadem,
302 4017 377 4072 quae
395 4007 463 4054 ante
475 3997 653 4055 Aristoteles
671 4008 834 4068 tractasset,
853 4010 1036 4074 persecutum
1054 4018 1118 4057 esee
1135 4000 1249 4074 scribit,

171 4082 251 4156 quod
274 4083 452 4140 simultatem
476 4084 648 4141 Aristotelis
670 4093 701 4140 et
722 4084 862 4142 Isocratis
884 4095 1109 4155 commemoret,
1137 4104 1175 4142 ex
1203 4085 1250 4142 his

200 4367 222 4430 ¹)
243 4369 359 4417 Eundem
387 4384 497 4418 errorem
524 4370 551 4418 in
577 4369 708 4419 rhetoricis
736 4368 918 4434 Θεοὸικπίοις
946 4369 1090 4420 Aristotelis
1117 4371 1249 4432 accidisse,

240 4437 415 4486 certummihi
433 4439 536 4502 quidem
554 4438 658 4489 ridetur.
687 4438 923 4503 VidSpaldingius
941 4440 974 4487 ad
992 4438 1248 4501 Quintilliano.
