3030 5086
214 458 315 525 XLIV
659 471 857 524 Paternum.

220 662 313 725 quam
329 642 501 709 Lambinus
523 647 554 709 et
569 639 800 710 Th.Bentleios
822 645 1018 724 addiderant,
1041 644 1072 709 iu
1095 645 1219 710 duobus
1243 643 1304 709 ho-

185 830 188 835 ⁴
222 770 291 815 rum
313 752 451 817 codicum
469 757 546 828 erat,
568 751 676 831 idest,
699 752 730 816 iu
748 752 936 817 editionibus
953 753 1093 818 Lambini
1111 761 1143 817 et
1154 750 1305 818 Bentleii.

222 857 302 922 Nam
328 858 585 940 Lagomarsinius
618 860 718 941 magis
752 858 884 924 mirabili
918 878 1011 941 quam
1039 859 1105 925 utili
1135 858 1307 941 diligentia

221 984 367 1047 magnum
395 985 557 1031 numerum
584 967 738 1031 editorum
765 967 976 1047 exemplorum
1003 966 1178 1032 contulerat
1198 967 1306 1049 scrip·

222 1079 373 1155 turasque
395 1076 648 1155 excerpserat1);
678 1092 734 1138 eae
761 1092 819 1154 pro
842 1074 980 1138 codicum
1003 1075 1167 1155 scripturis
1189 1091 1307 1139 omnes

222 1179 347 1244 habitae
380 1187 472 1260 suut3
509 1180 616 1262 itaque
653 1200 734 1261 quae
772 1182 950 1247 coniectura
981 1181 1022 1246 ab
1055 1180 1198 1246 omnibus
1233 1180 1306 1246 lere

222 1294 349 1367 recepta
382 1294 466 1366 erat,
504 1288 613 1366 viginti
646 1288 695 1352 hio
727 1294 823 1353 testes
856 1287 1011 1367 habebat,
1051 1307 1132 1368 quae
1164 1307 1185 1353 a
1219 1288 1305 1353 duo·

222 1392 297 1474 bus,
320 1395 408 1458 duos.

308 1501 367 1585 §b
401 1502 447 1565 Ex
470 1502 560 1583 copia
575 1502 682 1567 variae
704 1502 878 1583 scripturae
895 1501 936 1567 ab
958 1502 1028 1567 aliis
1050 1508 1221 1568 annotatae
1240 1519 1305 1585 ego

222 1607 371 1690 primum,
399 1609 551 1690 quidquid
573 1618 642 1674 erat
664 1608 834 1674 emelioris
856 1609 989 1674 familiae
1010 1608 1169 1674 codicibus
1190 1610 1304 1690 prola·

223 1721 298 1795 tum,
320 1716 352 1780 id
374 1735 465 1781 omne
486 1717 516 1780 in
541 1717 616 1781 meis
633 1713 862 1781 commentariis
880 1716 981 1797 posui,
1004 1735 1044 1781 ue
1060 1718 1134 1797 quid
1151 1717 1304 1793 detrahe·

223 1829 326 1896 retur,
350 1824 526 1904 quodcum
550 1823 733 1906 Erlangensi
757 1825 953 1889 coniunctum
976 1823 1140 1888 universae
1160 1822 1304 1889 familiae

223 1931 431 1995 testimouium
465 1932 651 1995 ostenderet.
699 1931 886 1996 Deteriores
923 1931 1046 1997 codices
1083 1930 1149 1996 iere
1181 1929 1306 2012 viginti,

223 2036 345 2120 quibus,
367 2046 404 2102 ut
423 2045 544 2102 ceteros
567 2038 717 2115 omittam,
741 2039 904 2117 Gruterua
921 2038 1078 2116 Davisius,
1096 2038 1306 2116 Oxouieuses,

144 2201 147 2207 ,
224 2145 414 2211 Goereuzius
436 2146 484 2210 usi
507 2154 593 2224 sunt,
616 2147 642 2209 si
664 2146 739 2210 milri
761 2146 822 2226 ipsi
845 2163 952 2210 omues
975 2145 1071 2210 oblati
1093 2151 1213 2224 esseut,
1235 2145 1304 2211 ele·

223 2253 337 2335 gissem
359 2252 489 2317 idoneos
511 2252 643 2332 aliquot,
672 2271 803 2333 quorum
826 2253 1010 2318 varietatem
1037 2253 1129 2334 plene
1150 2269 1304 2334 ponerem

134 2355 139 2365 '
224 2361 264 2425 ad
281 2358 416 2424 familiae
431 2360 640 2426 testimonium
657 2360 772 2441 ubique
788 2360 913 2425 abunde
925 2359 1160 2439 declarandum
1176 2368 1305 2425 ceteros

224 2467 362 2532 eiusdem
391 2467 437 2531 rei
464 2486 560 2532 causa
588 2469 744 2533 interdum
771 2467 989 2549 appellassem.
1041 2466 1074 2532 Si
1103 2467 1185 2531 enim
1213 2466 1302 2532 codi-

224 2593 293 2639 cum
317 2573 452 2640 familiae
474 2575 649 2656 descriptae
676 2581 708 2640 et
734 2575 926 2656 singularum
954 2581 1051 2640 testes
1078 2574 1182 2639 idonei
1209 2572 1304 2638 adhi-

225 2683 280 2747 biti
297 2690 378 2761 suut,
396 2682 486 2747 valde
503 2692 619 2762 errant,
642 2683 696 2764 qui
713 2683 780 2747 utili
797 2682 974 2747 accessione
990 2682 1098 2761 augeri
1114 2681 1305 2764 philologiae

225 2790 329 2870 copias
352 2796 473 2870 putant,
497 2807 566 2854 oum
588 2792 630 2855 ad
652 2791 826 2872 scripturas
848 2792 954 2855 decem
976 2789 1115 2854 codicum
1133 2788 1304 2854 recentium

225 2904 257 2963 et
277 2897 537 2977 interpolatorum
560 2899 712 2963 undecimi
741 2900 773 2963 in
795 2899 904 2964 iisdem
928 2896 1049 2961 mendis
1071 2915 1182 2962 nomen
1204 2904 1305 2978 atque

225 3025 320 3069 uuum
348 3015 379 3070 et
406 3005 537 3070 alterum
566 3024 678 3070 novum
707 3007 851 3070 mendum
874 3006 1028 3070 adiectum
1052 3005 1101 3069 sit
1145 3003 1235 3068 Nunc
1257 3003 1304 3069 ita

225 3121 405 3193 comparata
427 3119 496 3177 erat
518 3131 583 3191 res,
605 3119 654 3192 ut,
677 3113 704 3178 si
727 3113 844 3192 omnia,
868 3132 949 3194 quae
970 3119 1080 3176 notata
1102 3120 1222 3190 esseut,
1243 3129 1304 3192 po·

225 3219 371 3298 suissem,
395 3227 505 3300 tamen
528 3220 641 3285 nullius
664 3221 805 3300 Gruteri,
832 3220 966 3298 Davisii,
998 3219 1162 3286 Goerenzii
1185 3218 1303 3285 codicis

224 3326 348 3408 plenam
376 3326 568 3392 collationem
595 3327 732 3393 habituri
759 3327 923 3404 firerimus,
950 3345 989 3391 ac
1015 3345 1056 3392 ne
1077 3326 1303 3391 Orouieusium

225 3434 359 3516 quidem.
404 3434 524 3498 Deinde
557 3453 625 3499 cum
655 3433 783 3500 infinitis
810 3434 974 3516 scripturis
1001 3432 1168 3498 dubitandi
1195 3439 1302 3498 notam
1349 3466 1362 3490 ι

225 3541 449 3622 apposuissem,
472 3560 572 3622 aeque
588 3543 703 3608 multae
719 3543 833 3611 dubiae
850 3549 882 3607 et
897 3560 994 3624 prave
1011 3548 1157 3606 enotatae
1175 3541 1305 3606 relictae

130 3713 134 3721 ,
225 3653 337 3712 essent
382 3649 492 3728 ltaque
512 3648 593 3713 hanc
614 3650 700 3714 tenui
723 3651 890 3727 rationem,
913 3656 962 3728 ut,
984 3648 1036 3714 ubi
1059 3667 1095 3713 er
1118 3648 1195 3712 meis
1214 3649 1304 3714 dete·

225 3755 316 3819 rioris
345 3753 479 3820 familiae
507 3764 562 3820 aut
589 3774 758 3822 consensus
786 3763 840 3822 aut
869 3758 1029 3822 dissensus
1057 3755 1195 3837 intellegi
1223 3755 1304 3821 satis

226 3881 288 3926 nou
311 3871 426 3943 posset,
449 3863 491 3927 ibi
508 3864 640 3928 aliorum
657 3865 834 3929 testimonia
850 3865 1047 3943 ascriberem,
1068 3873 1122 3928 aut
1139 3863 1191 3928 ubi
1208 3862 1303 3928 inuti·

225 3969 299 4034 lium
321 3972 566 4035 coniecturarum
590 3981 622 4036 et
644 3972 846 4036 dubitationis
874 3991 936 4036 non
965 3971 1161 4037 necessariae
1189 3988 1305 4035 causas

226 4077 396 4141 monstrari
419 4078 610 4160 similemque
631 4080 662 4144 iu
685 4088 845 4160 posterum
867 4079 970 4144 lusum
987 4079 1106 4144 excludi
1124 4078 1200 4143 utile
1216 4079 1304 4143 vide·

254 4332 276 4397 ¹)
295 4335 346 4384 Clr.
366 4349 431 4398 quae
450 4337 545 4399 Peyron
566 4339 684 4400 exposuit
703 4336 734 4385 ud
753 4342 815 4385 oret.
834 4350 880 4399 pro
899 4337 993 4387 litloue
1012 4334 1102 4400 pasl.
