<?xml version="1.0" encoding="UTF-8"?>
<!DOCTYPE html PUBLIC "-//W3C//DTD XHTML 1.0 Transitional//EN"
    "http://www.w3.org/TR/xhtml1/DTD/xhtml1-transitional.dtd">
<html xmlns="http://www.w3.org/1999/xhtml" xml:lang="en" lang="en">
 <head>
  <title>
</title>
<meta http-equiv="Content-Type" content="text/html;charset=utf-8" />
  <meta name='ocr-system' content='tesseract 3.04.00' />
  <meta name='ocr-capabilities' content='ocr_page ocr_carea ocr_par ocr_line ocrx_word'/>
</head>
<body>
  <div class='ocr_page' id='page_1' title='image "./mtulliiciceroni35cicegoog/mtulliiciceroni35cicegoog_0929.png"; bbox 0 0 3030 5086; ppageno 0'>
   <div class='ocr_carea' id='block_1_1' title="bbox 217 442 882 512">
    <p class='ocr_par' dir='ltr' id='par_1_1' title="bbox 217 442 882 512">
     <span class='ocr_line' id='line_1_1' title="bbox 217 442 882 512; baseline -0.011 0"><span class='ocrx_word' id='word_1_1' title='bbox 217 442 281 512; x_wconf 77' lang='lat'><strong>⁸40</strong></span> <span class='ocrx_word' id='word_1_2' title='bbox 629 458 804 508; x_wconf 75' lang='lat' dir='ltr'><strong>excussus</strong></span> <span class='ocrx_word' id='word_1_3' title='bbox 827 459 882 506; x_wconf 87' lang='lat' dir='ltr'><strong>vu.</strong></span> 
     </span>
    </p>
   </div>
   <div class='ocr_carea' id='block_1_2' title="bbox 174 629 1299 4455">
    <p class='ocr_par' dir='ltr' id='par_1_2' title="bbox 174 629 1299 4455">
     <span class='ocr_line' id='line_1_2' title="bbox 216 629 1296 707; baseline -0.003 -18"><span class='ocrx_word' id='word_1_4' title='bbox 216 633 306 701; x_wconf 84' lang='lat' dir='ltr'><strong>venit,</strong></span> <span class='ocrx_word' id='word_1_5' title='bbox 330 632 382 690; x_wconf 89' lang='lat' dir='ltr'><strong>illa</strong></span> <span class='ocrx_word' id='word_1_6' title='bbox 404 632 440 689; x_wconf 91' lang='lat' dir='ltr'><strong>de</strong></span> <span class='ocrx_word' id='word_1_7' title='bbox 456 632 541 689; x_wconf 85' lang='lat' dir='ltr'><strong>libris</strong></span> <span class='ocrx_word' id='word_1_8' title='bbox 557 631 715 688; x_wconf 87' lang='lat' dir='ltr'><strong>exotericis</strong></span> <span class='ocrx_word' id='word_1_9' title='bbox 732 641 762 689; x_wconf 90' lang='lat' dir='ltr'><strong>st</strong></span> <span class='ocrx_word' id='word_1_10' title='bbox 778 629 909 688; x_wconf 88' lang='lat' dir='ltr'><strong>limatius</strong></span> <span class='ocrx_word' id='word_1_11' title='bbox 930 630 1049 707; x_wconf 89' lang='lat' dir='ltr'><strong>seriptis</strong></span> <span class='ocrx_word' id='word_1_12' title='bbox 1072 650 1125 688; x_wconf 90' lang='lat' dir='ltr'><strong>nec</strong></span> <span class='ocrx_word' id='word_1_13' title='bbox 1146 630 1236 688; x_wconf 88' lang='lat' dir='ltr'><strong>ullius</strong></span> <span class='ocrx_word' id='word_1_14' title='bbox 1256 647 1296 687; x_wconf 89' lang='lat' dir='ltr'><strong>ex</strong></span> 
     </span>
     <span class='ocr_line' id='line_1_3' title="bbox 216 716 1296 793; baseline -0.003 -18"><span class='ocrx_word' id='word_1_15' title='bbox 216 717 262 775; x_wconf 91' lang='lat' dir='ltr'><strong>his</strong></span> <span class='ocrx_word' id='word_1_16' title='bbox 285 737 390 775; x_wconf 87' lang='lat' dir='ltr'><strong>nornen</strong></span> <span class='ocrx_word' id='word_1_17' title='bbox 413 716 568 793; x_wconf 87' lang='lat' dir='ltr'><strong>significat.</strong></span> <span class='ocrx_word' id='word_1_18' title='bbox 604 717 717 773; x_wconf 81' lang='lat' dir='ltr'><strong>Deinde</strong></span> <span class='ocrx_word' id='word_1_19' title='bbox 734 726 832 772; x_wconf 89' lang='lat' dir='ltr'><strong>eutem</strong></span> <span class='ocrx_word' id='word_1_20' title='bbox 851 717 900 788; x_wconf 86' lang='lat' dir='ltr'><strong>(de</strong></span> <span class='ocrx_word' id='word_1_21' title='bbox 916 734 974 789; x_wconf 89' lang='lat' dir='ltr'><strong>quo</strong></span> <span class='ocrx_word' id='word_1_22' title='bbox 994 716 1088 773; x_wconf 89' lang='lat' dir='ltr'><strong>dicam</strong></span> <span class='ocrx_word' id='word_1_23' title='bbox 1107 716 1195 792; x_wconf 86' lang='lat' dir='ltr'><strong>paulo</strong></span> <span class='ocrx_word' id='word_1_24' title='bbox 1215 718 1296 791; x_wconf 85' lang='lat' dir='ltr'><strong>post)</strong></span> 
     </span>
     <span class='ocr_line' id='line_1_4' title="bbox 218 800 1296 876; baseline -0.003 -16"><span class='ocrx_word' id='word_1_25' title='bbox 218 822 306 860; x_wconf 88' lang='lat' dir='ltr'><strong>unum</strong></span> <span class='ocrx_word' id='word_1_26' title='bbox 330 803 459 861; x_wconf 90' lang='lat' dir='ltr'><strong>omnium</strong></span> <span class='ocrx_word' id='word_1_27' title='bbox 483 802 645 858; x_wconf 82' lang='lat' dir='ltr'><strong>ethicorum</strong></span> <span class='ocrx_word' id='word_1_28' title='bbox 669 801 886 858; x_wconf 88' lang='lat' dir='ltr'><strong>limatissimum</strong></span> <span class='ocrx_word' id='word_1_29' title='bbox 909 819 983 876; x_wconf 90' lang='lat' dir='ltr'><strong>opus</strong></span> <span class='ocrx_word' id='word_1_30' title='bbox 1000 802 1037 858; x_wconf 89' lang='lat' dir='ltr'><strong>ab</strong></span> <span class='ocrx_word' id='word_1_31' title='bbox 1051 800 1215 859; x_wconf 78' lang='lat' dir='ltr'><strong>Aristotele</strong></span> <span class='ocrx_word' id='word_1_32' title='bbox 1232 820 1296 857; x_wconf 91' lang='lat' dir='ltr'><strong>om-</strong></span> 
     </span>
     <span class='ocr_line' id='line_1_5' title="bbox 218 885 1297 963; baseline -0.003 -18"><span class='ocrx_word' id='word_1_33' title='bbox 218 889 287 945; x_wconf 91' lang='lat' dir='ltr'><strong>nino</strong></span> <span class='ocrx_word' id='word_1_34' title='bbox 310 889 447 963; x_wconf 90' lang='lat' dir='ltr'><strong>seiungit,</strong></span> <span class='ocrx_word' id='word_1_35' title='bbox 471 906 529 961; x_wconf 90' lang='lat' dir='ltr'><strong>quo</strong></span> <span class='ocrx_word' id='word_1_36' title='bbox 552 886 684 945; x_wconf 89' lang='lat' dir='ltr'><strong>detracto</strong></span> <span class='ocrx_word' id='word_1_37' title='bbox 707 886 818 944; x_wconf 90' lang='lat' dir='ltr'><strong>nullum</strong></span> <span class='ocrx_word' id='word_1_38' title='bbox 842 886 962 943; x_wconf 91' lang='lat' dir='ltr'><strong>omnino</strong></span> <span class='ocrx_word' id='word_1_39' title='bbox 980 887 1108 944; x_wconf 92' lang='lat' dir='ltr'><strong>ethicum</strong></span> <span class='ocrx_word' id='word_1_40' title='bbox 1120 885 1297 944; x_wconf 87' lang='lat' dir='ltr'><strong>Aristotelis</strong></span> 
     </span>
     <span class='ocr_line' id='line_1_6' title="bbox 216 971 1295 1047; baseline -0.004 -17"><span class='ocrx_word' id='word_1_41' title='bbox 216 974 323 1030; x_wconf 87' lang='lat' dir='ltr'><strong>librum</strong></span> <span class='ocrx_word' id='word_1_42' title='bbox 348 973 450 1036; x_wconf 87' lang='lat' dir='ltr'><strong>hahet,</strong></span> <span class='ocrx_word' id='word_1_43' title='bbox 479 991 565 1047; x_wconf 83' lang='lat' dir='ltr'><strong>quern</strong></span> <span class='ocrx_word' id='word_1_44' title='bbox 593 972 623 1028; x_wconf 91' lang='lat' dir='ltr'><strong>in</strong></span> <span class='ocrx_word' id='word_1_45' title='bbox 653 972 755 1030; x_wconf 87' lang='lat' dir='ltr'><strong>limato</strong></span> <span class='ocrx_word' id='word_1_46' title='bbox 778 971 829 1028; x_wconf 92' lang='lat' dir='ltr'><strong>illo</strong></span> <span class='ocrx_word' id='word_1_47' title='bbox 852 990 959 1047; x_wconf 85' lang='lat' dir='ltr'><strong>genere</strong></span> <span class='ocrx_word' id='word_1_48' title='bbox 982 972 1143 1046; x_wconf 81' lang='lat' dir='ltr'><strong>relinquat3</strong></span> <span class='ocrx_word' id='word_1_49' title='bbox 1173 989 1241 1027; x_wconf 88' lang='lat' dir='ltr'><strong>nam</strong></span> <span class='ocrx_word' id='word_1_50' title='bbox 1270 971 1295 1027; x_wconf 90' lang='lat' dir='ltr'><strong>si</strong></span> 
     </span>
     <span class='ocr_line' id='line_1_7' title="bbox 217 1050 1297 1121; baseline -0.004 -6"><span class='ocrx_word' id='word_1_51' title='bbox 217 1058 417 1116; x_wconf 86' lang='lat' dir='ltr'><strong>Nicomachea</strong></span> <span class='ocrx_word' id='word_1_52' title='bbox 442 1056 612 1114; x_wconf 89' lang='lat' dir='ltr'><strong>Aristotelis</strong></span> <span class='ocrx_word' id='word_1_53' title='bbox 635 1050 695 1115; x_wconf 87' lang='lat' dir='ltr'><strong>non</strong></span> <span class='ocrx_word' id='word_1_54' title='bbox 717 1067 793 1121; x_wconf 84' lang='lat' dir='ltr'><strong>sunt,</strong></span> <span class='ocrx_word' id='word_1_55' title='bbox 817 1057 909 1113; x_wconf 84' lang='lat' dir='ltr'><strong>multo</strong></span> <span class='ocrx_word' id='word_1_56' title='bbox 933 1057 1027 1113; x_wconf 89' lang='lat' dir='ltr'><strong>minus</strong></span> <span class='ocrx_word' id='word_1_57' title='bbox 1047 1066 1132 1114; x_wconf 89' lang='lat' dir='ltr'><strong>erunt</strong></span> <span class='ocrx_word' id='word_1_58' title='bbox 1152 1056 1297 1114; x_wconf 79' lang='lat' dir='ltr'><strong>Eudemia</strong></span> 
     </span>
     <span class='ocr_line' id='line_1_8' title="bbox 218 1141 1296 1218; baseline -0.004 -17"><span class='ocrx_word' id='word_1_59' title='bbox 218 1153 248 1201; x_wconf 89' lang='lat' dir='ltr'><strong>et</strong></span> <span class='ocrx_word' id='word_1_60' title='bbox 269 1144 389 1218; x_wconf 85' lang='lat' dir='ltr'><strong>Magna,</strong></span> <span class='ocrx_word' id='word_1_61' title='bbox 412 1161 487 1216; x_wconf 88' lang='lat' dir='ltr'><strong>quae</strong></span> <span class='ocrx_word' id='word_1_62' title='bbox 510 1142 578 1199; x_wconf 88' lang='lat' dir='ltr'><strong>inde</strong></span> <span class='ocrx_word' id='word_1_63' title='bbox 601 1142 738 1217; x_wconf 89' lang='lat' dir='ltr'><strong>pendent.</strong></span> <span class='ocrx_word' id='word_1_64' title='bbox 783 1144 885 1216; x_wconf 80' lang='lat' dir='ltr'><strong>Atque</strong></span> <span class='ocrx_word' id='word_1_65' title='bbox 908 1142 964 1199; x_wconf 91' lang='lat' dir='ltr'><strong>hoc</strong></span> <span class='ocrx_word' id='word_1_66' title='bbox 986 1161 1076 1199; x_wconf 89' lang='lat' dir='ltr'><strong>unum</strong></span> <span class='ocrx_word' id='word_1_67' title='bbox 1100 1160 1191 1217; x_wconf 90' lang='lat' dir='ltr'><strong>opus,</strong></span> <span class='ocrx_word' id='word_1_68' title='bbox 1215 1141 1296 1215; x_wconf 91' lang='lat' dir='ltr'><strong>quod</strong></span> 
     </span>
     <span class='ocr_line' id='line_1_9' title="bbox 217 1226 1296 1302; baseline -0.004 -16"><span class='ocrx_word' id='word_1_69' title='bbox 217 1228 374 1286; x_wconf 88' lang='lat' dir='ltr'><strong>tenendum</strong></span> <span class='ocrx_word' id='word_1_70' title='bbox 398 1237 491 1302; x_wconf 90' lang='lat' dir='ltr'><strong>putat,</strong></span> <span class='ocrx_word' id='word_1_71' title='bbox 515 1246 582 1284; x_wconf 90' lang='lat' dir='ltr'><strong>eum</strong></span> <span class='ocrx_word' id='word_1_72' title='bbox 604 1228 642 1283; x_wconf 87' lang='lat' dir='ltr'><strong>ab</strong></span> <span class='ocrx_word' id='word_1_73' title='bbox 661 1228 823 1286; x_wconf 81' lang='lat' dir='ltr'><strong>Aristotele</strong></span> <span class='ocrx_word' id='word_1_74' title='bbox 846 1227 982 1302; x_wconf 86' lang='lat' dir='ltr'><strong>seiungit,</strong></span> <span class='ocrx_word' id='word_1_75' title='bbox 1005 1228 1042 1283; x_wconf 85' lang='lat' dir='ltr'><strong>ab</strong></span> <span class='ocrx_word' id='word_1_76' title='bbox 1065 1227 1117 1285; x_wconf 89' lang='lat' dir='ltr'><strong>illa</strong></span> <span class='ocrx_word' id='word_1_77' title='bbox 1139 1228 1227 1285; x_wconf 85' lang='lat' dir='ltr'><strong>etiarn</strong></span> <span class='ocrx_word' id='word_1_78' title='bbox 1251 1226 1296 1282; x_wconf 93' lang='lat' dir='ltr'><strong>di·</strong></span> 
     </span>
     <span class='ocr_line' id='line_1_10' title="bbox 217 1311 1297 1388; baseline -0.004 -16"><span class='ocrx_word' id='word_1_79' title='bbox 217 1314 331 1372; x_wconf 91' lang='lat' dir='ltr'><strong>visione</strong></span> <span class='ocrx_word' id='word_1_80' title='bbox 359 1312 423 1370; x_wconf 89' lang='lat' dir='ltr'><strong>eius</strong></span> <span class='ocrx_word' id='word_1_81' title='bbox 450 1322 481 1370; x_wconf 90' lang='lat' dir='ltr'><strong>et</strong></span> <span class='ocrx_word' id='word_1_82' title='bbox 501 1313 699 1387; x_wconf 80' lang='lat' dir='ltr'><strong>Theophrasti</strong></span> <span class='ocrx_word' id='word_1_83' title='bbox 723 1313 897 1388; x_wconf 88' lang='lat' dir='ltr'><strong>scriptorum</strong></span> <span class='ocrx_word' id='word_1_84' title='bbox 921 1312 1063 1388; x_wconf 83' lang='lat' dir='ltr'><strong>seiungit3</strong></span> <span class='ocrx_word' id='word_1_85' title='bbox 1093 1312 1167 1369; x_wconf 87' lang='lat' dir='ltr'><strong>adeo</strong></span> <span class='ocrx_word' id='word_1_86' title='bbox 1196 1311 1297 1368; x_wconf 88' lang='lat' dir='ltr'><strong>nullus</strong></span> 
     </span>
     <span class='ocr_line' id='line_1_11' title="bbox 218 1396 1296 1467; baseline -0.004 -10"><span class='ocrx_word' id='word_1_87' title='bbox 218 1400 281 1457; x_wconf 89' lang='lat' dir='ltr'><strong>eius</strong></span> <span class='ocrx_word' id='word_1_88' title='bbox 303 1398 458 1456; x_wconf 78' lang='lat' dir='ltr'><strong>divisionis</strong></span> <span class='ocrx_word' id='word_1_89' title='bbox 477 1398 524 1455; x_wconf 90' lang='lat' dir='ltr'><strong>hic</strong></span> <span class='ocrx_word' id='word_1_90' title='bbox 542 1407 587 1455; x_wconf 91' lang='lat' dir='ltr'><strong>est</strong></span> <span class='ocrx_word' id='word_1_91' title='bbox 604 1416 683 1455; x_wconf 85' lang='lat' dir='ltr'><strong>usus.</strong></span> <span class='ocrx_word' id='word_1_92' title='bbox 718 1398 861 1456; x_wconf 80' lang='lat' dir='ltr'><strong>Perverse</strong></span> <span class='ocrx_word' id='word_1_93' title='bbox 879 1407 987 1467; x_wconf 86' lang='lat' dir='ltr'><strong>autem,</strong></span> <span class='ocrx_word' id='word_1_94' title='bbox 1010 1397 1035 1454; x_wconf 91' lang='lat' dir='ltr'><strong>si</strong></span> <span class='ocrx_word' id='word_1_95' title='bbox 1054 1397 1140 1454; x_wconf 90' lang='lat' dir='ltr'><strong>modo</strong></span> <span class='ocrx_word' id='word_1_96' title='bbox 1157 1396 1296 1456; x_wconf 86' lang='lat' dir='ltr'><strong>Ciceroni</strong></span> 
     </span>
     <span class='ocr_line' id='line_1_12' title="bbox 218 1482 1295 1552; baseline -0.004 -11"><span class='ocrx_word' id='word_1_97' title='bbox 218 1503 273 1542; x_wconf 88' lang='lat' dir='ltr'><strong>usu</strong></span> <span class='ocrx_word' id='word_1_98' title='bbox 296 1484 357 1540; x_wconf 94' lang='lat' dir='ltr'><strong>noti</strong></span> <span class='ocrx_word' id='word_1_99' title='bbox 377 1482 497 1541; x_wconf 80' lang='lat' dir='ltr'><strong>fuerunt</strong></span> <span class='ocrx_word' id='word_1_100' title='bbox 514 1492 544 1540; x_wconf 90' lang='lat' dir='ltr'><strong>et</strong></span> <span class='ocrx_word' id='word_1_101' title='bbox 561 1483 677 1540; x_wconf 88' lang='lat' dir='ltr'><strong>tractati</strong></span> <span class='ocrx_word' id='word_1_102' title='bbox 690 1483 861 1541; x_wconf 85' lang='lat' dir='ltr'><strong>Aristotelis</strong></span> <span class='ocrx_word' id='word_1_103' title='bbox 879 1482 947 1540; x_wconf 87' lang='lat' dir='ltr'><strong>libri</strong></span> <span class='ocrx_word' id='word_1_104' title='bbox 965 1482 1063 1550; x_wconf 88' lang='lat' dir='ltr'><strong>ethici,</strong></span> <span class='ocrx_word' id='word_1_105' title='bbox 1087 1482 1143 1552; x_wconf 90' lang='lat' dir='ltr'><strong>hic,</strong></span> <span class='ocrx_word' id='word_1_106' title='bbox 1163 1482 1212 1538; x_wconf 92' lang='lat' dir='ltr'><strong>ubi</strong></span> <span class='ocrx_word' id='word_1_107' title='bbox 1231 1484 1295 1538; x_wconf 89' lang='lat' dir='ltr'><strong>An·</strong></span> 
     </span>
     <span class='ocr_line' id='line_1_13' title="bbox 217 1566 1296 1668; baseline -0.005 -41"><span class='ocrx_word' id='word_1_108' title='bbox 217 1569 308 1627; x_wconf 90' lang='lat' dir='ltr'><strong>tioehi</strong></span> <span class='ocrx_word' id='word_1_109' title='bbox 325 1568 450 1627; x_wconf 83' lang='lat' dir='ltr'><strong>formam</strong></span> <span class='ocrx_word' id='word_1_110' title='bbox 468 1568 642 1668; x_wconf 86' lang='lat' dir='ltr'><strong>disciplinae</strong></span> <span class='ocrx_word' id='word_1_111' title='bbox 660 1587 713 1644; x_wconf 93' lang='lat' dir='ltr'><strong>pro</strong></span> <span class='ocrx_word' id='word_1_112' title='bbox 731 1568 905 1626; x_wconf 86' lang='lat' dir='ltr'><strong>Aristotelia</strong></span> <span class='ocrx_word' id='word_1_113' title='bbox 924 1568 1129 1643; x_wconf 87' lang='lat' dir='ltr'><strong>propositurus</strong></span> <span class='ocrx_word' id='word_1_114' title='bbox 1152 1577 1206 1637; x_wconf 90' lang='lat' dir='ltr'><strong>est,</strong></span> <span class='ocrx_word' id='word_1_115' title='bbox 1230 1566 1296 1623; x_wconf 93' lang='lat' dir='ltr'><strong>illo-</strong></span> 
     </span>
     <span class='ocr_line' id='line_1_14' title="bbox 218 1652 1297 1738; baseline -0.004 -26"><span class='ocrx_word' id='word_1_116' title='bbox 218 1674 283 1712; x_wconf 87' lang='lat' dir='ltr'><strong>rum</strong></span> <span class='ocrx_word' id='word_1_117' title='bbox 306 1654 448 1711; x_wconf 89' lang='lat' dir='ltr'><strong>librorum</strong></span> <span class='ocrx_word' id='word_1_118' title='bbox 472 1654 648 1711; x_wconf 89' lang='lat' dir='ltr'><strong>mentionem</strong></span> <span class='ocrx_word' id='word_1_119' title='bbox 672 1652 745 1711; x_wconf 84' lang='lat' dir='ltr'><strong>facit</strong></span> <span class='ocrx_word' id='word_1_120' title='bbox 767 1662 796 1710; x_wconf 91' lang='lat' dir='ltr'><strong>et</strong></span> <span class='ocrx_word' id='word_1_121' title='bbox 817 1671 926 1729; x_wconf 87' lang='lat' dir='ltr'><strong>genera</strong></span> <span class='ocrx_word' id='word_1_122' title='bbox 948 1653 1111 1729; x_wconf 89' lang='lat' dir='ltr'><strong>distingvit,</strong></span> <span class='ocrx_word' id='word_1_123' title='bbox 1135 1653 1164 1709; x_wconf 91' lang='lat' dir='ltr'><strong>in</strong></span> <span class='ocrx_word' id='word_1_124' title='bbox 1187 1653 1297 1738; x_wconf 89' lang='lat' dir='ltr'><strong>quibus</strong></span> 
     </span>
     <span class='ocr_line' id='line_1_15' title="bbox 218 1725 1296 1814; baseline -0.004 -16"><span class='ocrx_word' id='word_1_125' title='bbox 218 1740 318 1798; x_wconf 89' lang='lat' dir='ltr'><strong>omnia</strong></span> <span class='ocrx_word' id='word_1_126' title='bbox 334 1739 420 1797; x_wconf 87' lang='lat' dir='ltr'><strong>aliter</strong></span> <span class='ocrx_word' id='word_1_127' title='bbox 439 1738 634 1814; x_wconf 87' lang='lat' dir='ltr'><strong>explicantur</strong></span> <span class='ocrx_word' id='word_1_128' title='bbox 671 1740 774 1814; x_wconf 88' lang='lat' dir='ltr'><strong>ltaque</strong></span> <span class='ocrx_word' id='word_1_129' title='bbox 798 1757 912 1813; x_wconf 90' lang='lat' dir='ltr'><strong>pannus</strong></span> <span class='ocrx_word' id='word_1_130' title='bbox 934 1737 982 1795; x_wconf 90' lang='lat' dir='ltr'><strong>hie</strong></span> <span class='ocrx_word' id='word_1_131' title='bbox 998 1749 1119 1795; x_wconf 90' lang='lat' dir='ltr'><strong>ornatus</strong></span> <span class='ocrx_word' id='word_1_132' title='bbox 1136 1725 1296 1794; x_wconf 80' lang='lat' dir='ltr'><strong>adventicii</strong></span> 
     </span>
     <span class='ocr_line' id='line_1_16' title="bbox 219 1823 1295 1894; baseline -0.003 -12"><span class='ocrx_word' id='word_1_133' title='bbox 219 1834 336 1882; x_wconf 81' lang='lat' dir='ltr'><strong>assutus</strong></span> <span class='ocrx_word' id='word_1_134' title='bbox 353 1833 405 1893; x_wconf 90' lang='lat' dir='ltr'><strong>est,</strong></span> <span class='ocrx_word' id='word_1_135' title='bbox 429 1833 470 1894; x_wconf 93' lang='lat' dir='ltr'><strong>ut,</strong></span> <span class='ocrx_word' id='word_1_136' title='bbox 493 1841 558 1880; x_wconf 83' lang='lat' dir='ltr'><strong>curn</strong></span> <span class='ocrx_word' id='word_1_137' title='bbox 576 1842 637 1880; x_wconf 90' lang='lat' dir='ltr'><strong>rem</strong></span> <span class='ocrx_word' id='word_1_138' title='bbox 656 1843 770 1881; x_wconf 81' lang='lat' dir='ltr'><strong>omnent</strong></span> <span class='ocrx_word' id='word_1_139' title='bbox 789 1826 827 1880; x_wconf 91' lang='lat' dir='ltr'><strong>ab</strong></span> <span class='ocrx_word' id='word_1_140' title='bbox 845 1824 996 1881; x_wconf 86' lang='lat' dir='ltr'><strong>Antiocho</strong></span> <span class='ocrx_word' id='word_1_141' title='bbox 1015 1823 1146 1891; x_wconf 88' lang='lat' dir='ltr'><strong>haberet,</strong></span> <span class='ocrx_word' id='word_1_142' title='bbox 1171 1823 1207 1879; x_wconf 93' lang='lat' dir='ltr'><strong>de</strong></span> <span class='ocrx_word' id='word_1_143' title='bbox 1224 1823 1295 1880; x_wconf 89' lang='lat' dir='ltr'><strong>Ari·</strong></span> 
     </span>
     <span class='ocr_line' id='line_1_17' title="bbox 218 1907 1297 1984; baseline -0.003 -16"><span class='ocrx_word' id='word_1_144' title='bbox 218 1909 324 1969; x_wconf 87' lang='lat' dir='ltr'><strong>stotele</strong></span> <span class='ocrx_word' id='word_1_145' title='bbox 348 1920 445 1967; x_wconf 84' lang='lat' dir='ltr'><strong>tamen</strong></span> <span class='ocrx_word' id='word_1_146' title='bbox 469 1908 581 1983; x_wconf 85' lang='lat' dir='ltr'><strong>aliquid</strong></span> <span class='ocrx_word' id='word_1_147' title='bbox 604 1908 724 1966; x_wconf 89' lang='lat' dir='ltr'><strong>diceret.</strong></span> <span class='ocrx_word' id='word_1_148' title='bbox 769 1910 872 1984; x_wconf 84' lang='lat' dir='ltr'><strong>quue</strong></span> <span class='ocrx_word' id='word_1_149' title='bbox 895 1909 927 1965; x_wconf 88' lang='lat' dir='ltr'><strong>fit</strong></span> <span class='ocrx_word' id='word_1_150' title='bbox 949 1908 1147 1983; x_wconf 67' lang='lat' dir='ltr'><strong>probabilius,</strong></span> <span class='ocrx_word' id='word_1_151' title='bbox 1177 1907 1297 1966; x_wconf 85' lang='lat' dir='ltr'><strong>Cicero·</strong></span> 
     </span>
     <span class='ocr_line' id='line_1_18' title="bbox 219 1992 1297 2068; baseline -0.002 -16"><span class='ocrx_word' id='word_1_152' title='bbox 219 2014 285 2053; x_wconf 88' lang='lat' dir='ltr'><strong>nem</strong></span> <span class='ocrx_word' id='word_1_153' title='bbox 310 1995 365 2052; x_wconf 91' lang='lat' dir='ltr'><strong>hoc</strong></span> <span class='ocrx_word' id='word_1_154' title='bbox 388 2003 482 2051; x_wconf 90' lang='lat' dir='ltr'><strong>totum</strong></span> <span class='ocrx_word' id='word_1_155' title='bbox 506 2013 543 2051; x_wconf 83' lang='lat' dir='ltr'><strong>ex</strong></span> <span class='ocrx_word' id='word_1_156' title='bbox 566 1995 714 2051; x_wconf 86' lang='lat' dir='ltr'><strong>communi</strong></span> <span class='ocrx_word' id='word_1_157' title='bbox 736 2013 807 2052; x_wconf 88' lang='lat' dir='ltr'><strong>suae</strong></span> <span class='ocrx_word' id='word_1_158' title='bbox 830 1995 936 2051; x_wconf 82' lang='lat' dir='ltr'><strong>aetatis</strong></span> <span class='ocrx_word' id='word_1_159' title='bbox 958 1992 1038 2051; x_wconf 85' lang='lat' dir='ltr'><strong>fama</strong></span> <span class='ocrx_word' id='word_1_160' title='bbox 1060 1994 1220 2068; x_wconf 83' lang='lat' dir='ltr'><strong>sumpsisse</strong></span> <span class='ocrx_word' id='word_1_161' title='bbox 1243 2011 1297 2050; x_wconf 90' lang='lat' dir='ltr'><strong>nec</strong></span> 
     </span>
     <span class='ocr_line' id='line_1_19' title="bbox 220 2074 1297 2156; baseline -0.003 -19"><span class='ocrx_word' id='word_1_162' title='bbox 220 2100 283 2137; x_wconf 88' lang='lat' dir='ltr'><strong>earn</strong></span> <span class='ocrx_word' id='word_1_163' title='bbox 311 2077 436 2136; x_wconf 81' lang='lat' dir='ltr'><strong>fortasse</strong></span> <span class='ocrx_word' id='word_1_164' title='bbox 464 2079 621 2156; x_wconf 83' lang='lat' dir='ltr'><strong>diligenter</strong></span> <span class='ocrx_word' id='word_1_165' title='bbox 648 2079 872 2154; x_wconf 86' lang='lat' dir='ltr'><strong>interpretatum</strong></span> <span class='ocrx_word' id='word_1_166' title='bbox 901 2096 975 2136; x_wconf 88' lang='lat' dir='ltr'><strong>esse.</strong></span> <span class='ocrx_word' id='word_1_167' title='bbox 1009 2074 1115 2151; x_wconf 78' lang='grc' dir='ltr'>’(Νιιιιι</span> <span class='ocrx_word' id='word_1_168' title='bbox 1144 2078 1174 2135; x_wconf 95' lang='lat' dir='ltr'><strong>in</strong></span> <span class='ocrx_word' id='word_1_169' title='bbox 1202 2080 1297 2135; x_wconf 88' lang='lat' dir='ltr'><strong>altera</strong></span> 
     </span>
     <span class='ocr_line' id='line_1_20' title="bbox 219 2163 1296 2240; baseline -0.002 -18"><span class='ocrx_word' id='word_1_170' title='bbox 219 2165 402 2234; x_wconf 74' lang='lat' dir='ltr'><strong>narratione,</strong></span> <span class='ocrx_word' id='word_1_171' title='bbox 426 2183 502 2240; x_wconf 89' lang='lat' dir='ltr'><strong>quae</strong></span> <span class='ocrx_word' id='word_1_172' title='bbox 524 2164 659 2240; x_wconf 88' lang='lat' dir='ltr'><strong>epistulis</strong></span> <span class='ocrx_word' id='word_1_173' title='bbox 681 2164 741 2222; x_wconf 90' lang='lat' dir='ltr'><strong>illis</strong></span> <span class='ocrx_word' id='word_1_174' title='bbox 762 2164 928 2223; x_wconf 77' lang='lat' dir='ltr'><strong>Alexandri</strong></span> <span class='ocrx_word' id='word_1_175' title='bbox 953 2175 982 2220; x_wconf 89' lang='lat' dir='ltr'><strong>et</strong></span> <span class='ocrx_word' id='word_1_176' title='bbox 1005 2163 1190 2231; x_wconf 88' lang='lat' dir='ltr'><strong>Aristotelis,</strong></span> <span class='ocrx_word' id='word_1_177' title='bbox 1220 2182 1296 2238; x_wconf 87' lang='lat' dir='ltr'><strong>quae</strong></span> 
     </span>
     <span class='ocr_line' id='line_1_21' title="bbox 218 2229 1297 2325; baseline -0.003 -17"><span class='ocrx_word' id='word_1_178' title='bbox 218 2249 363 2320; x_wconf 80' lang='lat' dir='ltr'><strong>feruntur,</strong></span> <span class='ocrx_word' id='word_1_179' title='bbox 386 2250 553 2308; x_wconf 89' lang='lat' dir='ltr'><strong>continetur</strong></span> <span class='ocrx_word' id='word_1_180' title='bbox 575 2261 605 2306; x_wconf 95' lang='lat' dir='ltr'><strong>et</strong></span> <span class='ocrx_word' id='word_1_181' title='bbox 626 2249 704 2325; x_wconf 89' lang='lat' dir='ltr'><strong>apud</strong></span> <span class='ocrx_word' id='word_1_182' title='bbox 729 2229 930 2308; x_wconf 90' lang='lat' dir='ltr'><strong>Andronicum</strong></span> <span class='ocrx_word' id='word_1_183' title='bbox 955 2249 1101 2306; x_wconf 90' lang='lat' dir='ltr'><strong>Rhodium</strong></span> <span class='ocrx_word' id='word_1_184' title='bbox 1125 2258 1203 2317; x_wconf 88' lang='lat' dir='ltr'><strong>erat,</strong></span> <span class='ocrx_word' id='word_1_185' title='bbox 1227 2248 1297 2306; x_wconf 88' lang='lat' dir='ltr'><strong>Ari·</strong></span> 
     </span>
     <span class='ocr_line' id='line_1_22' title="bbox 219 2319 1297 2410; baseline -0.002 -18"><span class='ocrx_word' id='word_1_186' title='bbox 219 2336 340 2393; x_wconf 82' lang='lat' dir='ltr'><strong>atoteles</strong></span> <span class='ocrx_word' id='word_1_187' title='bbox 362 2335 544 2409; x_wconf 87' lang='lat' dir='ltr'><strong>aliquamdiu</strong></span> <span class='ocrx_word' id='word_1_188' title='bbox 567 2334 678 2408; x_wconf 85' lang='lat' dir='ltr'><strong>scripta</strong></span> <span class='ocrx_word' id='word_1_189' title='bbox 701 2319 908 2410; x_wconf 76' lang='grc' dir='ltr'><strong>ἀκροαματικιῖ</strong></span> <span class='ocrx_word' id='word_1_190' title='bbox 932 2334 1010 2391; x_wconf 87' lang='lat' dir='ltr'><strong>dorni</strong></span> <span class='ocrx_word' id='word_1_191' title='bbox 1034 2334 1214 2391; x_wconf 84' lang='lat' dir='ltr'><strong>continuisse</strong></span> <span class='ocrx_word' id='word_1_192' title='bbox 1237 2344 1297 2391; x_wconf 89' lang='lat' dir='ltr'><strong>tra·</strong></span> 
     </span>
     <span class='ocr_line' id='line_1_23' title="bbox 221 2419 1296 2497; baseline -0.002 -19"><span class='ocrx_word' id='word_1_193' title='bbox 221 2421 355 2492; x_wconf 87' lang='lat' dir='ltr'><strong>debatur,</strong></span> <span class='ocrx_word' id='word_1_194' title='bbox 379 2429 480 2497; x_wconf 88' lang='lat' dir='ltr'><strong>postea</strong></span> <span class='ocrx_word' id='word_1_195' title='bbox 502 2431 599 2477; x_wconf 89' lang='lat' dir='ltr'><strong>temen</strong></span> <span class='ocrx_word' id='word_1_196' title='bbox 623 2420 686 2495; x_wconf 90' lang='lat' dir='ltr'><strong>ipse</strong></span> <span class='ocrx_word' id='word_1_197' title='bbox 709 2419 844 2476; x_wconf 85' lang='lat' dir='ltr'><strong>edidisse</strong></span> <span class='ocrx_word' id='word_1_198' title='bbox 881 2419 930 2476; x_wconf 94' lang='lat' dir='ltr'><strong>Ad</strong></span> <span class='ocrx_word' id='word_1_199' title='bbox 953 2419 1108 2476; x_wconf 88' lang='lat' dir='ltr'><strong>discrimen</strong></span> <span class='ocrx_word' id='word_1_200' title='bbox 1133 2420 1210 2476; x_wconf 93' lang='lat' dir='ltr'><strong>enim</strong></span> <span class='ocrx_word' id='word_1_201' title='bbox 1235 2420 1296 2476; x_wconf 91' lang='lat' dir='ltr'><strong>edi-</strong></span> 
     </span>
     <span class='ocr_line' id='line_1_24' title="bbox 222 2503 1297 2574; baseline -0.003 -11"><span class='ocrx_word' id='word_1_202' title='bbox 222 2516 318 2564; x_wconf 92' lang='lat' dir='ltr'><strong>torum</strong></span> <span class='ocrx_word' id='word_1_203' title='bbox 347 2515 376 2562; x_wconf 89' lang='lat' dir='ltr'><strong>et</strong></span> <span class='ocrx_word' id='word_1_204' title='bbox 397 2524 455 2562; x_wconf 92' lang='lat' dir='ltr'><strong>non</strong></span> <span class='ocrx_word' id='word_1_205' title='bbox 478 2506 623 2563; x_wconf 89' lang='lat' dir='ltr'><strong>editorum</strong></span> <span class='ocrx_word' id='word_1_206' title='bbox 646 2503 725 2561; x_wconf 86' lang='lat' dir='ltr'><strong>fama</strong></span> <span class='ocrx_word' id='word_1_207' title='bbox 748 2505 921 2561; x_wconf 89' lang='lat' dir='ltr'><strong>divisionem</strong></span> <span class='ocrx_word' id='word_1_208' title='bbox 945 2504 1106 2574; x_wconf 81' lang='lat' dir='ltr'><strong>referebat,</strong></span> <span class='ocrx_word' id='word_1_209' title='bbox 1135 2505 1185 2561; x_wconf 89' lang='lat' dir='ltr'><strong>sed</strong></span> <span class='ocrx_word' id='word_1_210' title='bbox 1208 2504 1297 2561; x_wconf 90' lang='lat' dir='ltr'><strong>simul</strong></span> 
     </span>
     <span class='ocr_line' id='line_1_25' title="bbox 222 2578 1297 2666; baseline -0.001 -18"><span class='ocrx_word' id='word_1_211' title='bbox 222 2592 423 2659; x_wconf 89' lang='lat' dir='ltr'><strong>meminerant,</strong></span> <span class='ocrx_word' id='word_1_212' title='bbox 442 2578 649 2666; x_wconf 61' lang='lat' dir='ltr'><strong>depauperati</strong></span> <span class='ocrx_word' id='word_1_213' title='bbox 667 2590 695 2647; x_wconf 91' lang='lat' dir='ltr'><strong>in</strong></span> <span class='ocrx_word' id='word_1_214' title='bbox 715 2590 849 2646; x_wconf 88' lang='lat' dir='ltr'><strong>manibus</strong></span> <span class='ocrx_word' id='word_1_215' title='bbox 867 2589 1017 2647; x_wconf 88' lang='lat' dir='ltr'><strong>hominum</strong></span> <span class='ocrx_word' id='word_1_216' title='bbox 1037 2600 1142 2647; x_wconf 86' lang='lat' dir='ltr'><strong>etesse</strong></span> <span class='ocrx_word' id='word_1_217' title='bbox 1154 2598 1184 2646; x_wconf 92' lang='lat' dir='ltr'><strong>et</strong></span> <span class='ocrx_word' id='word_1_218' title='bbox 1195 2588 1297 2656; x_wconf 86' lang='lat' dir='ltr'><strong>fuisse,</strong></span> 
     </span>
     <span class='ocr_line' id='line_1_26' title="bbox 221 2675 1299 2751; baseline -0.002 -17"><span class='ocrx_word' id='word_1_219' title='bbox 221 2695 284 2747; x_wconf 89' lang='lat' dir='ltr'><strong>nec,</strong></span> <span class='ocrx_word' id='word_1_220' title='bbox 308 2676 365 2734; x_wconf 92' lang='lat' dir='ltr'><strong>nisi</strong></span> <span class='ocrx_word' id='word_1_221' title='bbox 388 2675 521 2733; x_wconf 88' lang='lat' dir='ltr'><strong>homines</strong></span> <span class='ocrx_word' id='word_1_222' title='bbox 544 2685 699 2749; x_wconf 89' lang='lat' dir='ltr'><strong>utrumque</strong></span> <span class='ocrx_word' id='word_1_223' title='bbox 717 2693 809 2751; x_wconf 87' lang='lat' dir='ltr'><strong>genus</strong></span> <span class='ocrx_word' id='word_1_224' title='bbox 828 2676 1008 2740; x_wconf 76' lang='lat' dir='ltr'><strong>habuissent,</strong></span> <span class='ocrx_word' id='word_1_225' title='bbox 1032 2675 1176 2732; x_wconf 88' lang='lat' dir='ltr'><strong>divisione</strong></span> <span class='ocrx_word' id='word_1_226' title='bbox 1193 2694 1299 2732; x_wconf 88' lang='lat' dir='ltr'><strong>usuros</strong></span> 
     </span>
     <span class='ocr_line' id='line_1_27' title="bbox 220 2760 1298 2862; baseline -0.003 -42"><span class='ocrx_word' id='word_1_227' title='bbox 220 2760 336 2862; x_wconf 74' lang='lat' dir='ltr'><strong>fuisse.)</strong></span> <span class='ocrx_word' id='word_1_228' title='bbox 369 2762 403 2818; x_wconf 90' lang='lat' dir='ltr'><strong>In</strong></span> <span class='ocrx_word' id='word_1_229' title='bbox 428 2761 500 2859; x_wconf 90' lang='lat' dir='ltr'><strong>ipsis</strong></span> <span class='ocrx_word' id='word_1_230' title='bbox 522 2760 639 2834; x_wconf 84' lang='lat' dir='ltr'><strong>quidem</strong></span> <span class='ocrx_word' id='word_1_231' title='bbox 658 2760 830 2818; x_wconf 87' lang='lat' dir='ltr'><strong>Aristotelis</strong></span> <span class='ocrx_word' id='word_1_232' title='bbox 849 2760 975 2836; x_wconf 86' lang='lat' dir='ltr'><strong>scriptis,</strong></span> <span class='ocrx_word' id='word_1_233' title='bbox 999 2760 1114 2817; x_wconf 88' lang='lat' dir='ltr'><strong>etiamsi</strong></span> <span class='ocrx_word' id='word_1_234' title='bbox 1134 2778 1168 2816; x_wconf 87' lang='lat' dir='ltr'><strong>ea</strong></span> <span class='ocrx_word' id='word_1_235' title='bbox 1186 2760 1298 2817; x_wconf 90' lang='lat' dir='ltr'><strong>studio·</strong></span> 
     </span>
     <span class='ocr_line' id='line_1_28' title="bbox 221 2845 1297 2920; baseline -0.001 -16"><span class='ocrx_word' id='word_1_236' title='bbox 221 2847 337 2905; x_wconf 79' lang='lat' dir='ltr'><strong>sissima</strong></span> <span class='ocrx_word' id='word_1_237' title='bbox 370 2846 470 2903; x_wconf 88' lang='lat' dir='ltr'><strong>omnia</strong></span> <span class='ocrx_word' id='word_1_238' title='bbox 502 2845 636 2920; x_wconf 87' lang='lat' dir='ltr'><strong>legisset,</strong></span> <span class='ocrx_word' id='word_1_239' title='bbox 677 2846 751 2903; x_wconf 93' lang='lat' dir='ltr'><strong>nihil</strong></span> <span class='ocrx_word' id='word_1_240' title='bbox 785 2846 820 2902; x_wconf 91' lang='lat' dir='ltr'><strong>de</strong></span> <span class='ocrx_word' id='word_1_241' title='bbox 854 2846 908 2902; x_wconf 87' lang='lat' dir='ltr'><strong>hae</strong></span> <span class='ocrx_word' id='word_1_242' title='bbox 941 2845 1085 2902; x_wconf 92' lang='lat' dir='ltr'><strong>divisione</strong></span> <span class='ocrx_word' id='word_1_243' title='bbox 1118 2846 1297 2920; x_wconf 84' lang='lat' dir='ltr'><strong>repperisset</strong></span> 
     </span>
     <span class='ocr_line' id='line_1_29' title="bbox 220 2926 1297 3008; baseline -0.005 -18"><span class='ocrx_word' id='word_1_244' title='bbox 220 2943 338 3008; x_wconf 87' lang='lat' dir='ltr'><strong>praeter</strong></span> <span class='ocrx_word' id='word_1_245' title='bbox 360 2930 446 2989; x_wconf 88' lang='lat' dir='ltr'><strong>valde</strong></span> <span class='ocrx_word' id='word_1_246' title='bbox 469 2931 588 2988; x_wconf 88' lang='lat' dir='ltr'><strong>dubiam</strong></span> <span class='ocrx_word' id='word_1_247' title='bbox 612 2930 701 2994; x_wconf 89' lang='lat' dir='ltr'><strong>illam</strong></span> <span class='ocrx_word' id='word_1_248' title='bbox 725 2950 812 3006; x_wconf 90' lang='lat' dir='ltr'><strong>quam</strong></span> <span class='ocrx_word' id='word_1_249' title='bbox 836 2949 890 2987; x_wconf 92' lang='lat' dir='ltr'><strong>nos</strong></span> <span class='ocrx_word' id='word_1_250' title='bbox 912 2927 1029 3005; x_wconf 81' lang='lat' dir='ltr'><strong>quoque</strong></span> <span class='ocrx_word' id='word_1_251' title='bbox 1052 2930 1207 2993; x_wconf 88' lang='lat' dir='ltr'><strong>hahemus,</strong></span> <span class='ocrx_word' id='word_1_252' title='bbox 1238 2926 1297 2985; x_wconf 73' lang='grc' dir='ltr'><strong>τῶν</strong></span> 
     </span>
     <span class='ocr_line' id='line_1_30' title="bbox 221 3004 1295 3115; baseline -0.002 -42"><span class='ocrx_word' id='word_1_253' title='bbox 221 3010 394 3093; x_wconf 72' lang='grc' dir='ltr'><strong><em>ἐξωτερικῶν</em></strong></span> <span class='ocrx_word' id='word_1_254' title='bbox 422 3004 516 3091; x_wconf 69' lang='grc' dir='ltr'><strong><em>λόγων</em></strong></span> <span class='ocrx_word' id='word_1_255' title='bbox 545 3017 785 3115; x_wconf 81' lang='lat' dir='ltr'><strong>appellationem</strong></span> <span class='ocrx_word' id='word_1_256' title='bbox 831 3016 906 3073; x_wconf 90' lang='lat' dir='ltr'><strong>Nam</strong></span> <span class='ocrx_word' id='word_1_257' title='bbox 937 3025 969 3073; x_wconf 91' lang='lat' dir='ltr'><strong>ut</strong></span> <span class='ocrx_word' id='word_1_258' title='bbox 996 3015 1124 3072; x_wconf 88' lang='lat' dir='ltr'><strong>maxime</strong></span> <span class='ocrx_word' id='word_1_259' title='bbox 1152 3014 1295 3073; x_wconf 86' lang='lat' dir='ltr'><strong>conceda-</strong></span> 
     </span>
     <span class='ocr_line' id='line_1_31' title="bbox 221 3100 1296 3176; baseline -0.002 -18"><span class='ocrx_word' id='word_1_260' title='bbox 221 3120 299 3171; x_wconf 83' lang='lat' dir='ltr'><strong>mus,</strong></span> <span class='ocrx_word' id='word_1_261' title='bbox 328 3101 520 3159; x_wconf 87' lang='lat' dir='ltr'><strong>Aristotelem</strong></span> <span class='ocrx_word' id='word_1_262' title='bbox 549 3101 591 3158; x_wconf 93' lang='lat' dir='ltr'><strong>sic</strong></span> <span class='ocrx_word' id='word_1_263' title='bbox 619 3102 727 3176; x_wconf 88' lang='lat' dir='ltr'><strong>scripta</strong></span> <span class='ocrx_word' id='word_1_264' title='bbox 755 3119 809 3158; x_wconf 85' lang='lat' dir='ltr'><strong>sue</strong></span> <span class='ocrx_word' id='word_1_265' title='bbox 836 3101 985 3167; x_wconf 88' lang='lat' dir='ltr'><strong>divisisse,</strong></span> <span class='ocrx_word' id='word_1_266' title='bbox 1016 3111 1112 3157; x_wconf 87' lang='lat' dir='ltr'><strong>tamen</strong></span> <span class='ocrx_word' id='word_1_267' title='bbox 1142 3119 1237 3175; x_wconf 90' lang='lat' dir='ltr'><strong>neque</strong></span> <span class='ocrx_word' id='word_1_268' title='bbox 1265 3100 1296 3156; x_wconf 92' lang='lat' dir='ltr'><strong>in</strong></span> 
     </span>
     <span class='ocr_line' id='line_1_32' title="bbox 220 3185 1295 3261; baseline -0.001 -18"><span class='ocrx_word' id='word_1_269' title='bbox 220 3186 377 3243; x_wconf 85' lang='lat' dir='ltr'><strong>exotericis</strong></span> <span class='ocrx_word' id='word_1_270' title='bbox 405 3186 551 3254; x_wconf 86' lang='lat' dir='ltr'><strong>narravit,</strong></span> <span class='ocrx_word' id='word_1_271' title='bbox 581 3186 650 3261; x_wconf 90' lang='lat' dir='ltr'><strong>quid</strong></span> <span class='ocrx_word' id='word_1_272' title='bbox 678 3186 860 3243; x_wconf 89' lang='lat' dir='ltr'><strong>reconditum</strong></span> <span class='ocrx_word' id='word_1_273' title='bbox 890 3195 1036 3255; x_wconf 84' lang='lat' dir='ltr'><strong>servaret,</strong></span> <span class='ocrx_word' id='word_1_274' title='bbox 1067 3204 1163 3260; x_wconf 88' lang='lat' dir='ltr'><strong>neque</strong></span> <span class='ocrx_word' id='word_1_275' title='bbox 1190 3187 1219 3243; x_wconf 91' lang='lat' dir='ltr'><strong>in</strong></span> <span class='ocrx_word' id='word_1_276' title='bbox 1249 3185 1295 3254; x_wconf 88' lang='lat' dir='ltr'><strong>iis,</strong></span> 
     </span>
     <span class='ocr_line' id='line_1_33' title="bbox 220 3271 1297 3347; baseline -0.001 -20"><span class='ocrx_word' id='word_1_277' title='bbox 220 3290 296 3346; x_wconf 87' lang='lat' dir='ltr'><strong>quas</strong></span> <span class='ocrx_word' id='word_1_278' title='bbox 319 3271 375 3329; x_wconf 91' lang='lat' dir='ltr'><strong>sibi</strong></span> <span class='ocrx_word' id='word_1_279' title='bbox 398 3281 429 3329; x_wconf 91' lang='lat' dir='ltr'><strong>et</strong></span> <span class='ocrx_word' id='word_1_280' title='bbox 450 3272 511 3328; x_wconf 89' lang='lat' dir='ltr'><strong>suis</strong></span> <span class='ocrx_word' id='word_1_281' title='bbox 533 3290 699 3329; x_wconf 87' lang='lat' dir='ltr'><strong>reservasse</strong></span> <span class='ocrx_word' id='word_1_282' title='bbox 722 3271 860 3342; x_wconf 85' lang='lat' dir='ltr'><strong>creditur,</strong></span> <span class='ocrx_word' id='word_1_283' title='bbox 884 3271 1030 3347; x_wconf 85' lang='lat' dir='ltr'><strong>ascripsit,</strong></span> <span class='ocrx_word' id='word_1_284' title='bbox 1054 3271 1126 3328; x_wconf 88' lang='lat' dir='ltr'><strong>haec</strong></span> <span class='ocrx_word' id='word_1_285' title='bbox 1150 3289 1207 3327; x_wconf 91' lang='lat' dir='ltr'><strong>non</strong></span> <span class='ocrx_word' id='word_1_286' title='bbox 1232 3289 1297 3327; x_wconf 88' lang='lat' dir='ltr'><strong>esse</strong></span> 
     </span>
     <span class='ocr_line' id='line_1_34' title="bbox 219 3355 1296 3432; baseline 0 -19"><span class='ocrx_word' id='word_1_287' title='bbox 219 3355 299 3413; x_wconf 88' lang='lat' dir='ltr'><strong>edita</strong></span> <span class='ocrx_word' id='word_1_288' title='bbox 321 3365 350 3412; x_wconf 90' lang='lat' dir='ltr'><strong>et</strong></span> <span class='ocrx_word' id='word_1_289' title='bbox 373 3358 519 3432; x_wconf 87' lang='lat' dir='ltr'><strong>evulgata.</strong></span> <span class='ocrx_word' id='word_1_290' title='bbox 553 3357 675 3424; x_wconf 88' lang='lat' dir='ltr'><strong>Verum,</strong></span> <span class='ocrx_word' id='word_1_291' title='bbox 698 3367 731 3414; x_wconf 87' lang='lat' dir='ltr'><strong>ut</strong></span> <span class='ocrx_word' id='word_1_292' title='bbox 752 3356 789 3414; x_wconf 90' lang='lat' dir='ltr'><strong>ad</strong></span> <span class='ocrx_word' id='word_1_293' title='bbox 812 3357 842 3413; x_wconf 93' lang='lat' dir='ltr'><strong>id</strong></span> <span class='ocrx_word' id='word_1_294' title='bbox 865 3357 990 3425; x_wconf 85' lang='lat' dir='ltr'><strong>veniam,</strong></span> <span class='ocrx_word' id='word_1_295' title='bbox 1014 3357 1092 3431; x_wconf 90' lang='lat' dir='ltr'><strong>quod</strong></span> <span class='ocrx_word' id='word_1_296' title='bbox 1116 3375 1206 3430; x_wconf 88' lang='lat' dir='ltr'><strong>supra</strong></span> <span class='ocrx_word' id='word_1_297' title='bbox 1229 3375 1296 3430; x_wconf 92' lang='lat' dir='ltr'><strong>pro·</strong></span> 
     </span>
     <span class='ocr_line' id='line_1_35' title="bbox 219 3441 1296 3518; baseline -0.001 -19"><span class='ocrx_word' id='word_1_298' title='bbox 219 3442 319 3518; x_wconf 84' lang='lat' dir='ltr'><strong>posui,</strong></span> <span class='ocrx_word' id='word_1_299' title='bbox 349 3460 406 3498; x_wconf 93' lang='lat' dir='ltr'><strong>non</strong></span> <span class='ocrx_word' id='word_1_300' title='bbox 436 3442 539 3499; x_wconf 90' lang='lat' dir='ltr'><strong>dubito</strong></span> <span class='ocrx_word' id='word_1_301' title='bbox 563 3442 706 3517; x_wconf 88' lang='lat' dir='ltr'><strong>profiteri,</strong></span> <span class='ocrx_word' id='word_1_302' title='bbox 738 3441 910 3501; x_wconf 89' lang='lat' dir='ltr'><strong>Ciceronem</strong></span> <span class='ocrx_word' id='word_1_303' title='bbox 941 3442 1010 3499; x_wconf 90' lang='lat' dir='ltr'><strong>mihi</strong></span> <span class='ocrx_word' id='word_1_304' title='bbox 1040 3441 1132 3498; x_wconf 91' lang='lat' dir='ltr'><strong>videri</strong></span> <span class='ocrx_word' id='word_1_305' title='bbox 1161 3441 1296 3517; x_wconf 85' lang='lat' dir='ltr'><strong>dialogos</strong></span> 
     </span>
     <span class='ocr_line' id='line_1_36' title="bbox 174 3526 1297 3604; baseline -0.002 -19"><span class='ocrx_word' id='word_1_306' title='bbox 174 3529 177 3537; x_wconf 86' lang='lat'>&#39;</span> <span class='ocrx_word' id='word_1_307' title='bbox 219 3526 392 3585; x_wconf 87' lang='lat' dir='ltr'><strong>Aristotelis</strong></span> <span class='ocrx_word' id='word_1_308' title='bbox 415 3528 598 3604; x_wconf 86' lang='lat' dir='ltr'><strong>populariter</strong></span> <span class='ocrx_word' id='word_1_309' title='bbox 620 3528 745 3604; x_wconf 90' lang='lat' dir='ltr'><strong>scriptos</strong></span> <span class='ocrx_word' id='word_1_310' title='bbox 768 3537 797 3584; x_wconf 92' lang='lat' dir='ltr'><strong>et</strong></span> <span class='ocrx_word' id='word_1_311' title='bbox 819 3527 975 3597; x_wconf 86' lang='lat' dir='ltr'><strong>rhetorica,</strong></span> <span class='ocrx_word' id='word_1_312' title='bbox 998 3527 1105 3601; x_wconf 91' lang='lat' dir='ltr'><strong>quibus</strong></span> <span class='ocrx_word' id='word_1_313' title='bbox 1123 3526 1169 3584; x_wconf 90' lang='lat' dir='ltr'><strong>hic</strong></span> <span class='ocrx_word' id='word_1_314' title='bbox 1182 3527 1297 3601; x_wconf 84' lang='lat' dir='ltr'><strong>Topica</strong></span> 
     </span>
     <span class='ocr_line' id='line_1_37' title="bbox 218 3605 1295 3710; baseline -0.001 -41"><span class='ocrx_word' id='word_1_315' title='bbox 218 3630 394 3682; x_wconf 86' lang='lat' dir='ltr'><strong>annumero,</strong></span> <span class='ocrx_word' id='word_1_316' title='bbox 423 3622 483 3669; x_wconf 92' lang='lat' dir='ltr'><strong>tum</strong></span> <span class='ocrx_word' id='word_1_317' title='bbox 512 3605 662 3677; x_wconf 79' lang='grc' dir='ltr'>πολιτείας</span> <span class='ocrx_word' id='word_1_318' title='bbox 689 3612 810 3688; x_wconf 88' lang='lat' dir='ltr'><strong>legisse</strong></span> <span class='ocrx_word' id='word_1_319' title='bbox 845 3611 1012 3669; x_wconf 85' lang='lat' dir='ltr'><strong>difficiliora</strong></span> <span class='ocrx_word' id='word_1_320' title='bbox 1040 3621 1151 3680; x_wconf 75' lang='lat' dir='ltr'><strong>autent,</strong></span> <span class='ocrx_word' id='word_1_321' title='bbox 1186 3612 1295 3710; x_wconf 83' lang='lat' dir='ltr'><strong>quihus</strong></span> 
     </span>
     <span class='ocr_line' id='line_1_38' title="bbox 219 3695 1295 3772; baseline -0.002 -18"><span class='ocrx_word' id='word_1_322' title='bbox 219 3698 314 3754; x_wconf 90' lang='lat' dir='ltr'><strong>omnis</strong></span> <span class='ocrx_word' id='word_1_323' title='bbox 337 3698 460 3755; x_wconf 87' lang='lat' dir='ltr'><strong>interior</strong></span> <span class='ocrx_word' id='word_1_324' title='bbox 482 3696 669 3772; x_wconf 89' lang='lat' dir='ltr'><strong>philosophia</strong></span> <span class='ocrx_word' id='word_1_325' title='bbox 691 3697 906 3763; x_wconf 86' lang='lat' dir='ltr'><strong>continebatur,</strong></span> <span class='ocrx_word' id='word_1_326' title='bbox 931 3708 981 3755; x_wconf 90' lang='lat' dir='ltr'><strong>aut</strong></span> <span class='ocrx_word' id='word_1_327' title='bbox 1005 3697 1124 3755; x_wconf 90' lang='lat' dir='ltr'><strong>omnino</strong></span> <span class='ocrx_word' id='word_1_328' title='bbox 1147 3716 1203 3753; x_wconf 91' lang='lat' dir='ltr'><strong>non</strong></span> <span class='ocrx_word' id='word_1_329' title='bbox 1227 3695 1295 3752; x_wconf 86' lang='lat' dir='ltr'><strong>atti·</strong></span> 
     </span>
     <span class='ocr_line' id='line_1_39' title="bbox 218 3782 1294 3859; baseline 0 -20"><span class='ocrx_word' id='word_1_330' title='bbox 218 3783 297 3858; x_wconf 87' lang='lat' dir='ltr'><strong>gisse</strong></span> <span class='ocrx_word' id='word_1_331' title='bbox 319 3793 384 3851; x_wconf 87' lang='lat' dir='ltr'><strong>aut,</strong></span> <span class='ocrx_word' id='word_1_332' title='bbox 412 3784 437 3841; x_wconf 91' lang='lat' dir='ltr'><strong>si</strong></span> <span class='ocrx_word' id='word_1_333' title='bbox 465 3782 624 3857; x_wconf 89' lang='lat' dir='ltr'><strong>aliquando</strong></span> <span class='ocrx_word' id='word_1_334' title='bbox 646 3783 793 3859; x_wconf 85' lang='lat' dir='ltr'><strong>attigerit,</strong></span> <span class='ocrx_word' id='word_1_335' title='bbox 823 3803 879 3840; x_wconf 92' lang='lat' dir='ltr'><strong>non</strong></span> <span class='ocrx_word' id='word_1_336' title='bbox 908 3794 968 3840; x_wconf 87' lang='lat' dir='ltr'><strong>tam</strong></span> <span class='ocrx_word' id='word_1_337' title='bbox 996 3783 1082 3858; x_wconf 89' lang='lat' dir='ltr'><strong>longe</strong></span> <span class='ocrx_word' id='word_1_338' title='bbox 1106 3800 1294 3858; x_wconf 87' lang='lat' dir='ltr'><strong>progressum</strong></span> 
     </span>
     <span class='ocr_line' id='line_1_40' title="bbox 219 3867 1296 3944; baseline -0.001 -20"><span class='ocrx_word' id='word_1_339' title='bbox 219 3886 293 3937; x_wconf 89' lang='lat' dir='ltr'><strong>esse,</strong></span> <span class='ocrx_word' id='word_1_340' title='bbox 317 3879 350 3924; x_wconf 90' lang='lat' dir='ltr'><strong>ut</strong></span> <span class='ocrx_word' id='word_1_341' title='bbox 371 3887 434 3944; x_wconf 89' lang='lat' dir='ltr'><strong>rpse</strong></span> <span class='ocrx_word' id='word_1_342' title='bbox 457 3868 493 3925; x_wconf 91' lang='lat' dir='ltr'><strong>de</strong></span> <span class='ocrx_word' id='word_1_343' title='bbox 516 3867 719 3926; x_wconf 90' lang='lat' dir='ltr'><strong>subtilioribus</strong></span> <span class='ocrx_word' id='word_1_344' title='bbox 739 3869 909 3926; x_wconf 88' lang='lat' dir='ltr'><strong>Aristotelis</strong></span> <span class='ocrx_word' id='word_1_345' title='bbox 932 3869 1085 3925; x_wconf 88' lang='lat' dir='ltr'><strong>sententiis</strong></span> <span class='ocrx_word' id='word_1_346' title='bbox 1108 3868 1219 3941; x_wconf 86' lang='lat' dir='ltr'><strong>aliquid</strong></span> <span class='ocrx_word' id='word_1_347' title='bbox 1243 3868 1296 3923; x_wconf 85' lang='lat' dir='ltr'><strong>ha·</strong></span> 
     </span>
     <span class='ocr_line' id='line_1_41' title="bbox 219 3952 1295 4028; baseline -0.001 -19"><span class='ocrx_word' id='word_1_348' title='bbox 219 3953 289 4009; x_wconf 86' lang='lat' dir='ltr'><strong>bere</strong></span> <span class='ocrx_word' id='word_1_349' title='bbox 312 3962 413 4028; x_wconf 90' lang='lat' dir='ltr'><strong>posset</strong></span> <span class='ocrx_word' id='word_1_350' title='bbox 435 3952 589 4028; x_wconf 87' lang='lat' dir='ltr'><strong>explorati.</strong></span> <span class='ocrx_word' id='word_1_351' title='bbox 634 3952 725 4012; x_wconf 89' lang='lat' dir='ltr'><strong>Cuius</strong></span> <span class='ocrx_word' id='word_1_352' title='bbox 748 3954 848 4010; x_wconf 89' lang='lat' dir='ltr'><strong>iudicii</strong></span> <span class='ocrx_word' id='word_1_353' title='bbox 872 3953 1012 4010; x_wconf 89' lang='lat' dir='ltr'><strong>invidiam</strong></span> <span class='ocrx_word' id='word_1_354' title='bbox 1035 3953 1134 4021; x_wconf 87' lang='lat' dir='ltr'><strong>leniet,</strong></span> <span class='ocrx_word' id='word_1_355' title='bbox 1158 3953 1183 4009; x_wconf 91' lang='lat' dir='ltr'><strong>si</strong></span> <span class='ocrx_word' id='word_1_356' title='bbox 1207 3953 1295 4009; x_wconf 90' lang='lat' dir='ltr'><strong>modo</strong></span> 
     </span>
     <span class='ocr_line' id='line_1_42' title="bbox 218 4036 1294 4114; baseline 0 -19"><span class='ocrx_word' id='word_1_357' title='bbox 218 4038 304 4095; x_wconf 91' lang='lat' dir='ltr'><strong>leniri</strong></span> <span class='ocrx_word' id='word_1_358' title='bbox 326 4039 448 4114; x_wconf 90' lang='lat' dir='ltr'><strong>poterit,</strong></span> <span class='ocrx_word' id='word_1_359' title='bbox 472 4039 506 4096; x_wconf 88' lang='lat' dir='ltr'><strong>P.</strong></span> <span class='ocrx_word' id='word_1_360' title='bbox 525 4037 664 4107; x_wconf 87' lang='lat' dir='ltr'><strong>Victorii,</strong></span> <span class='ocrx_word' id='word_1_361' title='bbox 693 4039 820 4096; x_wconf 88' lang='lat' dir='ltr'><strong>hominis</strong></span> <span class='ocrx_word' id='word_1_362' title='bbox 849 4057 943 4112; x_wconf 87' lang='lat' dir='ltr'><strong>neque</strong></span> <span class='ocrx_word' id='word_1_363' title='bbox 966 4038 1086 4094; x_wconf 84' lang='lat' dir='ltr'><strong>audacis</strong></span> <span class='ocrx_word' id='word_1_364' title='bbox 1109 4050 1138 4094; x_wconf 90' lang='lat' dir='ltr'><strong>et</strong></span> <span class='ocrx_word' id='word_1_365' title='bbox 1161 4036 1294 4114; x_wconf 84' lang='lat' dir='ltr'><strong>profecto</strong></span> 
     </span>
     <span class='ocr_line' id='line_1_43' title="bbox 218 4122 1295 4198; baseline -0.001 -16"><span class='ocrx_word' id='word_1_366' title='bbox 218 4122 354 4182; x_wconf 78' lang='lat' dir='ltr'><strong>Ciceroni</strong></span> <span class='ocrx_word' id='word_1_367' title='bbox 377 4123 505 4181; x_wconf 85' lang='lat' dir='ltr'><strong>faventis</strong></span> <span class='ocrx_word' id='word_1_368' title='bbox 527 4131 557 4180; x_wconf 93' lang='lat' dir='ltr'><strong>et</strong></span> <span class='ocrx_word' id='word_1_369' title='bbox 579 4123 629 4198; x_wconf 89' lang='lat' dir='ltr'><strong>qui</strong></span> <span class='ocrx_word' id='word_1_370' title='bbox 652 4142 718 4180; x_wconf 88' lang='lat' dir='ltr'><strong>eunr</strong></span> <span class='ocrx_word' id='word_1_371' title='bbox 742 4134 835 4192; x_wconf 88' lang='lat' dir='ltr'><strong>norat,</strong></span> <span class='ocrx_word' id='word_1_372' title='bbox 859 4123 1020 4191; x_wconf 88' lang='lat' dir='ltr'><strong>sententia,</strong></span> <span class='ocrx_word' id='word_1_373' title='bbox 1043 4123 1093 4197; x_wconf 83' lang='lat' dir='ltr'><strong>qui</strong></span> <span class='ocrx_word' id='word_1_374' title='bbox 1116 4123 1153 4179; x_wconf 90' lang='lat' dir='ltr'><strong>ad</strong></span> <span class='ocrx_word' id='word_1_375' title='bbox 1176 4122 1295 4180; x_wconf 89' lang='lat' dir='ltr'><strong>Aristo·</strong></span> 
     </span>
     <span class='ocr_line' id='line_1_44' title="bbox 219 4207 1293 4279; baseline 0 -15"><span class='ocrx_word' id='word_1_376' title='bbox 219 4208 285 4264; x_wconf 90' lang='lat' dir='ltr'><strong>telis</strong></span> <span class='ocrx_word' id='word_1_377' title='bbox 316 4208 382 4265; x_wconf 87' lang='lat' dir='ltr'><strong>Eth.</strong></span> <span class='ocrx_word' id='word_1_378' title='bbox 407 4209 522 4266; x_wconf 88' lang='lat' dir='ltr'><strong>Nicom.</strong></span> <span class='ocrx_word' id='word_1_379' title='bbox 546 4208 621 4278; x_wconf 90' lang='lat' dir='ltr'><strong>VII,</strong></span> <span class='ocrx_word' id='word_1_380' title='bbox 649 4208 701 4279; x_wconf 84' lang='lat'><strong>13,</strong></span> <span class='ocrx_word' id='word_1_381' title='bbox 735 4208 907 4268; x_wconf 90' lang='lat' dir='ltr'><strong>Ciceronem</strong></span> <span class='ocrx_word' id='word_1_382' title='bbox 938 4209 968 4266; x_wconf 94' lang='lat' dir='ltr'><strong>in</strong></span> <span class='ocrx_word' id='word_1_383' title='bbox 997 4208 1123 4265; x_wconf 88' lang='lat' dir='ltr'><strong>lectione</strong></span> <span class='ocrx_word' id='word_1_384' title='bbox 1150 4207 1293 4265; x_wconf 88' lang='lat' dir='ltr'><strong>librorum</strong></span> 
     </span>
     <span class='ocr_line' id='line_1_45' title="bbox 215 4292 1293 4369; baseline -0.001 -19"><span class='ocrx_word' id='word_1_385' title='bbox 215 4292 390 4350; x_wconf 85' lang='lat' dir='ltr'><strong>&#39;Aristotelis</strong></span> <span class='ocrx_word' id='word_1_386' title='bbox 418 4294 578 4351; x_wconf 89' lang='lat' dir='ltr'><strong>ethicorum</strong></span> <span class='ocrx_word' id='word_1_387' title='bbox 608 4312 666 4350; x_wconf 92' lang='lat' dir='ltr'><strong>non</strong></span> <span class='ocrx_word' id='word_1_388' title='bbox 690 4295 776 4351; x_wconf 86' lang='lat' dir='ltr'><strong>valde</strong></span> <span class='ocrx_word' id='word_1_389' title='bbox 800 4305 947 4350; x_wconf 86' lang='lat' dir='ltr'><strong>versatum</strong></span> <span class='ocrx_word' id='word_1_390' title='bbox 977 4293 1083 4361; x_wconf 83' lang='lat' dir='ltr'><strong>fuisse,</strong></span> <span class='ocrx_word' id='word_1_391' title='bbox 1112 4293 1293 4369; x_wconf 86' lang='lat' dir='ltr'><strong>pronuntiat.</strong></span> 
     </span>
     <span class='ocr_line' id='line_1_46' title="bbox 218 4377 1293 4455; baseline -0.001 -19"><span class='ocrx_word' id='word_1_392' title='bbox 218 4377 352 4454; x_wconf 87' lang='lat' dir='ltr'><strong>Cogebat</strong></span> <span class='ocrx_word' id='word_1_393' title='bbox 379 4379 456 4436; x_wconf 87' lang='lat' dir='ltr'><strong>enim</strong></span> <span class='ocrx_word' id='word_1_394' title='bbox 479 4379 525 4436; x_wconf 88' lang='lat' dir='ltr'><strong>vis</strong></span> <span class='ocrx_word' id='word_1_395' title='bbox 547 4379 695 4450; x_wconf 87' lang='lat' dir='ltr'><strong>veritatis,</strong></span> <span class='ocrx_word' id='word_1_396' title='bbox 726 4399 790 4438; x_wconf 88' lang='lat' dir='ltr'><strong>cum</strong></span> <span class='ocrx_word' id='word_1_397' title='bbox 820 4389 977 4455; x_wconf 89' lang='lat' dir='ltr'><strong>utrumque</strong></span> <span class='ocrx_word' id='word_1_398' title='bbox 999 4377 1156 4437; x_wconf 80' lang='lat' dir='ltr'><strong>conferret.</strong></span> <span class='ocrx_word' id='word_1_399' title='bbox 1202 4381 1246 4435; x_wconf 84' lang='lat' dir='ltr'><strong>At</strong></span> <span class='ocrx_word' id='word_1_400' title='bbox 1268 4378 1293 4435; x_wconf 90' lang='lat' dir='ltr'><strong>si</strong></span> 
     </span>
    </p>
   </div>
   <div class='ocr_carea' id='block_1_3' title="bbox 0 0 1520 5086">
    <p class='ocr_par' dir='ltr' id='par_1_3' title="bbox 0 0 1520 5086">
     <span class='ocr_line' id='line_1_47' title="bbox 0 0 1520 5086; baseline 0 0"><span class='ocrx_word' id='word_1_401' title='bbox 0 0 1520 5086; x_wconf 95' lang='lat' dir='ltr'><strong> </strong></span> 
     </span>
    </p>
   </div>
  </div>
 </body>
</html>
