<?xml version="1.0" encoding="UTF-8"?>
<!DOCTYPE html PUBLIC "-//W3C//DTD XHTML 1.0 Transitional//EN"
    "http://www.w3.org/TR/xhtml1/DTD/xhtml1-transitional.dtd">
<html xmlns="http://www.w3.org/1999/xhtml" xml:lang="en" lang="en">
 <head>
  <title>
</title>
<meta http-equiv="Content-Type" content="text/html;charset=utf-8" />
  <meta name='ocr-system' content='tesseract 3.04.00' />
  <meta name='ocr-capabilities' content='ocr_page ocr_carea ocr_par ocr_line ocrx_word'/>
</head>
<body>
  <div class='ocr_page' id='page_1' title='image "./mtulliiciceroni35cicegoog/mtulliiciceroni35cicegoog_0350.png"; bbox 0 0 3030 5086; ppageno 0'>
   <div class='ocr_carea' id='block_1_1' title="bbox 402 442 1233 519">
    <p class='ocr_par' dir='ltr' id='par_1_1' title="bbox 402 442 1233 519">
     <span class='ocr_line' id='line_1_1' title="bbox 402 442 1233 519; baseline 0.002 -12"><span class='ocrx_word' id='word_1_1' title='bbox 402 460 447 507; x_wconf 84' lang='lat' dir='ltr'><strong>un</strong></span> <span class='ocrx_word' id='word_1_2' title='bbox 470 460 551 507; x_wconf 78' lang='lat' dir='ltr'><strong>nnn.</strong></span> <span class='ocrx_word' id='word_1_3' title='bbox 573 460 637 507; x_wconf 84' lang='lat' dir='ltr'><strong>nm.</strong></span> <span class='ocrx_word' id='word_1_4' title='bbox 659 460 684 506; x_wconf 89' lang='lat' dir='ltr'><strong>n</strong></span> <span class='ocrx_word' id='word_1_5' title='bbox 705 460 779 509; x_wconf 76' lang='lat' dir='ltr'><strong>cun.</strong></span> <span class='ocrx_word' id='word_1_6' title='bbox 802 463 839 508; x_wconf 80' lang='lat' dir='ltr'><strong>ne.</strong></span> <span class='ocrx_word' id='word_1_7' title='bbox 854 463 987 519; x_wconf 50' lang='lat' dir='ltr'><strong>rer-ea.)</strong></span> <span class='ocrx_word' id='word_1_8' title='bbox 1169 442 1233 509; x_wconf 82' lang='lat'><strong>249</strong></span> 
     </span>
    </p>
   </div>
   <div class='ocr_carea' id='block_1_2' title="bbox 159 628 1273 1221">
    <p class='ocr_par' dir='ltr' id='par_1_2' title="bbox 159 628 1273 1221">
     <span class='ocr_line' id='line_1_2' title="bbox 161 628 1234 711; baseline -0.002 -14"><span class='ocrx_word' id='word_1_9' title='bbox 161 630 271 697; x_wconf 62' lang='lat' dir='ltr'><strong>murm</strong></span> <span class='ocrx_word' id='word_1_10' title='bbox 291 628 354 695; x_wconf 90' lang='lat' dir='ltr'><strong>nisi</strong></span> <span class='ocrx_word' id='word_1_11' title='bbox 376 636 462 695; x_wconf 87' lang='lat' dir='ltr'><strong>esset</strong></span> <span class='ocrx_word' id='word_1_12' title='bbox 482 628 551 694; x_wconf 90' lang='lat' dir='ltr'><strong>iure</strong></span> <span class='ocrx_word' id='word_1_13' title='bbox 571 628 747 707; x_wconf 82' lang='lat' dir='ltr'><strong>laudatum,</strong></span> <span class='ocrx_word' id='word_1_14' title='bbox 769 645 832 693; x_wconf 93' lang='lat' dir='ltr'><strong>non</strong></span> <span class='ocrx_word' id='word_1_15' title='bbox 855 636 939 693; x_wconf 87' lang='lat' dir='ltr'><strong>essct</strong></span> <span class='ocrx_word' id='word_1_16' title='bbox 959 628 1098 694; x_wconf 87' lang='lat' dir='ltr'><strong>imitatus</strong></span> <span class='ocrx_word' id='word_1_17' title='bbox 1120 640 1234 711; x_wconf 90' lang='lat' dir='ltr'><strong>quarto</strong></span> 
     </span>
     <span class='ocr_line' id='line_1_3' title="bbox 160 728 1233 813; baseline -0.003 -15"><span class='ocrx_word' id='word_1_18' title='bbox 160 731 319 799; x_wconf 68' lang='lat' dir='ltr'><strong>consulmn</strong></span> <span class='ocrx_word' id='word_1_19' title='bbox 340 749 399 797; x_wconf 88' lang='lat' dir='ltr'><strong>sno</strong></span> <span class='ocrx_word' id='word_1_20' title='bbox 419 728 517 809; x_wconf 85' lang='lat' dir='ltr'><strong>filius,</strong></span> <span class='ocrx_word' id='word_1_21' title='bbox 545 748 647 811; x_wconf 88' lang='lat' dir='ltr'><strong>noque</strong></span> <span class='ocrx_word' id='word_1_22' title='bbox 668 748 765 811; x_wconf 87' lang='lat' dir='ltr'><strong>porro</strong></span> <span class='ocrx_word' id='word_1_23' title='bbox 786 748 823 795; x_wconf 84' lang='lat' dir='ltr'><strong>ex</strong></span> <span class='ocrx_word' id='word_1_24' title='bbox 846 748 882 794; x_wconf 89' lang='lat' dir='ltr'><strong>eo</strong></span> <span class='ocrx_word' id='word_1_25' title='bbox 905 736 998 794; x_wconf 87' lang='lat' dir='ltr'><strong>nctus</strong></span> <span class='ocrx_word' id='word_1_26' title='bbox 1020 748 1089 795; x_wconf 92' lang='lat' dir='ltr'><strong>cum</strong></span> <span class='ocrx_word' id='word_1_27' title='bbox 1111 730 1233 813; x_wconf 86' lang='lat' dir='ltr'><strong>Pyrrho</strong></span> 
     </span>
     <span class='ocr_line' id='line_1_4' title="bbox 160 831 1233 913; baseline -0.004 -12"><span class='ocrx_word' id='word_1_28' title='bbox 160 832 266 901; x_wconf 81' lang='lat' dir='ltr'><strong>beilum</strong></span> <span class='ocrx_word' id='word_1_29' title='bbox 288 850 404 913; x_wconf 71' lang='lat' dir='ltr'><strong>gerens</strong></span> <span class='ocrx_word' id='word_1_30' title='bbox 426 832 535 897; x_wconf 91' lang='lat' dir='ltr'><strong>consul</strong></span> <span class='ocrx_word' id='word_1_31' title='bbox 550 832 715 897; x_wconf 81' lang='lat' dir='ltr'><strong>cecidisset</strong></span> <span class='ocrx_word' id='word_1_32' title='bbox 729 832 760 895; x_wconf 93' lang='lat' dir='ltr'><strong>in</strong></span> <span class='ocrx_word' id='word_1_33' title='bbox 777 831 897 913; x_wconf 88' lang='lat' dir='ltr'><strong>proelio</strong></span> <span class='ocrx_word' id='word_1_34' title='bbox 914 850 1010 911; x_wconf 91' lang='lat' dir='ltr'><strong>seque</strong></span> <span class='ocrx_word' id='word_1_35' title='bbox 1028 850 1046 899; x_wconf 93' lang='lat' dir='ltr'><strong>e</strong></span> <span class='ocrx_word' id='word_1_36' title='bbox 1062 832 1233 897; x_wconf 89' lang='lat' dir='ltr'><strong>contiuenti</strong></span> 
     </span>
     <span class='ocr_line' id='line_1_5' title="bbox 159 931 1234 1017; baseline -0.002 -18"><span class='ocrx_word' id='word_1_37' title='bbox 159 952 271 1017; x_wconf 77' lang='lat' dir='ltr'><strong>genere</strong></span> <span class='ocrx_word' id='word_1_38' title='bbox 291 933 420 999; x_wconf 85' lang='lat' dir='ltr'><strong>tertiam</strong></span> <span class='ocrx_word' id='word_1_39' title='bbox 441 932 596 998; x_wconf 84' lang='lat' dir='ltr'><strong>victimam</strong></span> <span class='ocrx_word' id='word_1_40' title='bbox 616 934 661 999; x_wconf 88' lang='lat' dir='ltr'><strong>rei</strong></span> <span class='ocrx_word' id='word_1_41' title='bbox 677 933 820 1015; x_wconf 87' lang='lat' dir='ltr'><strong>publicae</strong></span> <span class='ocrx_word' id='word_1_42' title='bbox 836 931 1043 1013; x_wconf 82' lang='lat' dir='ltr'><strong>praebuisset</strong></span> <span class='ocrx_word' id='word_1_43' title='bbox 1078 934 1129 998; x_wconf 80' lang='lat'><strong>62.</strong></span> <span class='ocrx_word' id='word_1_44' title='bbox 1151 934 1234 999; x_wconf 90' lang='lat' dir='ltr'><strong>Con-</strong></span> 
     </span>
     <span class='ocr_line' id='line_1_6' title="bbox 159 1033 1273 1116; baseline 0.001 -15"><span class='ocrx_word' id='word_1_45' title='bbox 159 1036 238 1101; x_wconf 90' lang='lat' dir='ltr'><strong>tineo</strong></span> <span class='ocrx_word' id='word_1_46' title='bbox 259 1053 312 1101; x_wconf 91' lang='lat' dir='ltr'><strong>mo</strong></span> <span class='ocrx_word' id='word_1_47' title='bbox 333 1034 373 1101; x_wconf 90' lang='lat' dir='ltr'><strong>ab</strong></span> <span class='ocrx_word' id='word_1_48' title='bbox 389 1035 548 1116; x_wconf 86' lang='lat' dir='ltr'><strong>exemplis.</strong></span> <span class='ocrx_word' id='word_1_49' title='bbox 578 1034 710 1099; x_wconf 86' lang='lat' dir='ltr'><strong>Graecis</strong></span> <span class='ocrx_word' id='word_1_50' title='bbox 731 1033 790 1098; x_wconf 91' lang='lat' dir='ltr'><strong>hoc</strong></span> <span class='ocrx_word' id='word_1_51' title='bbox 812 1034 967 1099; x_wconf 90' lang='lat' dir='ltr'><strong>modicum</strong></span> <span class='ocrx_word' id='word_1_52' title='bbox 988 1040 1044 1113; x_wconf 88' lang='lat' dir='ltr'><strong>est,</strong></span> <span class='ocrx_word' id='word_1_53' title='bbox 1067 1034 1234 1115; x_wconf 86' lang='lat' dir='ltr'><strong>Leonidas,</strong></span> <span class='ocrx_word' id='word_1_54' title='bbox 1251 1036 1273 1103; x_wconf 83' lang='lat'><strong>5</strong></span> 
     </span>
     <span class='ocr_line' id='line_1_7' title="bbox 159 1136 1234 1221; baseline 0.001 -20"><span class='ocrx_word' id='word_1_55' title='bbox 159 1136 400 1221; x_wconf 75' lang='lat' dir='ltr'><strong>Epaminondas,</strong></span> <span class='ocrx_word' id='word_1_56' title='bbox 422 1145 488 1201; x_wconf 88' lang='lat' dir='ltr'><strong>tres</strong></span> <span class='ocrx_word' id='word_1_57' title='bbox 510 1136 605 1218; x_wconf 81' lang='lat' dir='ltr'><strong>adqui</strong></span> <span class='ocrx_word' id='word_1_58' title='bbox 627 1141 683 1200; x_wconf 86' lang='lat' dir='ltr'><strong>eut</strong></span> <span class='ocrx_word' id='word_1_59' title='bbox 704 1142 869 1217; x_wconf 86' lang='lat' dir='ltr'><strong>quattuor;</strong></span> <span class='ocrx_word' id='word_1_60' title='bbox 891 1154 949 1216; x_wconf 84' lang='lat' dir='ltr'><strong>ego</strong></span> <span class='ocrx_word' id='word_1_61' title='bbox 973 1136 1001 1200; x_wconf 91' lang='lat' dir='ltr'><strong>si</strong></span> <span class='ocrx_word' id='word_1_62' title='bbox 1022 1143 1149 1202; x_wconf 91' lang='lat' dir='ltr'><strong>nostros</strong></span> <span class='ocrx_word' id='word_1_63' title='bbox 1170 1137 1234 1202; x_wconf 83' lang='lat' dir='ltr'><strong>col-</strong></span> 
     </span>
    </p>
   </div>
   <div class='ocr_carea' id='block_1_3' title="bbox 157 1236 1296 1725">
    <p class='ocr_par' dir='ltr' id='par_1_3' title="bbox 157 1236 1296 1725">
     <span class='ocr_line' id='line_1_8' title="bbox 158 1236 1236 1323; baseline 0 -20"><span class='ocrx_word' id='word_1_64' title='bbox 158 1238 251 1319; x_wconf 79' lang='lat' dir='ltr'>ligere</span> <span class='ocrx_word' id='word_1_65' title='bbox 272 1256 421 1323; x_wconf 71' lang='lat' dir='ltr'><strong>coepern,</strong></span> <span class='ocrx_word' id='word_1_66' title='bbox 442 1236 602 1320; x_wconf 79' lang='lat' dir='ltr'><strong>perficiam</strong></span> <span class='ocrx_word' id='word_1_67' title='bbox 624 1236 702 1302; x_wconf 92' lang='lat' dir='ltr'><strong>illud</strong></span> <span class='ocrx_word' id='word_1_68' title='bbox 724 1237 863 1318; x_wconf 89' lang='lat' dir='ltr'><strong>quidem,</strong></span> <span class='ocrx_word' id='word_1_69' title='bbox 886 1246 921 1301; x_wconf 90' lang='lat' dir='ltr'><strong>ut</strong></span> <span class='ocrx_word' id='word_1_70' title='bbox 942 1256 978 1302; x_wconf 88' lang='lat' dir='ltr'><strong>so</strong></span> <span class='ocrx_word' id='word_1_71' title='bbox 999 1237 1107 1301; x_wconf 89' lang='lat' dir='ltr'><strong>virtuti</strong></span> <span class='ocrx_word' id='word_1_72' title='bbox 1128 1240 1236 1303; x_wconf 87' lang='lat' dir='ltr'><strong>tradat</strong></span> 
     </span>
     <span class='ocr_line' id='line_1_9' title="bbox 158 1338 1234 1422; baseline -0.002 -15"><span class='ocrx_word' id='word_1_73' title='bbox 158 1340 431 1422; x_wconf 75' lang='lat' dir='ltr'><strong>constringendam</strong></span> <span class='ocrx_word' id='word_1_74' title='bbox 453 1339 612 1421; x_wconf 84' lang='lat' dir='ltr'><strong>voluptas3</strong></span> <span class='ocrx_word' id='word_1_75' title='bbox 640 1340 697 1405; x_wconf 89' lang='lat' dir='ltr'><strong>sed</strong></span> <span class='ocrx_word' id='word_1_76' title='bbox 725 1339 793 1404; x_wconf 82' lang='lat' dir='ltr'><strong>dIes</strong></span> <span class='ocrx_word' id='word_1_77' title='bbox 821 1357 872 1404; x_wconf 90' lang='lat' dir='ltr'><strong>me</strong></span> <span class='ocrx_word' id='word_1_78' title='bbox 898 1338 1034 1418; x_wconf 83' lang='lat' dir='ltr'><strong>deficiet,</strong></span> <span class='ocrx_word' id='word_1_79' title='bbox 1062 1348 1106 1417; x_wconf 85' lang='lat' dir='ltr'><strong>ct,</strong></span> <span class='ocrx_word' id='word_1_80' title='bbox 1134 1346 1170 1403; x_wconf 92' lang='lat' dir='ltr'><strong>ut</strong></span> <span class='ocrx_word' id='word_1_81' title='bbox 1196 1342 1234 1405; x_wconf 87' lang='lat' dir='ltr'><strong>A.</strong></span> 
     </span>
     <span class='ocr_line' id='line_1_10' title="bbox 158 1440 1234 1523; baseline -0.002 -15"><span class='ocrx_word' id='word_1_82' title='bbox 158 1442 281 1522; x_wconf 82' lang='lat' dir='ltr'><strong>Varius,</strong></span> <span class='ocrx_word' id='word_1_83' title='bbox 304 1440 360 1523; x_wconf 89' lang='lat' dir='ltr'><strong>qni</strong></span> <span class='ocrx_word' id='word_1_84' title='bbox 380 1447 430 1507; x_wconf 88' lang='lat' dir='ltr'><strong>est</strong></span> <span class='ocrx_word' id='word_1_85' title='bbox 446 1440 572 1506; x_wconf 86' lang='lat' dir='ltr'><strong>habitus</strong></span> <span class='ocrx_word' id='word_1_86' title='bbox 588 1441 681 1506; x_wconf 84' lang='lat' dir='ltr'><strong>iudex</strong></span> <span class='ocrx_word' id='word_1_87' title='bbox 698 1440 816 1519; x_wconf 87' lang='lat' dir='ltr'><strong>durior,</strong></span> <span class='ocrx_word' id='word_1_88' title='bbox 838 1441 943 1505; x_wconf 87' lang='lat' dir='ltr'><strong>dicero</strong></span> <span class='ocrx_word' id='word_1_89' title='bbox 959 1441 1137 1505; x_wconf 81' lang='lat' dir='ltr'><strong>consessori</strong></span> <span class='ocrx_word' id='word_1_90' title='bbox 1154 1441 1234 1507; x_wconf 90' lang='lat' dir='ltr'><strong>sole·</strong></span> 
     </span>
     <span class='ocr_line' id='line_1_11' title="bbox 157 1542 1296 1623; baseline -0.001 -13"><span class='ocrx_word' id='word_1_91' title='bbox 157 1542 225 1622; x_wconf 86' lang='lat' dir='ltr'><strong>bat,</strong></span> <span class='ocrx_word' id='word_1_92' title='bbox 252 1560 338 1623; x_wconf 89' lang='lat' dir='ltr'><strong>eum,</strong></span> <span class='ocrx_word' id='word_1_93' title='bbox 364 1542 449 1609; x_wconf 88' lang='lat' dir='ltr'><strong>datis</strong></span> <span class='ocrx_word' id='word_1_94' title='bbox 477 1543 624 1622; x_wconf 84' lang='lat' dir='ltr'><strong>testibus,</strong></span> <span class='ocrx_word' id='word_1_95' title='bbox 652 1542 706 1607; x_wconf 84' lang='lat' dir='ltr'><strong>alii</strong></span> <span class='ocrx_word' id='word_1_96' title='bbox 729 1551 834 1606; x_wconf 88' lang='lat' dir='ltr'><strong>tamen</strong></span> <span class='ocrx_word' id='word_1_97' title='bbox 857 1543 1041 1607; x_wconf 78' lang='lat' dir='ltr'><strong>citarentur:</strong></span> <span class='ocrx_word' id='word_1_98' title='bbox 1073 1545 1155 1615; x_wconf 81' lang='lat' dir='ltr'><strong>„Aut</strong></span> <span class='ocrx_word' id='word_1_99' title='bbox 1176 1542 1235 1607; x_wconf 89' lang='lat' dir='ltr'><strong>hoc</strong></span> <span class='ocrx_word' id='word_1_100' title='bbox 1254 1544 1296 1610; x_wconf 88' lang='grc'><strong>10</strong></span> 
     </span>
     <span class='ocr_line' id='line_1_12' title="bbox 157 1643 1234 1725; baseline -0.002 -14"><span class='ocrx_word' id='word_1_101' title='bbox 157 1646 282 1711; x_wconf 85' lang='lat' dir='ltr'><strong>testium</strong></span> <span class='ocrx_word' id='word_1_102' title='bbox 305 1645 384 1710; x_wconf 86' lang='lat' dir='ltr'><strong>satis</strong></span> <span class='ocrx_word' id='word_1_103' title='bbox 406 1652 532 1710; x_wconf 85' lang='lat' dir='ltr'><strong>estant</strong></span> <span class='ocrx_word' id='word_1_104' title='bbox 553 1644 667 1722; x_wconf 85' lang='lat' dir='ltr'><strong>nescio,</strong></span> <span class='ocrx_word' id='word_1_105' title='bbox 690 1644 766 1725; x_wconf 92' lang='lat' dir='ltr'><strong>quid</strong></span> <span class='ocrx_word' id='word_1_106' title='bbox 787 1643 865 1709; x_wconf 91' lang='lat' dir='ltr'><strong>satis</strong></span> <span class='ocrx_word' id='word_1_107' title='bbox 887 1644 958 1723; x_wconf 84' lang='lat' dir='ltr'><strong>sit“‚</strong></span> <span class='ocrx_word' id='word_1_108' title='bbox 980 1645 1025 1709; x_wconf 88' lang='lat' dir='ltr'><strong>sic</strong></span> <span class='ocrx_word' id='word_1_109' title='bbox 1046 1662 1066 1708; x_wconf 85' lang='lat' dir='ltr'><strong>a</strong></span> <span class='ocrx_word' id='word_1_110' title='bbox 1087 1664 1137 1709; x_wconf 77' lang='lat' dir='ltr'><strong>nte</strong></span> <span class='ocrx_word' id='word_1_111' title='bbox 1155 1645 1234 1710; x_wconf 87' lang='lat' dir='ltr'><strong>sctis</strong></span> 
     </span>
    </p>
   </div>
   <div class='ocr_carea' id='block_1_4' title="bbox 156 1829 1238 2097">
    <p class='ocr_par' dir='ltr' id='par_1_4' title="bbox 156 1829 1235 1965">
     <span class='ocr_line' id='line_1_13' title="bbox 230 1829 1235 1908; baseline 0.002 -29"><span class='ocrx_word' id='word_1_112' title='bbox 230 1838 249 1883; x_wconf 85' lang='lat'><strong>1.</strong></span> <span class='ocrx_word' id='word_1_113' title='bbox 274 1829 326 1880; x_wconf 76' lang='lat' dir='ltr'><strong>titre</strong></span> <span class='ocrx_word' id='word_1_114' title='bbox 342 1832 443 1881; x_wconf 67' lang='grc' dir='ltr'><strong>ΜΕ</strong></span> <span class='ocrx_word' id='word_1_115' title='bbox 480 1836 502 1879; x_wconf 74' lang='lat'><strong>2.</strong></span> <span class='ocrx_word' id='word_1_116' title='bbox 524 1829 656 1898; x_wconf 74' lang='lat' dir='ltr'><strong>[consectatu</strong></span> <span class='ocrx_word' id='word_1_117' title='bbox 671 1830 705 1896; x_wconf 82' lang='lat' dir='ltr'><strong>A]</strong></span> <span class='ocrx_word' id='word_1_118' title='bbox 727 1829 886 1879; x_wconf 61' lang='lat' dir='ltr'><strong>cornetanos</strong></span> <span class='ocrx_word' id='word_1_119' title='bbox 924 1829 1003 1908; x_wconf 75' lang='lat' dir='ltr'><strong>[pirro</strong></span> <span class='ocrx_word' id='word_1_120' title='bbox 1018 1832 1051 1897; x_wconf 83' lang='lat' dir='ltr'><strong>A]</strong></span> <span class='ocrx_word' id='word_1_121' title='bbox 1093 1838 1116 1882; x_wconf 81' lang='lat'><strong>3.</strong></span> <span class='ocrx_word' id='word_1_122' title='bbox 1136 1831 1235 1881; x_wconf 74' lang='lat' dir='ltr'><strong>nunu</strong></span> 
     </span>
     <span class='ocr_line' id='line_1_14' title="bbox 156 1898 1235 1965; baseline -0.002 -14"><span class='ocrx_word' id='word_1_123' title='bbox 156 1914 237 1951; x_wconf 75' lang='lat' dir='ltr'><strong>eom.</strong></span> <span class='ocrx_word' id='word_1_124' title='bbox 257 1900 281 1948; x_wconf 79' lang='grc' dir='ltr'><strong>Ε</strong></span> <span class='ocrx_word' id='word_1_125' title='bbox 327 1904 349 1948; x_wconf 83' lang='lat'><strong>5.</strong></span> <span class='ocrx_word' id='word_1_126' title='bbox 370 1898 448 1965; x_wconf 79' lang='lat' dir='ltr'><strong>[modo</strong></span> <span class='ocrx_word' id='word_1_127' title='bbox 466 1916 515 1949; x_wconf 77' lang='lat' dir='ltr'><strong>curta</strong></span> <span class='ocrx_word' id='word_1_128' title='bbox 537 1898 588 1965; x_wconf 67' lang='grc' dir='ltr'><strong>ΑΙ]</strong></span> <span class='ocrx_word' id='word_1_129' title='bbox 642 1903 663 1947; x_wconf 85' lang='grc'><strong>7.</strong></span> <span class='ocrx_word' id='word_1_130' title='bbox 683 1898 741 1961; x_wconf 76' lang='lat' dir='ltr'><strong>quid</strong></span> <span class='ocrx_word' id='word_1_131' title='bbox 757 1908 793 1947; x_wconf 84' lang='lat' dir='ltr'><strong>est</strong></span> <span class='ocrx_word' id='word_1_132' title='bbox 812 1908 869 1963; x_wconf 87' lang='lat' dir='ltr'><strong>(pro</strong></span> <span class='ocrx_word' id='word_1_133' title='bbox 887 1898 1031 1963; x_wconf 63' lang='lat' dir='ltr'><strong>quodcumss</strong></span> <span class='ocrx_word' id='word_1_134' title='bbox 1075 1907 1100 1949; x_wconf 79' lang='lat' dir='ltr'><strong>tt.</strong></span> <span class='ocrx_word' id='word_1_135' title='bbox 1119 1900 1235 1949; x_wconf 79' lang='lat' dir='ltr'><strong>constrin-</strong></span> 
     </span>
    </p>

    <p class='ocr_par' dir='ltr' id='par_1_5' title="bbox 182 1966 1238 2097">
     <span class='ocr_line' id='line_1_15' title="bbox 217 1966 1238 2034; baseline 0.001 -18"><span class='ocrx_word' id='word_1_136' title='bbox 217 1968 324 2031; x_wconf 82' lang='lat' dir='ltr'><strong>uI&#39;mg.</strong></span> <span class='ocrx_word' id='word_1_137' title='bbox 340 1968 456 2016; x_wconf 75' lang='lat' dir='ltr'><strong>etomIi</strong></span> <span class='ocrx_word' id='word_1_138' title='bbox 486 1966 618 2034; x_wconf 74' lang='lat' dir='ltr'><strong>[dolend]</strong></span> <span class='ocrx_word' id='word_1_139' title='bbox 658 1972 680 2015; x_wconf 88' lang='grc'><strong>9.</strong></span> <span class='ocrx_word' id='word_1_140' title='bbox 699 1966 791 2016; x_wconf 74' lang='lat' dir='ltr'><strong>duodus</strong></span> <span class='ocrx_word' id='word_1_141' title='bbox 809 1967 874 2015; x_wconf 82' lang='lat' dir='ltr'><strong>estE</strong></span> <span class='ocrx_word' id='word_1_142' title='bbox 902 1966 984 2015; x_wconf 79' lang='lat' dir='ltr'><strong>durior</strong></span> <span class='ocrx_word' id='word_1_143' title='bbox 999 1968 1080 2018; x_wconf 82' lang='lat' dir='ltr'><strong>omC</strong></span> <span class='ocrx_word' id='word_1_144' title='bbox 1107 1968 1238 2029; x_wconf 77' lang='lat' dir='ltr'><strong>consessori</strong></span> 
     </span>
     <span class='ocr_line' id='line_1_16' title="bbox 182 2035 1192 2097; baseline 0 -12"><span class='ocrx_word' id='word_1_145' title='bbox 182 2036 232 2085; x_wconf 73' lang='lat' dir='ltr'><strong>LII</strong></span> <span class='ocrx_word' id='word_1_146' title='bbox 249 2035 424 2087; x_wconf 73' lang='lat' dir='ltr'><strong>commoric</strong></span> <span class='ocrx_word' id='word_1_147' title='bbox 464 2041 499 2085; x_wconf 87' lang='lat' dir='ltr'><strong>to.</strong></span> <span class='ocrx_word' id='word_1_148' title='bbox 518 2035 698 2085; x_wconf 68' lang='lat' dir='ltr'><strong>comederentur</strong></span> <span class='ocrx_word' id='word_1_149' title='bbox 713 2035 743 2087; x_wconf 85' lang='lat' dir='ltr'><strong>P.</strong></span> <span class='ocrx_word' id='word_1_150' title='bbox 760 2050 810 2097; x_wconf 83' lang='lat' dir='ltr'><strong>mg.</strong></span> <span class='ocrx_word' id='word_1_151' title='bbox 830 2035 959 2084; x_wconf 75' lang='lat' dir='ltr'><strong>citarentur</strong></span> <span class='ocrx_word' id='word_1_152' title='bbox 998 2042 1033 2083; x_wconf 79' lang='grc'><strong>11.</strong></span> <span class='ocrx_word' id='word_1_153' title='bbox 1053 2036 1084 2085; x_wconf 82' lang='lat' dir='ltr'><strong>sr&#39;t</strong></span> <span class='ocrx_word' id='word_1_154' title='bbox 1102 2038 1192 2085; x_wconf 75' lang='lat' dir='ltr'><strong>om.Ii</strong></span> 
     </span>
    </p>
   </div>
   <div class='ocr_carea' id='block_1_5' title="bbox 120 2190 1345 4477">
    <p class='ocr_par' dir='ltr' id='par_1_6' title="bbox 157 2190 1237 2265">
     <span class='ocr_line' id='line_1_17' title="bbox 157 2190 1237 2265; baseline 0 -15"><span class='ocrx_word' id='word_1_155' title='bbox 157 2195 259 2251; x_wconf 67' lang='lat' dir='ltr'><strong>mocio?</strong></span> <span class='ocrx_word' id='word_1_156' title='bbox 302 2191 469 2249; x_wconf 89' lang='lat' dir='ltr'><strong>Durissime</strong></span> <span class='ocrx_word' id='word_1_157' title='bbox 491 2191 568 2248; x_wconf 85' lang='lat' dir='ltr'><strong>dixit</strong></span> <span class='ocrx_word' id='word_1_158' title='bbox 590 2193 605 2249; x_wconf 97' lang='lat' dir='ltr'><strong>I</strong></span> <span class='ocrx_word' id='word_1_159' title='bbox 627 2192 664 2248; x_wconf 91' lang='lat' dir='ltr'><strong>de</strong></span> <span class='ocrx_word' id='word_1_160' title='bbox 683 2190 816 2248; x_wconf 85' lang='lat' dir='ltr'><strong>Diriuat.</strong></span> <span class='ocrx_word' id='word_1_161' title='bbox 829 2193 846 2247; x_wconf 85' lang='lat'><strong>7</strong></span> <span class='ocrx_word' id='word_1_162' title='bbox 851 2192 884 2247; x_wconf 77' lang='lat'><strong>2:</strong></span> <span class='ocrx_word' id='word_1_163' title='bbox 907 2192 954 2248; x_wconf 83' lang='lat' dir='ltr'><strong>Ea</strong></span> <span class='ocrx_word' id='word_1_164' title='bbox 974 2211 1073 2265; x_wconf 72' lang='lat' dir='ltr'><strong>petiere</strong></span> <span class='ocrx_word' id='word_1_165' title='bbox 1095 2194 1237 2250; x_wconf 81' lang='lat' dir='ltr'><strong>diuinandi</strong></span> 
     </span>
    </p>

    <p class='ocr_par' dir='ltr' id='par_1_7' title="bbox 157 2278 1234 2442">
     <span class='ocr_line' id='line_1_18' title="bbox 158 2278 1234 2355; baseline 0 -19"><span class='ocrx_word' id='word_1_166' title='bbox 158 2296 210 2336; x_wconf 87' lang='lat' dir='ltr'><strong>non</strong></span> <span class='ocrx_word' id='word_1_167' title='bbox 231 2279 380 2346; x_wconf 82' lang='lat' dir='ltr'><strong>naturalia,</strong></span> <span class='ocrx_word' id='word_1_168' title='bbox 403 2278 453 2335; x_wconf 81' lang='lat' dir='ltr'><strong>aed</strong></span> <span class='ocrx_word' id='word_1_169' title='bbox 472 2279 619 2351; x_wconf 71' lang='lat' dir='ltr'><strong>artijien&#39;oso</strong></span> <span class='ocrx_word' id='word_1_170' title='bbox 640 2279 783 2343; x_wconf 61' lang='lat' dir='ltr'><strong>attenuante,-</strong></span> <span class='ocrx_word' id='word_1_171' title='bbox 806 2280 833 2333; x_wconf 79' lang='lat' dir='ltr'><strong>o&#39;n</strong></span> <span class='ocrx_word' id='word_1_172' title='bbox 855 2296 909 2351; x_wconf 80' lang='lat' dir='ltr'><strong>qno</strong></span> <span class='ocrx_word' id='word_1_173' title='bbox 924 2278 1056 2353; x_wconf 85' lang='lat' dir='ltr'><strong>(genere)</strong></span> <span class='ocrx_word' id='word_1_174' title='bbox 1068 2279 1234 2355; x_wconf 67' lang='lat' dir='ltr'><strong>Iartnspicea</strong></span> 
     </span>
     <span class='ocr_line' id='line_1_19' title="bbox 157 2359 1234 2442; baseline -0.001 -21"><span class='ocrx_word' id='word_1_175' title='bbox 157 2382 275 2439; x_wconf 69' lang='lat' dir='ltr'><strong>uupurea</strong></span> <span class='ocrx_word' id='word_1_176' title='bbox 291 2366 501 2436; x_wconf 78' lang='lat' dir='ltr'><strong>coniectoresque</strong></span> <span class='ocrx_word' id='word_1_177' title='bbox 519 2373 701 2419; x_wconf 73' lang='lat' dir='ltr'><strong>aertnterututrtr.</strong></span> <span class='ocrx_word' id='word_1_178' title='bbox 746 2359 825 2442; x_wconf 83' lang='lat' dir='ltr'><strong>[niv.</strong></span> <span class='ocrx_word' id='word_1_179' title='bbox 838 2363 879 2432; x_wconf 75' lang='grc' dir='ltr'><strong>ΙΙ,</strong></span> <span class='ocrx_word' id='word_1_180' title='bbox 894 2364 943 2419; x_wconf 82' lang='grc'><strong>60.</strong></span> <span class='ocrx_word' id='word_1_181' title='bbox 957 2364 991 2418; x_wconf 75' lang='lat'><strong>⁴2:</strong></span> <span class='ocrx_word' id='word_1_182' title='bbox 1011 2365 1133 2438; x_wconf 77' lang='lat' dir='ltr'><strong>praedae</strong></span> <span class='ocrx_word' id='word_1_183' title='bbox 1149 2373 1234 2421; x_wconf 78' lang='lat' dir='ltr'><strong>uetus.</strong></span> 
     </span>
    </p>

    <p class='ocr_par' dir='ltr' id='par_1_8' title="bbox 157 2444 1237 2526">
     <span class='ocr_line' id='line_1_20' title="bbox 157 2444 1237 2526; baseline 0 -20"><span class='ocrx_word' id='word_1_184' title='bbox 157 2448 207 2506; x_wconf 80' lang='lat' dir='ltr'><strong>Eu</strong></span> <span class='ocrx_word' id='word_1_185' title='bbox 232 2451 318 2505; x_wconf 75' lang='lat' dir='ltr'><strong>omnnia</strong></span> <span class='ocrx_word' id='word_1_186' title='bbox 344 2450 424 2505; x_wconf 74' lang='lat' dir='ltr'><strong>minin</strong></span> <span class='ocrx_word' id='word_1_187' title='bbox 443 2450 510 2505; x_wconf 66' lang='lat' dir='ltr'><strong>rnna</strong></span> <span class='ocrx_word' id='word_1_188' title='bbox 532 2444 594 2526; x_wconf 79' lang='lat' dir='ltr'><strong>est]</strong></span> <span class='ocrx_word' id='word_1_189' title='bbox 639 2447 790 2506; x_wconf 84' lang='lat' dir='ltr'><strong>Contrua</strong></span> <span class='ocrx_word' id='word_1_190' title='bbox 812 2467 919 2523; x_wconf 83' lang='lat' dir='ltr'><strong>genere</strong></span> <span class='ocrx_word' id='word_1_191' title='bbox 942 2449 984 2504; x_wconf 85' lang='lat' dir='ltr'><strong>sio</strong></span> <span class='ocrx_word' id='word_1_192' title='bbox 1008 2449 1174 2519; x_wconf 85' lang='lat' dir='ltr'><strong>nominato,</strong></span> <span class='ocrx_word' id='word_1_193' title='bbox 1203 2460 1237 2506; x_wconf 88' lang='lat' dir='ltr'><strong>ut</strong></span> 
     </span>
    </p>

    <p class='ocr_par' dir='ltr' id='par_1_9' title="bbox 157 2532 1345 2695">
     <span class='ocr_line' id='line_1_21' title="bbox 157 2532 1345 2611; baseline 0.001 -21"><span class='ocrx_word' id='word_1_194' title='bbox 157 2533 195 2591; x_wconf 88' lang='lat' dir='ltr'><strong>dc</strong></span> <span class='ocrx_word' id='word_1_195' title='bbox 227 2532 352 2609; x_wconf 79' lang='lat' dir='ltr'><strong>singulis</strong></span> <span class='ocrx_word' id='word_1_196' title='bbox 384 2533 443 2590; x_wconf 88' lang='lat' dir='ltr'><strong>iam</strong></span> <span class='ocrx_word' id='word_1_197' title='bbox 474 2534 668 2609; x_wconf 75' lang='lat' dir='ltr'><strong>cogitaretur,</strong></span> <span class='ocrx_word' id='word_1_198' title='bbox 703 2533 820 2589; x_wconf 86' lang='lat' dir='ltr'><strong>transiit</strong></span> <span class='ocrx_word' id='word_1_199' title='bbox 853 2535 891 2589; x_wconf 86' lang='lat' dir='ltr'><strong>ad</strong></span> <span class='ocrx_word' id='word_1_200' title='bbox 918 2533 1034 2609; x_wconf 85' lang='lat' dir='ltr'><strong>singula</strong></span> <span class='ocrx_word' id='word_1_201' title='bbox 1061 2535 1235 2609; x_wconf 85' lang='lat' dir='ltr'><strong>pronomine</strong></span> <span class='ocrx_word' id='word_1_202' title='bbox 1339 2601 1345 2611; x_wconf 38' lang='lat'>.</span> 
     </span>
     <span class='ocr_line' id='line_1_22' title="bbox 157 2618 1236 2695; baseline 0.001 -20"><span class='ocrx_word' id='word_1_203' title='bbox 157 2619 267 2695; x_wconf 79' lang='lat' dir='ltr'><strong>plurali</strong></span> <span class='ocrx_word' id='word_1_204' title='bbox 295 2618 488 2695; x_wconf 78' lang='lat' dir='ltr'><strong>significanda</strong></span> <span class='ocrx_word' id='word_1_205' title='bbox 512 2620 526 2675; x_wconf 96' lang='lat' dir='ltr'><strong>I</strong></span> <span class='ocrx_word' id='word_1_206' title='bbox 550 2619 586 2675; x_wconf 90' lang='lat' dir='ltr'><strong>de</strong></span> <span class='ocrx_word' id='word_1_207' title='bbox 610 2619 700 2693; x_wconf 81' lang='lat' dir='ltr'><strong>Legg.</strong></span> <span class='ocrx_word' id='word_1_208' title='bbox 724 2620 779 2674; x_wconf 74' lang='lat' dir='ltr'><strong>to:</strong></span> <span class='ocrx_word' id='word_1_209' title='bbox 808 2618 892 2675; x_wconf 71' lang='lat' dir='ltr'><strong>d&#39;euzo</strong></span> <span class='ocrx_word' id='word_1_210' title='bbox 915 2629 968 2675; x_wconf 74' lang='lat' dir='ltr'><strong>tune</strong></span> <span class='ocrx_word' id='word_1_211' title='bbox 991 2621 1086 2676; x_wconf 67' lang='lat' dir='ltr'><strong>etardum</strong></span> <span class='ocrx_word' id='word_1_212' title='bbox 1108 2640 1236 2694; x_wconf 68' lang='lat' dir='ltr'><strong>utinquam</strong></span> 
     </span>
    </p>

    <p class='ocr_par' dir='ltr' id='par_1_10' title="bbox 150 2706 1235 2779">
     <span class='ocr_line' id='line_1_23' title="bbox 150 2706 1235 2779; baseline 0.001 -18"><span class='ocrx_word' id='word_1_213' title='bbox 150 2706 219 2779; x_wconf 79' lang='lat' dir='ltr'><strong>satit,</strong></span> <span class='ocrx_word' id='word_1_214' title='bbox 242 2708 307 2779; x_wconf 81' lang='lat' dir='ltr'><strong>quin</strong></span> <span class='ocrx_word' id='word_1_215' title='bbox 334 2737 363 2747; x_wconf 90' lang='lat'>-</span> <span class='ocrx_word' id='word_1_216' title='bbox 390 2706 566 2777; x_wconf 67' lang='lat' dir='ltr'><strong>defensionen</strong></span> <span class='ocrx_word' id='word_1_217' title='bbox 583 2707 718 2777; x_wconf 73' lang='lat' dir='ltr'><strong>fiter&#39;noris</strong></span> <span class='ocrx_word' id='word_1_218' title='bbox 739 2724 757 2759; x_wconf 86' lang='lat' dir='ltr'><strong>a</strong></span> <span class='ocrx_word' id='word_1_219' title='bbox 779 2715 893 2761; x_wconf 74' lang='lat' dir='ltr'><strong>tantumne</strong></span> <span class='ocrx_word' id='word_1_220' title='bbox 915 2708 990 2761; x_wconf 85' lang='lat' dir='ltr'><strong>inre</strong></span> <span class='ocrx_word' id='word_1_221' title='bbox 1010 2706 1130 2779; x_wconf 66' lang='lat' dir='ltr'><strong>antiqno</strong></span> <span class='ocrx_word' id='word_1_222' title='bbox 1151 2725 1235 2779; x_wconf 74' lang='lat' dir='ltr'><strong>quum·</strong></span> 
     </span>
    </p>

    <p class='ocr_par' dir='ltr' id='par_1_11' title="bbox 157 2788 1236 2950">
     <span class='ocr_line' id='line_1_24' title="bbox 157 2788 1235 2867; baseline -0.001 -21"><span class='ocrx_word' id='word_1_223' title='bbox 157 2798 237 2847; x_wconf 78' lang='lat' dir='ltr'><strong>reret.</strong></span> <span class='ocrx_word' id='word_1_224' title='bbox 288 2788 381 2857; x_wconf 80' lang='lat' dir='ltr'><strong>Quae</strong></span> <span class='ocrx_word' id='word_1_225' title='bbox 407 2793 433 2846; x_wconf 84' lang='lat' dir='ltr'><strong>ai</strong></span> <span class='ocrx_word' id='word_1_226' title='bbox 458 2792 597 2865; x_wconf 83' lang='lat' dir='ltr'><strong>appetiere</strong></span> <span class='ocrx_word' id='word_1_227' title='bbox 623 2790 723 2845; x_wconf 70' lang='lat' dir='ltr'><strong>avertent</strong></span> <span class='ocrx_word' id='word_1_228' title='bbox 750 2791 826 2863; x_wconf 74' lang='lat' dir='ltr'><strong>impii</strong></span> <span class='ocrx_word' id='word_1_229' title='bbox 846 2800 901 2845; x_wconf 87' lang='lat' dir='ltr'><strong>cet.</strong></span> <span class='ocrx_word' id='word_1_230' title='bbox 946 2788 1022 2867; x_wconf 76' lang='lat' dir='ltr'><strong>[cfr.</strong></span> <span class='ocrx_word' id='word_1_231' title='bbox 1046 2790 1083 2845; x_wconf 87' lang='lat' dir='ltr'><strong>nd</strong></span> <span class='ocrx_word' id='word_1_232' title='bbox 1107 2792 1143 2853; x_wconf 76' lang='lat' dir='ltr'><strong>V,</strong></span> <span class='ocrx_word' id='word_1_233' title='bbox 1168 2788 1235 2867; x_wconf 60' lang='lat'><strong>94]</strong></span> 
     </span>
     <span class='ocr_line' id='line_1_25' title="bbox 158 2873 1236 2950; baseline 0 -19"><span class='ocrx_word' id='word_1_234' title='bbox 158 2874 269 2931; x_wconf 85' lang='lat' dir='ltr'><strong>Eodem</strong></span> <span class='ocrx_word' id='word_1_235' title='bbox 295 2875 381 2931; x_wconf 92' lang='lat' dir='ltr'><strong>modo</strong></span> <span class='ocrx_word' id='word_1_236' title='bbox 405 2874 572 2931; x_wconf 88' lang='lat' dir='ltr'><strong>defenditur</strong></span> <span class='ocrx_word' id='word_1_237' title='bbox 600 2874 707 2931; x_wconf 90' lang='lat' dir='ltr'><strong>iudea</strong></span> <span class='ocrx_word' id='word_1_238' title='bbox 730 2873 912 2948; x_wconf 83' lang='lat' dir='ltr'><strong>Wopkensio</strong></span> <span class='ocrx_word' id='word_1_239' title='bbox 934 2874 1066 2930; x_wconf 88' lang='lat' dir='ltr'><strong>codicum</strong></span> <span class='ocrx_word' id='word_1_240' title='bbox 1090 2876 1236 2950; x_wconf 86' lang='lat' dir='ltr'><strong>scriptura</strong></span> 
     </span>
    </p>

    <p class='ocr_par' dir='ltr' id='par_1_12' title="bbox 157 2958 454 3025">
     <span class='ocr_line' id='line_1_26' title="bbox 157 2958 454 3025; baseline 0.003 -8"><span class='ocrx_word' id='word_1_241' title='bbox 157 2958 189 3017; x_wconf 91' lang='lat' dir='ltr'><strong>in</strong></span> <span class='ocrx_word' id='word_1_242' title='bbox 212 2960 301 3017; x_wconf 83' lang='lat' dir='ltr'><strong>Tusc.</strong></span> <span class='ocrx_word' id='word_1_243' title='bbox 324 2960 379 3025; x_wconf 80' lang='lat' dir='ltr'><strong>lv,</strong></span> <span class='ocrx_word' id='word_1_244' title='bbox 404 2961 454 3018; x_wconf 87' lang='grc'><strong>65.</strong></span> 
     </span>
    </p>

    <p class='ocr_par' dir='ltr' id='par_1_13' title="bbox 156 3042 1237 3545">
     <span class='ocr_line' id='line_1_27' title="bbox 245 3042 1234 3120; baseline -0.001 -19"><span class='ocrx_word' id='word_1_245' title='bbox 245 3064 329 3119; x_wconf 81' lang='lat' dir='ltr'><strong>neque</strong></span> <span class='ocrx_word' id='word_1_246' title='bbox 346 3064 431 3120; x_wconf 78' lang='lat' dir='ltr'><strong>porro</strong></span> <span class='ocrx_word' id='word_1_247' title='bbox 452 3065 485 3101; x_wconf 79' lang='lat' dir='ltr'><strong>en·</strong></span> <span class='ocrx_word' id='word_1_248' title='bbox 507 3065 536 3101; x_wconf 88' lang='lat' dir='ltr'><strong>eo</strong></span> <span class='ocrx_word' id='word_1_249' title='bbox 558 3045 653 3119; x_wconf 72' lang='lat' dir='ltr'><strong>nautius)</strong></span> <span class='ocrx_word' id='word_1_250' title='bbox 677 3044 781 3102; x_wconf 56' lang='lat' dir='ltr'><strong>(deero</strong></span> <span class='ocrx_word' id='word_1_251' title='bbox 805 3045 851 3101; x_wconf 77' lang='lat' dir='ltr'><strong>nis</strong></span> <span class='ocrx_word' id='word_1_252' title='bbox 874 3054 903 3099; x_wconf 90' lang='lat' dir='ltr'><strong>et</strong></span> <span class='ocrx_word' id='word_1_253' title='bbox 923 3044 1010 3099; x_wconf 74' lang='lat' dir='ltr'><strong>&#39;I&#39;usc</strong></span> <span class='ocrx_word' id='word_1_254' title='bbox 1029 3044 1053 3111; x_wconf 88' lang='grc' dir='ltr'><strong>Ι,</strong></span> <span class='ocrx_word' id='word_1_255' title='bbox 1068 3044 1106 3099; x_wconf 82' lang='grc'><strong>89</strong></span> <span class='ocrx_word' id='word_1_256' title='bbox 1125 3042 1234 3100; x_wconf 73' lang='lat' dir='ltr'><strong>farinam</strong></span> 
     </span>
     <span class='ocr_line' id='line_1_28' title="bbox 156 3129 1236 3204; baseline -0.002 -16"><span class='ocrx_word' id='word_1_257' title='bbox 156 3130 264 3189; x_wconf 79' lang='lat' dir='ltr'><strong>falsam</strong></span> <span class='ocrx_word' id='word_1_258' title='bbox 287 3140 405 3187; x_wconf 88' lang='lat' dir='ltr'><strong>secutus</strong></span> <span class='ocrx_word' id='word_1_259' title='bbox 428 3141 482 3194; x_wconf 74' lang='lat' dir='ltr'><strong>est,</strong></span> <span class='ocrx_word' id='word_1_260' title='bbox 505 3149 581 3203; x_wconf 85' lang='lat' dir='ltr'><strong>quac</strong></span> <span class='ocrx_word' id='word_1_261' title='bbox 605 3131 681 3186; x_wconf 89' lang='lat' dir='ltr'><strong>uude</strong></span> <span class='ocrx_word' id='word_1_262' title='bbox 704 3130 774 3186; x_wconf 86' lang='lat' dir='ltr'><strong>oriri</strong></span> <span class='ocrx_word' id='word_1_263' title='bbox 797 3129 935 3204; x_wconf 81' lang='lat' dir='ltr'><strong>potuerit.</strong></span> <span class='ocrx_word' id='word_1_264' title='bbox 959 3129 1087 3185; x_wconf 85' lang='lat' dir='ltr'><strong>ostendit</strong></span> <span class='ocrx_word' id='word_1_265' title='bbox 1105 3129 1236 3186; x_wconf 85' lang='lat' dir='ltr'><strong>Zonaras</strong></span> 
     </span>
     <span class='ocr_line' id='line_1_29' title="bbox 157 3214 1236 3289; baseline -0.004 -14"><span class='ocrx_word' id='word_1_266' title='bbox 157 3218 238 3275; x_wconf 86' lang='lat' dir='ltr'><strong>Anu.</strong></span> <span class='ocrx_word' id='word_1_267' title='bbox 254 3216 342 3286; x_wconf 84' lang='lat' dir='ltr'><strong>VIII,</strong></span> <span class='ocrx_word' id='word_1_268' title='bbox 356 3218 389 3284; x_wconf 72' lang='grc' dir='ltr'><strong>ὃς</strong></span> <span class='ocrx_word' id='word_1_269' title='bbox 412 3215 552 3272; x_wconf 85' lang='lat' dir='ltr'><strong>iactatum</strong></span> <span class='ocrx_word' id='word_1_270' title='bbox 571 3216 647 3271; x_wconf 89' lang='lat' dir='ltr'><strong>euim</strong></span> <span class='ocrx_word' id='word_1_271' title='bbox 671 3216 854 3271; x_wconf 86' lang='lat' dir='ltr'><strong>sermonibus</strong></span> <span class='ocrx_word' id='word_1_272' title='bbox 878 3214 974 3270; x_wconf 83' lang='lat' dir='ltr'><strong>fuerat</strong></span> <span class='ocrx_word' id='word_1_273' title='bbox 996 3224 1064 3271; x_wconf 90' lang='lat' dir='ltr'><strong>ante</strong></span> <span class='ocrx_word' id='word_1_274' title='bbox 1082 3214 1236 3289; x_wconf 81' lang='lat' dir='ltr'><strong>proelium,</strong></span> 
     </span>
     <span class='ocr_line' id='line_1_30' title="bbox 158 3300 1235 3374; baseline -0.001 -16"><span class='ocrx_word' id='word_1_275' title='bbox 158 3301 284 3359; x_wconf 83' lang='lat' dir='ltr'><strong>Decium</strong></span> <span class='ocrx_word' id='word_1_276' title='bbox 308 3301 337 3358; x_wconf 84' lang='lat' dir='ltr'><strong>id</strong></span> <span class='ocrx_word' id='word_1_277' title='bbox 360 3300 516 3357; x_wconf 89' lang='lat' dir='ltr'><strong>facturum.</strong></span> <span class='ocrx_word' id='word_1_278' title='bbox 568 3301 686 3356; x_wconf 87' lang='lat' dir='ltr'><strong>Pridem</strong></span> <span class='ocrx_word' id='word_1_279' title='bbox 711 3320 771 3357; x_wconf 82' lang='lat' dir='ltr'><strong>retu</strong></span> <span class='ocrx_word' id='word_1_280' title='bbox 795 3312 874 3356; x_wconf 87' lang='lat' dir='ltr'><strong>recte</strong></span> <span class='ocrx_word' id='word_1_281' title='bbox 897 3309 1098 3374; x_wconf 82' lang='lat' dir='ltr'><strong>exposuerunt</strong></span> <span class='ocrx_word' id='word_1_282' title='bbox 1120 3301 1153 3357; x_wconf 80' lang='lat' dir='ltr'><strong>F.</strong></span> <span class='ocrx_word' id='word_1_283' title='bbox 1177 3300 1235 3357; x_wconf 84' lang='lat' dir='ltr'><strong>Fu·</strong></span> 
     </span>
     <span class='ocr_line' id='line_1_31' title="bbox 157 3385 1237 3460; baseline 0 -17"><span class='ocrx_word' id='word_1_284' title='bbox 157 3386 269 3443; x_wconf 89' lang='lat' dir='ltr'><strong>bricius</strong></span> <span class='ocrx_word' id='word_1_285' title='bbox 292 3386 340 3459; x_wconf 88' lang='lat' dir='ltr'><strong>(ad</strong></span> <span class='ocrx_word' id='word_1_286' title='bbox 364 3387 453 3443; x_wconf 82' lang='lat' dir='ltr'><strong>Tusc.</strong></span> <span class='ocrx_word' id='word_1_287' title='bbox 476 3386 585 3458; x_wconf 89' lang='lat' dir='ltr'><strong>locum)</strong></span> <span class='ocrx_word' id='word_1_288' title='bbox 613 3395 642 3441; x_wconf 89' lang='lat' dir='ltr'><strong>et</strong></span> <span class='ocrx_word' id='word_1_289' title='bbox 665 3386 894 3442; x_wconf 80' lang='lat' dir='ltr'><strong>Freinshemius.</strong></span> <span class='ocrx_word' id='word_1_290' title='bbox 940 3385 1002 3460; x_wconf 85' lang='lat' dir='ltr'><strong>Ego</strong></span> <span class='ocrx_word' id='word_1_291' title='bbox 1032 3396 1189 3460; x_wconf 80' lang='lat' dir='ltr'><strong>autequam</strong></span> <span class='ocrx_word' id='word_1_292' title='bbox 1218 3407 1237 3443; x_wconf 88' lang='lat' dir='ltr'><strong>a</strong></span> 
     </span>
     <span class='ocr_line' id='line_1_32' title="bbox 156 3470 1237 3545; baseline -0.001 -16"><span class='ocrx_word' id='word_1_293' title='bbox 156 3471 261 3529; x_wconf 66' lang='lat' dir='ltr'><strong>Decus</strong></span> <span class='ocrx_word' id='word_1_294' title='bbox 285 3471 413 3538; x_wconf 79' lang='lat' dir='ltr'><strong>discedo,</strong></span> <span class='ocrx_word' id='word_1_295' title='bbox 437 3471 551 3527; x_wconf 81' lang='lat' dir='ltr'><strong>addam.</strong></span> <span class='ocrx_word' id='word_1_296' title='bbox 576 3472 604 3526; x_wconf 93' lang='lat' dir='ltr'><strong>iu</strong></span> <span class='ocrx_word' id='word_1_297' title='bbox 630 3471 777 3527; x_wconf 85' lang='lat' dir='ltr'><strong>Paradox.</strong></span> <span class='ocrx_word' id='word_1_298' title='bbox 801 3473 846 3527; x_wconf 72' lang='lat'><strong>12.</strong></span> <span class='ocrx_word' id='word_1_299' title='bbox 872 3470 921 3527; x_wconf 90' lang='lat' dir='ltr'><strong>ubi</strong></span> <span class='ocrx_word' id='word_1_300' title='bbox 944 3471 1060 3528; x_wconf 89' lang='lat' dir='ltr'><strong>codices</strong></span> <span class='ocrx_word' id='word_1_301' title='bbox 1082 3470 1147 3545; x_wconf 86' lang='lat' dir='ltr'><strong>(cfr.</strong></span> <span class='ocrx_word' id='word_1_302' title='bbox 1171 3489 1237 3528; x_wconf 89' lang='lat' dir='ltr'><strong>cum</strong></span> 
     </span>
    </p>

    <p class='ocr_par' dir='ltr' id='par_1_14' title="bbox 120 3554 1237 3972">
     <span class='ocr_line' id='line_1_33' title="bbox 120 3554 1237 3631; baseline -0.003 -15"><span class='ocrx_word' id='word_1_303' title='bbox 120 3600 123 3605; x_wconf 85' lang='lat'>-</span> <span class='ocrx_word' id='word_1_304' title='bbox 156 3554 261 3616; x_wconf 82' lang='lat' dir='ltr'><strong>Guelf.</strong></span> <span class='ocrx_word' id='word_1_305' title='bbox 286 3555 365 3615; x_wconf 83' lang='lat' dir='ltr'>Oxx.</span> <span class='ocrx_word' id='word_1_306' title='bbox 391 3558 448 3629; x_wconf 82' lang='grc' dir='ltr'><strong>σψ)</strong></span> <span class='ocrx_word' id='word_1_307' title='bbox 472 3557 595 3611; x_wconf 87' lang='lat' dir='ltr'><strong>habeut:</strong></span> <span class='ocrx_word' id='word_1_308' title='bbox 630 3556 706 3624; x_wconf 72' lang='lat' dir='ltr'><strong>Qnrrre</strong></span> <span class='ocrx_word' id='word_1_309' title='bbox 729 3560 768 3612; x_wconf 82' lang='lat' dir='ltr'><strong>cis</strong></span> <span class='ocrx_word' id='word_1_310' title='bbox 785 3566 893 3631; x_wconf 82' lang='lat' dir='ltr'><strong>putrem</strong></span> <span class='ocrx_word' id='word_1_311' title='bbox 917 3556 1040 3626; x_wconf 63' lang='lat' dir='ltr'><strong>Decium,</strong></span> <span class='ocrx_word' id='word_1_312' title='bbox 1062 3575 1133 3630; x_wconf 72' lang='grc' dir='ltr'><strong>φατε</strong></span> <span class='ocrx_word' id='word_1_313' title='bbox 1147 3558 1237 3629; x_wconf 81' lang='lat' dir='ltr'><strong>fitium</strong></span> 
     </span>
     <span class='ocr_line' id='line_1_34' title="bbox 155 3641 1236 3716; baseline -0.003 -15"><span class='ocrx_word' id='word_1_314' title='bbox 155 3644 300 3701; x_wconf 63' lang='lat' dir='ltr'><strong>deuotam</strong></span> <span class='ocrx_word' id='word_1_315' title='bbox 319 3644 427 3698; x_wconf 73' lang='lat' dir='ltr'><strong>intruisit</strong></span> <span class='ocrx_word' id='word_1_316' title='bbox 442 3645 469 3697; x_wconf 79' lang='lat' dir='ltr'><strong>in</strong></span> <span class='ocrx_word' id='word_1_317' title='bbox 486 3652 608 3697; x_wconf 70' lang='lat' dir='ltr'><strong>arctantes</strong></span> <span class='ocrx_word' id='word_1_318' title='bbox 626 3643 739 3697; x_wconf 78' lang='lat' dir='ltr'><strong>nostium</strong></span> <span class='ocrx_word' id='word_1_319' title='bbox 756 3645 855 3716; x_wconf 80' lang='lat' dir='ltr'><strong>copiua.</strong></span> <span class='ocrx_word' id='word_1_320' title='bbox 875 3641 904 3697; x_wconf 87' lang='lat' dir='ltr'><strong>iu</strong></span> <span class='ocrx_word' id='word_1_321' title='bbox 918 3641 1058 3697; x_wconf 87' lang='lat' dir='ltr'><strong>Plautino</strong></span> <span class='ocrx_word' id='word_1_322' title='bbox 1071 3650 1100 3696; x_wconf 90' lang='lat' dir='ltr'><strong>ct</strong></span> <span class='ocrx_word' id='word_1_323' title='bbox 1112 3642 1236 3698; x_wconf 83' lang='lat' dir='ltr'><strong>Attiano</strong></span> 
     </span>
     <span class='ocr_line' id='line_1_35' title="bbox 157 3725 1236 3803; baseline -0.003 -19"><span class='ocrx_word' id='word_1_324' title='bbox 157 3727 251 3784; x_wconf 85' lang='lat' dir='ltr'><strong>verbo</strong></span> <span class='ocrx_word' id='word_1_325' title='bbox 280 3736 310 3783; x_wconf 92' lang='lat' dir='ltr'><strong>et</strong></span> <span class='ocrx_word' id='word_1_326' title='bbox 337 3728 366 3783; x_wconf 91' lang='lat' dir='ltr'><strong>in</strong></span> <span class='ocrx_word' id='word_1_327' title='bbox 397 3727 539 3803; x_wconf 80' lang='lat' dir='ltr'><strong>asyndcto</strong></span> <span class='ocrx_word' id='word_1_328' title='bbox 568 3727 700 3783; x_wconf 90' lang='lat' dir='ltr'><strong>inaudito</strong></span> <span class='ocrx_word' id='word_1_329' title='bbox 734 3726 806 3783; x_wconf 90' lang='lat' dir='ltr'><strong>satis</strong></span> <span class='ocrx_word' id='word_1_330' title='bbox 835 3725 991 3782; x_wconf 87' lang='lat' dir='ltr'><strong>manifesta</strong></span> <span class='ocrx_word' id='word_1_331' title='bbox 1019 3726 1145 3801; x_wconf 85' lang='lat' dir='ltr'><strong>vestigia</strong></span> <span class='ocrx_word' id='word_1_332' title='bbox 1172 3745 1236 3782; x_wconf 85' lang='lat' dir='ltr'><strong>esse</strong></span> 
     </span>
     <span class='ocr_line' id='line_1_36' title="bbox 158 3811 1236 3887; baseline -0.004 -16"><span class='ocrx_word' id='word_1_333' title='bbox 158 3830 247 3871; x_wconf 81' lang='lat' dir='ltr'><strong>verae</strong></span> <span class='ocrx_word' id='word_1_334' title='bbox 270 3813 447 3887; x_wconf 83' lang='lat' dir='ltr'><strong>scripturae.</strong></span> <span class='ocrx_word' id='word_1_335' title='bbox 476 3831 563 3886; x_wconf 86' lang='lat' dir='ltr'><strong>quam</strong></span> <span class='ocrx_word' id='word_1_336' title='bbox 587 3811 815 3887; x_wconf 86' lang='lat' dir='ltr'><strong>Oudendorpius</strong></span> <span class='ocrx_word' id='word_1_337' title='bbox 844 3830 860 3867; x_wconf 92' lang='lat' dir='ltr'><strong>e</strong></span> <span class='ocrx_word' id='word_1_338' title='bbox 883 3811 968 3867; x_wconf 90' lang='lat' dir='ltr'><strong>bonis</strong></span> <span class='ocrx_word' id='word_1_339' title='bbox 990 3811 1074 3868; x_wconf 89' lang='lat' dir='ltr'><strong>codd.</strong></span> <span class='ocrx_word' id='word_1_340' title='bbox 1099 3811 1236 3886; x_wconf 89' lang='lat' dir='ltr'><strong>protulit:</strong></span> 
     </span>
     <span class='ocr_line' id='line_1_37' title="bbox 156 3897 1028 3972; baseline -0.003 -16"><span class='ocrx_word' id='word_1_341' title='bbox 156 3899 255 3957; x_wconf 83' lang='lat' dir='ltr'><strong>devoto</strong></span> <span class='ocrx_word' id='word_1_342' title='bbox 276 3900 332 3954; x_wconf 82' lang='lat' dir='ltr'><strong>uita</strong></span> <span class='ocrx_word' id='word_1_343' title='bbox 353 3900 470 3956; x_wconf 73' lang='lat' dir='ltr'><strong>tmrne&#39;ait.</strong></span> <span class='ocrx_word' id='word_1_344' title='bbox 517 3898 555 3953; x_wconf 88' lang='lat' dir='ltr'><strong>Et</strong></span> <span class='ocrx_word' id='word_1_345' title='bbox 577 3907 674 3953; x_wconf 86' lang='lat' dir='ltr'><strong>tamen</strong></span> <span class='ocrx_word' id='word_1_346' title='bbox 698 3897 877 3971; x_wconf 80' lang='lat' dir='ltr'><strong>interpolata</strong></span> <span class='ocrx_word' id='word_1_347' title='bbox 899 3906 1028 3972; x_wconf 86' lang='lat' dir='ltr'><strong>putatur.</strong></span> 
     </span>
    </p>

    <p class='ocr_par' dir='ltr' id='par_1_15' title="bbox 159 3979 1236 4228">
     <span class='ocr_line' id='line_1_38' title="bbox 247 3979 1236 4060; baseline -0.006 -19"><span class='ocrx_word' id='word_1_348' title='bbox 247 3983 296 4041; x_wconf 79' lang='lat'><strong>62.</strong></span> <span class='ocrx_word' id='word_1_349' title='bbox 331 3993 384 4040; x_wconf 84' lang='lat' dir='ltr'><strong>tres</strong></span> <span class='ocrx_word' id='word_1_350' title='bbox 406 3982 506 4060; x_wconf 66' lang='lat' dir='ltr'><strong>aitque)</strong></span> <span class='ocrx_word' id='word_1_351' title='bbox 529 3982 639 4040; x_wconf 88' lang='lat' dir='ltr'><strong>Gud.l</strong></span> <span class='ocrx_word' id='word_1_352' title='bbox 666 3985 772 4056; x_wconf 75' lang='lat' dir='ltr'><strong>reliqui,</strong></span> <span class='ocrx_word' id='word_1_353' title='bbox 795 3997 822 4055; x_wconf 87' lang='grc' dir='ltr'><strong><em>ψ</em></strong></span> <span class='ocrx_word' id='word_1_354' title='bbox 845 3985 894 4037; x_wconf 80' lang='lat' dir='ltr'><strong>ulii</strong></span> <span class='ocrx_word' id='word_1_355' title='bbox 915 3982 1004 4052; x_wconf 90' lang='lat' dir='ltr'><strong>(idem</strong></span> <span class='ocrx_word' id='word_1_356' title='bbox 1028 3981 1072 4037; x_wconf 88' lang='lat' dir='ltr'><strong>ed.</strong></span> <span class='ocrx_word' id='word_1_357' title='bbox 1091 3979 1181 4047; x_wconf 61' lang='lat' dir='ltr'><strong>Crat„</strong></span> <span class='ocrx_word' id='word_1_358' title='bbox 1204 3980 1236 4036; x_wconf 89' lang='lat' dir='ltr'><strong>in</strong></span> 
     </span>
     <span class='ocr_line' id='line_1_39' title="bbox 160 4065 1236 4145; baseline -0.004 -20"><span class='ocrx_word' id='word_1_359' title='bbox 160 4086 218 4145; x_wconf 77' lang='lat' dir='ltr'><strong>mg.</strong></span> <span class='ocrx_word' id='word_1_360' title='bbox 246 4069 352 4142; x_wconf 75' lang='lat' dir='ltr'><strong>ulique).</strong></span> <span class='ocrx_word' id='word_1_361' title='bbox 397 4068 546 4125; x_wconf 87' lang='lat' dir='ltr'><strong>Numerus</strong></span> <span class='ocrx_word' id='word_1_362' title='bbox 574 4087 631 4124; x_wconf 92' lang='lat' dir='ltr'><strong>non</strong></span> <span class='ocrx_word' id='word_1_363' title='bbox 661 4067 797 4124; x_wconf 86' lang='lat' dir='ltr'><strong>definitus</strong></span> <span class='ocrx_word' id='word_1_364' title='bbox 825 4067 1020 4142; x_wconf 61' lang='lat' dir='ltr'><strong>significatum</strong></span> <span class='ocrx_word' id='word_1_365' title='bbox 1048 4065 1107 4122; x_wconf 84' lang='lat' dir='ltr'><strong>vid.</strong></span> <span class='ocrx_word' id='word_1_366' title='bbox 1131 4065 1236 4121; x_wconf 82' lang='lat' dir='ltr'><strong>lexico.</strong></span> 
     </span>
     <span class='ocr_line' id='line_1_40' title="bbox 159 4151 1159 4228; baseline -0.004 -16"><span class='ocrx_word' id='word_1_367' title='bbox 159 4152 286 4213; x_wconf 81' lang='lat' dir='ltr'><strong>Graeci:</strong></span> <span class='ocrx_word' id='word_1_368' title='bbox 308 4155 388 4228; x_wconf 76' lang='grc' dir='ltr'><strong><em>τρεῖς</em></strong></span> <span class='ocrx_word' id='word_1_369' title='bbox 408 4172 493 4218; x_wconf 69' lang='grc' dir='ltr'><strong>τινες.</strong></span> <span class='ocrx_word' id='word_1_370' title='bbox 539 4155 576 4210; x_wconf 93' lang='grc' dir='ltr'><strong>Α.</strong></span> <span class='ocrx_word' id='word_1_371' title='bbox 604 4154 712 4209; x_wconf 87' lang='lat' dir='ltr'><strong>Varius</strong></span> <span class='ocrx_word' id='word_1_372' title='bbox 735 4152 791 4209; x_wconf 93' lang='lat' dir='ltr'><strong>hoc</strong></span> <span class='ocrx_word' id='word_1_373' title='bbox 813 4170 871 4208; x_wconf 86' lang='lat' dir='ltr'><strong>urm</strong></span> <span class='ocrx_word' id='word_1_374' title='bbox 894 4152 959 4207; x_wconf 91' lang='lat' dir='ltr'><strong>loco</strong></span> <span class='ocrx_word' id='word_1_375' title='bbox 982 4151 1159 4208; x_wconf 89' lang='lat' dir='ltr'><strong>nominatur.</strong></span> 
     </span>
    </p>

    <p class='ocr_par' dir='ltr' id='par_1_16' title="bbox 158 4232 1238 4477">
     <span class='ocr_line' id='line_1_41' title="bbox 245 4232 1236 4315; baseline -0.003 -20"><span class='ocrx_word' id='word_1_376' title='bbox 245 4246 315 4295; x_wconf 80' lang='lat' dir='ltr'><strong>cutis</strong></span> <span class='ocrx_word' id='word_1_377' title='bbox 337 4240 430 4295; x_wconf 77' lang='lat' dir='ltr'><strong>‹Iettunt</strong></span> <span class='ocrx_word' id='word_1_378' title='bbox 453 4248 492 4293; x_wconf 81' lang='lat' dir='ltr'><strong>est</strong></span> <span class='ocrx_word' id='word_1_379' title='bbox 514 4244 632 4305; x_wconf 73' lang='lat' dir='ltr'><strong>testium)</strong></span> <span class='ocrx_word' id='word_1_380' title='bbox 657 4239 706 4296; x_wconf 83' lang='lat' dir='ltr'><strong>Sic</strong></span> <span class='ocrx_word' id='word_1_381' title='bbox 729 4238 793 4294; x_wconf 79' lang='lat' dir='ltr'><strong>Pal.</strong></span> <span class='ocrx_word' id='word_1_382' title='bbox 821 4240 846 4303; x_wconf 74' lang='lat' dir='ltr'><strong>l,</strong></span> <span class='ocrx_word' id='word_1_383' title='bbox 871 4238 947 4311; x_wconf 57' lang='lat' dir='ltr'><strong>Spita</strong></span> <span class='ocrx_word' id='word_1_384' title='bbox 971 4232 1041 4315; x_wconf 85' lang='lat' dir='ltr'>[B]‚</span> <span class='ocrx_word' id='word_1_385' title='bbox 1066 4256 1121 4311; x_wconf 84' lang='lat' dir='ltr'><strong>mg.</strong></span> <span class='ocrx_word' id='word_1_386' title='bbox 1146 4235 1236 4305; x_wconf 64' lang='lat' dir='ltr'><strong>Crat„</strong></span> 
     </span>
     <span class='ocr_line' id='line_1_42' title="bbox 158 4322 1238 4397; baseline -0.005 -14"><span class='ocrx_word' id='word_1_387' title='bbox 158 4324 244 4383; x_wconf 86' lang='lat' dir='ltr'><strong>codd.</strong></span> <span class='ocrx_word' id='word_1_388' title='bbox 266 4325 358 4381; x_wconf 78' lang='lat' dir='ltr'><strong>Moru.</strong></span> <span class='ocrx_word' id='word_1_389' title='bbox 379 4334 407 4380; x_wconf 87' lang='lat' dir='ltr'><strong>et</strong></span> <span class='ocrx_word' id='word_1_390' title='bbox 428 4324 516 4389; x_wconf 79' lang='lat' dir='ltr'><strong>Scan,</strong></span> <span class='ocrx_word' id='word_1_391' title='bbox 540 4324 689 4397; x_wconf 90' lang='lat' dir='ltr'><strong>ediditque</strong></span> <span class='ocrx_word' id='word_1_392' title='bbox 702 4322 865 4387; x_wconf 61' lang='lat' dir='ltr'><strong>(innatorum</strong></span> <span class='ocrx_word' id='word_1_393' title='bbox 891 4322 1050 4378; x_wconf 56' lang='lat' dir='ltr'><strong>Inambinus</strong></span> <span class='ocrx_word' id='word_1_394' title='bbox 1072 4325 1177 4378; x_wconf 84' lang='lat' dir='ltr'><strong>testium</strong></span> <span class='ocrx_word' id='word_1_395' title='bbox 1198 4330 1238 4378; x_wconf 88' lang='lat' dir='ltr'><strong>eat</strong></span> 
     </span>
     <span class='ocr_line' id='line_1_43' title="bbox 158 4408 890 4477; baseline -0.005 -10"><span class='ocrx_word' id='word_1_396' title='bbox 158 4412 263 4467; x_wconf 74' lang='lat' dir='ltr'><strong>dottam.</strong></span> <span class='ocrx_word' id='word_1_397' title='bbox 308 4408 406 4467; x_wconf 83' lang='lat' dir='ltr'><strong>Ceteri</strong></span> <span class='ocrx_word' id='word_1_398' title='bbox 430 4409 526 4477; x_wconf 78' lang='lat' dir='ltr'><strong>codd,</strong></span> <span class='ocrx_word' id='word_1_399' title='bbox 551 4419 582 4467; x_wconf 93' lang='lat' dir='ltr'><strong>ut</strong></span> <span class='ocrx_word' id='word_1_400' title='bbox 605 4409 697 4465; x_wconf 90' lang='lat' dir='ltr'><strong>nostri</strong></span> <span class='ocrx_word' id='word_1_401' title='bbox 721 4409 890 4465; x_wconf 87' lang='lat' dir='ltr'><strong>deteriores.</strong></span> 
     </span>
    </p>
   </div>
   <div class='ocr_carea' id='block_1_6' title="bbox 0 0 1520 5086">
    <p class='ocr_par' dir='ltr' id='par_1_17' title="bbox 0 0 1520 5086">
     <span class='ocr_line' id='line_1_44' title="bbox 0 0 1520 5086; baseline 0 0"><span class='ocrx_word' id='word_1_402' title='bbox 0 0 1520 5086; x_wconf 95' lang='lat' dir='ltr'><strong> </strong></span> 
     </span>
    </p>
   </div>
  </div>
 </body>
</html>
