3030 5086
432 487 475 531 nr
499 487 579 532 mnu.
603 487 665 532 ura.
686 488 711 532 11
733 489 805 534 cnr.
825 491 865 536 rr.
884 490 1015 550 (es-ar.)
1195 473 1258 537 289

184 663 289 735 parte,
317 655 374 718 sed
401 653 431 716 in
460 655 670 733 perpetuitate
698 656 848 735 temporis
871 657 936 720 vita
963 657 1055 721 beata
1083 657 1143 721 dici
1159 657 1259 737 solet,

185 774 241 820 nec
273 754 450 835 appellatur
483 756 606 819 omnino
634 758 700 820 vita
733 757 791 821 nisi
819 757 958 822 confecta
984 767 1079 838 atque
1104 757 1258 838 absoluta,

184 875 240 922 nec
273 864 377 938 potest
404 858 569 937 quisquam
597 858 683 922 alias.
703 859 814 923 beatus
842 877 925 936 esse,
959 858 1036 923 alias
1064 860 1171 937 miser;
1205 861 1259 940 qui

184 960 265 1023 enim
289 958 487 1036 existimabit,
519 977 612 1038 posse
635 978 669 1023 se
691 959 838 1024 misemm
862 979 944 1037 esse,
972 959 1082 1025 beatus
1105 980 1167 1025 non
1190 961 1257 1025 erit.

183 1061 264 1124 Nam
298 1078 367 1122 cum
400 1067 546 1139 suscepta
573 1060 668 1124 semel
696 1066 745 1124 est
771 1061 864 1125 beata
891 1063 968 1135 vita,
1003 1069 1067 1126 tam
1095 1065 1296 1143 permanetis

184 1181 277 1241 quam
305 1161 374 1241 ipsa
402 1160 454 1224 illa
477 1160 614 1224 effectrix
642 1161 754 1226 beatae
776 1162 859 1228 vitae
881 1163 1048 1243 sapientia,
1078 1183 1177 1245 neque
1204 1183 1257 1228 ex-

184 1270 290 1344 pectat
311 1262 451 1326 ultimum
475 1271 598 1343 tempus
620 1263 748 1342 aetatis,
777 1266 860 1344 quod
884 1265 999 1329 Croeso
1028 1266 1133 1330 scribit
1157 1266 1258 1330 Hero·

185 1366 277 1428 dotus
300 1373 501 1444 praeceptum
524 1384 544 1426 a
567 1363 686 1428 Solone.
732 1367 773 1428 At
795 1366 888 1444 enim,
911 1367 1168 1446 quemadmodum
1191 1374 1258 1431 tute

184 1466 318 1544 dicebas,
336 1474 430 1546 negat
441 1465 596 1545 Epicurus
613 1485 651 1530 ne
668 1466 903 1530 diuturnitatem
920 1467 1044 1547 quidem
1057 1467 1206 1548 temporis
1217 1468 1259 1530 ad

256 1642 275 1686 1.
295 1635 351 1684 duci
366 1651 452 1684 ornnes
489 1641 512 1684 2.
533 1652 606 1698 neque
624 1636 735 1686 LPCOr.
773 1636 821 1684 uita
840 1637 910 1685 beata
928 1636 976 1683 nbi
992 1636 1154 1687 LPMCROr.
1187 1637 1257 1686 abso·

184 1704 234 1752 luta
253 1705 341 1753 omE
378 1709 399 1751 3.
419 1703 551 1767 quisqueE
579 1721 653 1767 aeque
670 1705 729 1752 enim
745 1703 859 1768 pateatC
896 1711 917 1754 4,
937 1705 1110 1754 aestimabitC
1147 1710 1168 1753 5.
1187 1704 1258 1754 eerrrei

184 1781 218 1820 est
240 1780 350 1835 suscepta
370 1772 488 1821 LPMCR
542 1777 555 1819 6
582 1772 737 1836 sapientieE
790 1778 812 1822 8,
832 1770 913 1820 etenim
941 1773 997 1835 (pro
1020 1781 1046 1820 at
1073 1772 1143 1838 enim)
1171 1788 1256 1822 omnis

185 1846 205 1888 9.
227 1841 329 1890 ducebas
348 1841 369 1887 E
409 1841 528 1904 Epicurus
551 1840 725 1890 diuturnitatem
747 1838 915 1906 [A]LPMCR
938 1840 984 1904 Ep.
1003 1858 1045 1889 nec
1063 1840 1216 1890 diuturnitate
1235 1841 1256 1889 Ε

183 1908 229 1973 Ep.
248 1925 290 1957 nec
307 1908 483 1958 diuturnitatem
503 1908 546 1958 Or.

184 2048 213 2104 in
236 2049 327 2104 verbo
351 2048 428 2103 beuta
450 2051 529 2122 (post
551 2049 665 2121 omniuo)
688 2047 859 2116 omittendo,
882 2046 970 2103 facilc
992 2048 1150 2111 crederem,
1174 2047 1257 2106 Cice·

184 2152 283 2188 ronem
302 2134 357 2188 boc
375 2141 487 2189 tantum
506 2133 672 2207 scripsisse:
696 2151 742 2189 uec
758 2134 912 2207 appellatur
933 2135 1036 2189 omuino
1058 2136 1112 2189 uita
1134 2137 1186 2189 aibr'
1200 2144 1255 2191 cet.

184 2218 238 2274 hac
261 2218 421 2274 sententia:
451 2236 546 2290 neque
574 2219 692 2274 omnino
716 2217 793 2273 vitae
824 2218 941 2273 nomine
965 2218 1035 2293 (sic,
1063 2236 1129 2274 cum
1158 2219 1193 2275 de
1222 2237 1257 2275 ea

185 2303 345 2359 iudicamus
369 2311 398 2359 et
420 2321 484 2359 eam
507 2303 536 2358 in
554 2312 635 2359 certo
652 2321 759 2378 genere
776 2302 926 2376 ponimus)
944 2303 1053 2358 utimur
1069 2302 1125 2359 nisi
1143 2304 1179 2359 de
1196 2303 1257 2360 vita

184 2387 326 2444 confecta.
372 2388 439 2444 Non
463 2396 598 2443 accurate
621 2388 676 2443 boc
699 2387 807 2443 dictum
832 2386 887 2443 erit
910 2405 962 2443 nec
986 2405 1069 2456 vere;
1098 2406 1164 2444 narn
1194 2389 1257 2446 eius

185 2492 309 2546 quoque,
328 2474 376 2546 qui
395 2473 479 2542 vivit,
497 2472 587 2529 vitam
606 2472 758 2528 laudamus
776 2480 806 2528 et
822 2472 1076 2546 reprehendimus;
1095 2473 1144 2528 sed
1161 2473 1258 2547 potuit

184 2567 280 2614 tamen
294 2558 430 2615 Ciceroni
447 2557 592 2627 excidere,
616 2576 680 2614 cum
699 2568 874 2625 occurreret,
897 2557 1032 2630 quotiens
1049 2557 1111 2613 vita
1128 2558 1256 2614 nondum

182 2642 316 2699 confecta
332 2644 369 2699 ab
387 2644 450 2712 hac,
474 2643 509 2699 de
528 2661 586 2715 qua
602 2642 707 2716 agitur,
731 2651 815 2716 parte
831 2641 1011 2711 laudaretur,
1035 2661 1127 2698 annos
1144 2642 1256 2713 felices,

182 2728 277 2784 laetos
300 2728 370 2793 dies,
394 2728 502 2783 laetum
528 2737 642 2801 tempus
665 2727 722 2782 dici
746 2726 849 2782 solere.
884 2727 1059 2802 Progressio
1081 2735 1142 2783 turn
1165 2727 1256 2801 aptis·

183 2813 256 2868 sima
280 2813 335 2868 erit
358 2815 474 2868 ademta
496 2816 551 2867 vitu
573 2812 610 2867 ad
632 2815 722 2880 citam
746 2829 820 2884 quae
843 2814 946 2867 omniuo
968 2811 1091 2869 dicatur.
1138 2808 1256 2890 [Itaque

182 2916 268 2963 nune,
292 2916 356 2953 cum
380 2897 537 2953 accesserit
559 2896 757 2952 testimonium
781 2895 864 2951 codd.
887 2897 917 2952 A
940 2905 969 2951 et.
991 2896 1025 2965 B,
1048 2914 1113 2952 cum
1138 2896 1256 2953 Baitero

183 2983 278 3038 deleri
297 2984 382 3039 beata.
418 2982 464 3037 Ex
477 2981 585 3037 omisso
602 2981 631 3036 in
646 2980 670 3036 B
684 2989 713 3035 et
726 2980 786 3036 Erl.
798 2981 928 3046 absoluta,
948 2998 1012 3036 cum
1031 2988 1150 3036 teneant
1166 2991 1256 3054 atque,

183 3067 311 3141 suspicio
323 3067 403 3123 nasci
416 3066 518 3141 possit,
535 3065 627 3122 fuisse
645 3064 804 3137 aliquando
822 3065 977 3139 scriptum:
996 3067 1115 3137 confecta
1132 3077 1256 3139 actuque,

182 3152 369 3220 similiterve3
399 3152 449 3208 sed
473 3152 527 3206 hoc
550 3146 718 3228 incertum]
762 3151 834 3205 Mox
857 3159 981 3224 suscepta
1002 3152 1082 3205 seruet
1102 3161 1141 3206 eat
1163 3149 1257 3207 Gzius

182 3237 261 3292 dedit
285 3256 321 3292 ex
345 3237 480 3293 omnibus
503 3236 573 3304 suis,
597 3244 721 3309 excepto
744 3233 823 3291 Gud.
844 3234 871 3290 2.
911 3230 950 3312 [B
974 3244 1070 3290 tamen
1093 3245 1133 3292 est
1154 3232 1256 3315 seruet]

183 3323 375 3391 Sententiam,
399 3340 473 3395 quae
488 3321 594 3388 ,Saloni
617 3320 757 3376 tribuitur
779 3319 858 3391 (inde
875 3320 913 3375 ab
931 3319 1040 3375 Herod.
1054 3321 1079 3390 1,
1093 3320 1143 3391 32,
1167 3321 1254 3378 etiam

182 3408 260 3480 apud
280 3408 403 3462 Aristot.
417 3407 485 3463 Etlr.
498 3406 614 3465 Nicom.
634 3407 660 3466 1,
675 3407 735 3477 11),
759 3423 846 3477 quarn
864 3422 951 3478 saepe
969 3405 1065 3461 etalii
1083 3414 1112 3462 et
1128 3407 1256 3463 maxime

182 3492 285 3565 tragici
310 3499 413 3565 potitae
437 3491 596 3547 extulerint
624 3500 653 3547 et
676 3509 735 3564 qua
756 3490 914 3559 varietate,
943 3490 1070 3564 perspici
1099 3500 1196 3565 potest
1218 3510 1255 3548 ex

183 3577 227 3645 iis,
252 3595 326 3648 quae
350 3577 386 3631 ad
410 3578 487 3632 hunc
510 3577 604 3631 iocum
628 3575 779 3644 Davisius,
803 3575 840 3630 ad
864 3575 954 3650 Soph.
972 3574 1045 3633 Oed.
1064 3577 1135 3651 Reg.
1154 3594 1256 3633 versus

183 3669 329 3715 extremos
354 3659 518 3716 Brunckius
541 3671 569 3716 et
592 3661 762 3716 Erfurdtius
785 3660 974 3735 collegerunt.

267 3747 304 3801 At
319 3749 394 3802 enirn.
418 3747 641 3818 queamdmodum
658 3756 711 3801 tute
729 3743 851 3821 dicebas)
871 3747 969 3814 Recte,
993 3744 1071 3817 quod
1094 3745 1124 3800 in
1148 3744 1256 3800 codici·

183 3831 236 3886 bus
256 3841 309 3899 est,
333 3831 458 3885 mutavit
475 3831 624 3896 Davisius,
648 3830 774 3886 Manutii
792 3830 989 3886 coniecturam
1007 3847 1142 3902 sequeus.
1178 3829 1255 3884 Nam

182 3935 276 3988 neque
304 3915 505 3988 proximorum
534 3914 609 3970 ratio
637 3915 769 3970 redditur
796 3932 891 3987 neque
914 3914 1066 3971 Ciceronis
1095 3914 1256 3988 disputatio

182 4001 379 4068 continuatur,
404 4001 453 4055 sed
478 3999 675 4074 interponitur
691 4018 707 4055 a
726 3999 842 4054 diversa
860 4009 943 4073 parte
961 3998 1082 4072 Epicuri
1100 3998 1255 4065 sententia,

182 4104 239 4157 qua
263 4086 287 4140 is
310 4104 340 4141 se
365 4085 503 4158 expedire
526 4084 696 4140 conabatur.
730 4085 776 4140 De
798 4102 830 4138 re
853 4084 912 4140 vid.
937 4084 973 4139 ad
991 4085 1016 4147 I,
1031 4084 1079 4140 63.
1112 4083 1256 4139 Poterant

181 4170 317 4226 subtilius
341 4189 357 4224 a
381 4170 522 4227 Cicerone
546 4169 686 4242 explicari
710 4169 764 4224 hae
788 4169 922 4224 notiones
944 4169 1052 4243 gradus
1075 4178 1104 4224 et
1126 4186 1256 4225 summae

181 4273 339 4328 earumque
363 4256 418 4312 vis.
464 4256 658 4311 Tractaverat
680 4253 737 4309 iam
762 4253 948 4310 Aristoteles.

266 4360 297 4396 ne
314 4341 513 4397 diuturnitatem
532 4340 653 4413 quidem)
666 4338 738 4396 Cum
758 4338 894 4395 ederetur
905 4340 962 4413 Ep.
979 4340 1046 4394 diat.
1062 4339 1178 4411 quidem,
1196 4355 1255 4393 me·

181 4425 237 4481 rito
250 4424 418 4482 offendebat
430 4428 545 4499 quidem.
564 4424 702 4498 quoniam
719 4424 748 4479 in
767 4423 823 4480 hac
839 4423 965 4498 simpiici
981 4423 1137 4499 negatione
1154 4422 1197 4479 sie
1211 4421 1256 4478 in·

1021 4542 1050 4586 19
