3030 5086
521 1435 571 1504 u.
601 1432 769 1505 Tuscu
799 1393 1067 1506 Crcsssouls

772 1646 819 1709 os

313 1831 546 1923 FINIBUS
582 1831 854 1922 BONORUM
890 1833 955 1921 ET
992 1831 1274 1922 MALORUM

639 2087 749 2151 LIBER
771 2088 949 2156 QUARTUS.

719 2273 868 2280 ,ψ-

601 2405 989 2472 ARGUMENTUM.

258 2520 368 2623 Initio
391 2559 459 2623 iibri
487 2558 604 2637 Cicero,
633 2564 668 2622 ut
690 2559 841 2636 ostendat,
868 2559 987 2623 nullom
1014 2581 1140 2624 consum
1164 2560 1258 2640 fuisse
1278 2560 1339 2624 Ze-

259 2664 347 2739 noni,
376 2682 431 2725 cur
458 2683 479 2724 u
506 2662 652 2725 ueteribus
673 2661 862 2725 Academicis
888 2667 916 2724 et
942 2661 1150 2742 Peripateticis
1176 2663 1341 2727 daciscam

259 2784 372 2827 nouom
383 2763 576 2844 disciplinam
588 2764 733 2840 conduct,
750 2765 881 2844 exponit,
897 2765 1045 2845 quomodo
1059 2763 1102 2826 itti
1113 2764 1340 2845 philosophiam

262 2867 457 2930 constitutam
484 2866 661 2943 habuerint,
691 2886 706 2928 e
732 2867 817 2929 cuius
843 2866 940 2929 trihus
962 2867 1104 2945 portibus
1125 2867 1252 2930 ethicam
1269 2867 1340 2946 pri·

261 2989 345 3032 mum
367 2968 467 3046 differt
489 2970 534 3050 (c.
557 2971 616 3051 2),
644 2972 765 3031 tantum
787 2967 900 3043 dicens,
929 2966 1026 3031 iocum
1053 2969 1089 3031 rie
1114 2966 1289 3047 republica
1310 2973 1342 3031 et

262 3069 443 3134 rhetoricam
465 3092 486 3133 a
507 3070 629 3134 Zenone
650 3069 779 3152 nephota
801 3089 869 3146 usse,
892 3091 970 3151 quoe
986 3069 1030 3132 ihi
1048 3069 1269 3153 ditipentissime
1284 3091 1339 3134 eu·

259 3171 406 3236 coluerint
428 3174 472 3253 (c.
497 3177 546 3254 3).
592 3173 657 3236 Nec
682 3173 716 3233 in
742 3170 902 3235 dialecticis
928 3177 1037 3236 ueteres
1064 3194 1085 3235 a
1107 3172 1215 3236 Stoiu's
1241 3172 1341 3250 uinci;

262 3274 336 3355 quin
369 3278 467 3336 ortem
499 3280 747 3356 urpnmentorum
781 3274 1027 3338 inueniendornm
1064 3275 1104 3337 oh
1135 3274 1181 3338 his
1207 3293 1343 3353 prorsus

260 3377 404 3440 omissum
425 3395 484 3440 esse
506 3378 550 3458 (c.
570 3379 621 3459 4).
667 3374 803 3457 Physica
824 3376 944 3439 illorum
966 3377 1081 3441 Stoicos
1099 3376 1162 3456 sere
1182 3376 1215 3439 in
1236 3376 1341 3440 macci-

261 3479 318 3544 mis
340 3481 428 3544 rebus
449 3479 605 3542 retinuisse
632 3483 659 3541 ct
686 3479 788 3541 miuus
814 3479 927 3558 copioso
948 3498 1008 3542 esse
1024 3484 1196 3557 persecutos
1218 3480 1263 3559 (o,
1287 3480 1340 3562 5).

262 3581 424 3647 Summum
446 3587 547 3645 autem
566 3580 686 3657 bonnm,
709 3580 791 3661 quod
805 3581 956 3643 contineat
964 3579 1199 3661 philosophiam,
1221 3585 1342 3658 uetares

257 3683 438 3765 planissime
459 3683 659 3759 Poumooem,
681 3683 790 3746 dixisse
811 3703 871 3746 esse
886 3682 1049 3746 secundum
1065 3693 1211 3746 naturam
1226 3683 1343 3760 uiverc,·

263 3787 344 3868 quod
366 3807 434 3850 cum
455 3787 561 3849 uarios
581 3785 702 3848 haberet
722 3785 994 3864 interpretationes,
1017 3783 1075 3849 ilh's
1096 3806 1162 3848 com
1179 3784 1341 3863 placuisse,

260 3894 295 3952 ut
317 3895 390 3953 esset
410 3889 548 3951 omnibns
569 3893 625 3950 aut
646 3887 791 3950 mouimis
812 3886 899 3950 reims
919 3887 972 3963 iis,
995 3908 1073 3967 quae
1093 3887 1258 3950 secunaum
1278 3907 1339 3949 na-

263 3996 367 4054 turum
395 3995 504 4065 esseut,
530 3989 681 4069 fruentem
702 3989 812 4064 oioere,
839 4008 966 4069 uinique
991 3987 1084 4067 fuisse
1107 3988 1291 4052 Xenocratis
1312 3993 1342 4052 ei

260 4092 431 4157 Aristotelis
450 4093 543 4173 [inan
564 4092 608 4172 (c.
628 4094 678 4173 6).
730 4088 808 4152 Cum
830 4090 910 4153 enim
931 4090 1018 4153 huno
1040 4112 1077 4153 ecc
1098 4091 1202 4154 animo
1223 4095 1251 4153 et
1272 4109 1339 4153 cor·

254 4214 333 4274 pore
354 4199 513 4269 constaret,
535 4199 563 4256 et
580 4193 676 4255 ouimi
698 4196 725 4254 et
742 4194 875 4272 empuis
892 4192 1041 4255 rationem
1057 4213 1105 4257 cos
1120 4192 1267 4270 hahuisse,
1288 4192 1341 4256 sed

259 4296 314 4374 ito,
335 4303 371 4360 ut
392 4299 533 4361 aninoirm
555 4295 678 4374 infinita
700 4295 837 4375 qnondam
858 4294 948 4357 laude
964 4296 1082 4374 corpori
1098 4299 1341 4375 praeponerent,·
