3030 5086
658 438 855 486 1111111110.
1208 421 1299 487 XVII

214 606 320 671 omnis
337 605 473 672 foeditas
490 612 603 689 aperta
613 607 707 689 est¹)
734 607 840 688 Atque
850 607 1036 672 omissamm
1053 607 1187 687 primum
1199 607 1300 690 scrip·

215 720 364 780 turarum
381 715 569 797 optimarum
587 732 696 780 eorum
713 714 863 794 codicum,
882 732 962 796 qnos
979 715 1048 795 ipse
1064 714 1298 795 praestantissi-

216 840 288 887 mos
304 841 375 888 esse
390 821 593 901 intellexerat,
609 822 744 902 gratiam
761 821 790 887 ei
806 820 973 901 faciamus3
992 840 1093 903 neque
1109 821 1191 886 enim
1207 822 1300 887 aliter

217 927 288 994 fieri
299 936 435 1012 poterat,
453 947 522 994 cum
540 929 635 995 semel
652 929 807 994 eiusmodi
824 930 916 995 homo
934 928 992 994 sibi
1010 930 1149 994 delectus
1165 928 1300 995 habendi

216 1037 269 1102 ius
290 1037 486 1119 sumpsisset
529 1038 694 1120 (Exempla
721 1056 759 1102 ex
785 1037 873 1102 initio
901 1036 976 1103 libri
997 1038 1012 1102 Ι
1041 1036 1119 1101 haec
1146 1042 1238 1102 sunto
1261 1055 1299 1103 ex

216 1144 300 1209 Eri:
334 1145 396 1228 §4
422 1164 438 1208 e
469 1144 610 1223 Graecis,
643 1147 685 1211 10
710 1143 756 1209 oei
781 1143 896 1222 dicara,
926 1145 958 1210 in
987 1144 1055 1210 loco
1083 1143 1299 1222 vexatissimo,

217 1258 253 1317 et
271 1271 400 1333 possum
427 1260 459 1318 et
484 1272 523 1316 ne
549 1252 622 1335 (etsi
650 1252 709 1318 hoc
732 1259 781 1318 est
801 1252 939 1318 omnium
961 1252 1130 1333 codicum),
1162 1250 1300 1316 14111ιὲ

215 1357 329 1437 motas
370 1361 411 1425 15
439 1379 507 1443 epo,
549 1362 588 1425 tv
619 1357 807 1424 Democritio
838 1359 923 1439 dicit,
956 1358 1012 1440 al.)
1065 1358 1164 1424 Multo
1197 1359 1300 1425 minus

216 1466 502 1549 reprehendamus,
530 1469 615 1549 quod
637 1487 699 1533 non
721 1467 853 1548 indicat,
880 1466 1032 1548 equibus
1055 1465 1212 1532 codicibus
1241 1466 1300 1531 ali·

217 1575 297 1656 quid
324 1582 435 1656 ponat,
468 1594 537 1641 curn
570 1594 609 1641 cx
637 1575 764 1658 optimis
793 1574 976 1657 sumpserit,
1009 1580 1044 1638 ut
1070 1574 1099 1654 1,
1121 1574 1144 1639 4
1171 1573 1301 1656 (nouam

211 1684 339 1764 poete).
382 1683 453 1747 Non
477 1684 569 1749 valde
596 1683 774 1748 mirandum
796 1682 914 1760 iudico,
944 1682 1159 1764 quodetiam,
1187 1682 1237 1746 ubi
1260 1683 1301 1746 de

218 1790 378 1871 scriptura
399 1791 549 1871 disputat,
572 1791 695 1855 codices
718 1808 792 1855 suos
815 1789 963 1871 neglegit,
987 1796 1022 1854 ut
1043 1790 1084 1854 ad
1106 1789 1178 1868 1,5
1200 1808 1299 1854 anno·

218 1898 315 1975 tavit,
347 1903 432 1963 recte
459 1897 617 1963 Bremium
645 1902 711 1961 tuot
738 1915 918 1978 revocasse,
952 1898 1037 1979 quod
1066 1915 1086 1961 a
1113 1896 1241 1962 Davisio
1269 1902 1301 1962 et

219 2004 367 2070 Emestio
389 2005 420 2068 iu
443 2010 564 2073 tuntum
585 2011 747 2070 mutatum.
762 2011 860 2084 esset,
890 2005 922 2069 in
951 2006 1017 2069 suis
1045 2003 1203 2079 codicibus
1231 2023 1301 2070 esse

219 2116 357 2192 toabam,
391 2121 426 2177 ut
451 2112 481 2176 iu
511 2112 655 2178 omnibus
682 2113 818 2177 omnium
845 2110 905 2176 fuit
933 2119 965 2176 et
991 2111 1138 2176 Davisius
1167 2112 1207 2176 de
1235 2112 1301 2176 suis

218 2220 354 2297 dixerat,
376 2236 438 2282 non
461 2219 603 2284 attendit
647 2219 696 2284 Ne
718 2219 868 2285 eiusmodi
891 2219 1016 2300 quidem
1039 2237 1153 2297 graves
1176 2236 1301 2284 errores

218 2327 333 2406 miror,
363 2326 472 2408 quales
500 2344 687 2391 asseverans
715 2333 747 2391 et
767 2326 847 2391 alios
875 2326 968 2390 etiam
995 2326 1153 2407 corrigens
1180 2326 1212 2390 in
1239 2344 1301 2391 uno

218 2434 329 2499 codice
350 2434 413 2499 Eri.
442 2433 608 2498 committit
629 2436 679 2514 (ut
700 2433 843 2514 exempla
870 2452 888 2498 e
914 2451 1014 2514 parva
1040 2440 1132 2514 parte
1158 2433 1229 2497 iibri
1251 2451 1300 2498 se·

219 2542 317 2606 eundi
339 2542 473 2623 sumam)
496 2542 601 2620 11,vs
624 2542 678 2624 (de
700 2545 728 2604 et
749 2541 864 2605 omisso
891 2548 923 2606 et
945 2541 985 2606 de
1007 2539 1155 2622 codar),
1185 2541 1226 2604 79
1248 2541 1301 2622 (de

220 2650 339 2715 omisso
356 2647 466 2726 Siculo,
488 2666 556 2713 cum
576 2648 618 2728 id,
641 2649 726 2730 quod
748 2647 844 2713 habet
860 2648 933 2727 Eri,
956 2667 992 2713 cx
1014 2647 1084 2713 aliis
1106 2645 1249 2729 proferat
1270 2656 1302 2714 et

219 2756 358 2838 probet),
381 2756 424 2822 80
439 2756 484 2838 (in
502 2755 642 2819 amicitias
658 2754 799 2836 tuendis),
822 2756 863 2820 82
879 2754 997 2835 (maias
1013 2754 1132 2836 modis),
1154 2756 1196 2820 95
1214 2760 1302 2835 torpe

219 2863 282 2927 ca‘a'i
307 2883 369 2927 uon
396 2883 470 2941 asse,
500 2864 552 2928 ubi
579 2863 644 2928 Pal.
670 2866 686 2927 1
716 2881 826 2928 errore
853 2863 1110 2944 comprehendit).
1153 2862 1213 2926 Ilia
1239 2862 1301 2926 iam

222 2969 379 3052 foediora,
402 2972 486 3053 quod
509 2990 570 3035 non
594 2970 694 3035 solum
717 2971 820 3034 omnia
843 2968 1018 3048 confundit,
1039 2977 1076 3033 ut
1097 2971 1121 3047 I,
1144 2969 1199 3049 30,
1221 2988 1301 3051 quae

221 3078 320 3142 verba
341 3078 370 3142 in
394 3078 519 3159 optimis
541 3078 697 3143 codicibus
721 3094 782 3141 non
801 3096 870 3142 esse
889 3077 1025 3142 scribere
1043 3076 1185 3156 debebat,
1208 3077 1238 3140 in
1262 3077 1301 3141 iis

222 3203 293 3250 esse
316 3186 455 3266 scripsit,
484 3187 516 3251 in
539 3186 650 3251 ceteris
673 3205 734 3250 non
757 3203 841 3263 esse,
871 3192 903 3249 et
924 3185 1021 3264 quod,
1044 3202 1124 3264 quae
1146 3202 1300 3265 nusquam

221 3291 357 3372 fuerunt,
380 3292 534 3371 confinxit,
557 3301 593 3357 ut
614 3295 655 3358 ad
672 3294 727 3373 III,
743 3295 777 3356 ll
800 3291 893 3372 vulgo
910 3291 970 3373 logi
988 3310 1102 3371 quaero
1120 3298 1152 3355 et
1168 3292 1212 3356 ita
1228 3310 1300 3356 esse

221 3400 253 3463 in
276 3400 339 3464 Eri.
362 3406 394 3465 et
416 3399 512 3482 Spin,
536 3401 622 3481 quod
643 3419 744 3481 neque
764 3401 796 3463 in
820 3400 883 3463 ulia
905 3399 1041 3464 editione
1064 3418 1164 3480 neque
1185 3399 1216 3463 in
1238 3399 1299 3463 iliis

222 3507 379 3572 codicibus
402 3508 550 3589 scriptum
573 3514 629 3572 est.
664 3507 726 3571 Sed
747 3507 800 3571 illa
821 3505 1009 3584 foedissima,
1031 3507 1061 3569 in
1085 3506 1207 3587 quibus,
1230 3524 1299 3570 cum

221 3613 264 3677 ab
292 3614 362 3679 aliis
389 3615 566 3679 admonitus
594 3621 691 3694 esset,
722 3623 756 3678 ut
784 3622 922 3695 caveret,
952 3620 1056 3678 tamen
1085 3621 1194 3694 aperte
1220 3613 1300 3678 falsa

141 3736 146 3746 ·
222 3721 338 3799 scribit,
361 3730 396 3784 ut
417 3721 441 3799 I,
453 3723 493 3786 39
518 3740 587 3786 cum
610 3722 677 3804 ipse
701 3730 864 3786 narrasset
885 3723 915 3786 in
939 3721 1035 3786 Patr
1061 3739 1145 3785 esse:
1167 3741 1220 3783 cccc
1235 3719 1299 3783 alif

215 3847 283 3906 pur
304 3828 469 3906 coarmata,
498 3830 529 3894 in
557 3830 698 3910 margine
721 3807 805 3893 Crat.
827 3832 863 3890 ai
888 3828 952 3891 aiio
973 3848 1055 3909 pars
1076 3827 1240 3904 tramutata,
1268 3834 1299 3891 et

225 3935 341 4000 Davisii
364 3936 573 4001 coniecturam
595 3937 667 4000 inde
689 3944 795 4000 natam
817 3943 1104 4014 commemorasset,
1128 3954 1189 3998 non
1214 3935 1298 4014 vidit,

251 4192 273 4255 ¹)
294 4191 359 4258 [Uno
385 4199 409 4243 ct
431 4195 511 4244 altero
536 4194 592 4243 loco
616 4195 757 4243 Goerenzio
780 4196 902 4243 iniuriam
927 4192 1050 4249 feceram,
1079 4205 1136 4241 meu
1160 4192 1297 4240 collatione

293 4283 370 4328 ulmis
390 4278 481 4338 ndens,
501 4292 553 4328 uno
572 4282 628 4341 ipse
647 4291 743 4328 errans.
779 4279 830 4328 Eos
851 4290 919 4326 nunc
940 4272 1041 4341 delevi]

1074 4375 1090 4412 a
