3030 5086
212 419 254 482 32
602 434 647 479 nn
671 434 801 480 risibus
824 433 895 480 nors.

211 616 343 684 uterque
365 603 509 679 vertisset,
531 620 633 683 pauca
653 602 755 683 primo
776 602 859 667 inter
880 619 937 666 nos
959 602 1000 665 de
1015 600 1137 683 litteris,
1159 620 1297 685 quarum

212 724 364 770 summum
404 714 473 768 erat
510 704 541 768 in
579 714 712 785 utroque
750 704 902 782 studium;
942 704 1055 770 deinde
1092 705 1317 786 Torquatus.-

214 807 368 886 Quoniam
391 807 473 870 nacti
494 814 540 884 te,
567 806 680 885 inquit,
708 824 814 869 snmus
836 806 1006 887 aliquando
1028 807 1178 886 otiosum,
1207 814 1297 871 oerte

213 910 350 986 attaliam,
379 908 450 988 quid
476 908 530 984 sit,
558 908 642 988 qnod
663 907 832 987 Epicurum
855 916 996 971 nostrum
1024 927 1086 973 non
1108 915 1144 973 tu
1165 907 1295 990 qiud·-

174 1011 195 1075 5
214 1010 327 1089 oderis,
349 1018 384 1074 ut
399 1008 464 1073 iere
480 1008 607 1087 iaciunt,
630 1009 683 1089 qui
703 1009 743 1073 ab
766 1026 803 1073 eo
826 1009 1023 1088 dissentiunt,
1045 1010 1103 1075 sed
1125 1018 1213 1075 certe
1230 1026 1297 1073 non
1386 1005 1389 1009 ’

212 1113 336 1193 probes,
358 1130 437 1188 eum,
460 1130 550 1191 quem
573 1129 630 1191 ego
652 1111 790 1175 arbitror
812 1130 908 1175 unum
930 1111 1047 1177 vidisse
1063 1130 1172 1177 nerum
1192 1110 1296 1175 maxi·

213 1215 333 1294 rnisqne
355 1213 514 1277 erroribus
537 1213 656 1276 animos
679 1213 836 1277 hominum
858 1212 1040 1278 liberavisse
1056 1219 1088 1278 et
1103 1212 1211 1278 omnia
1226 1220 1296 1277 tre·

213 1316 344 1392 didisse,
367 1334 448 1396 quae
470 1314 663 1394 pertinerent
684 1315 726 1378 ad
749 1315 826 1379 bene
849 1313 1002 1395 beateque
1023 1314 1206 1393 vivendum3
1235 1312 1297 1381 sed

213 1417 353 1481 existimo
376 1424 416 1493 te,
439 1416 518 1479 sicut
540 1422 680 1480 nostrum
704 1416 870 1494 Triarium,
892 1416 994 1480 minus
1016 1416 1056 1480 ab
1078 1435 1115 1481 eo
1131 1416 1298 1493 delectari,

157 1519 198 1585 to
214 1520 298 1599 quod
319 1518 381 1583 ista
403 1517 555 1595 Platonis,
584 1518 759 1595 Aristoteli,
788 1516 997 1598 Theophrasti
1023 1517 1173 1583 orationis
1196 1534 1295 1583 orna·

288 1660 306 1702 l.
329 1655 427 1718 prr'rrrnm
452 1654 471 1700 L
507 1653 568 1701 inter
589 1670 631 1701 nna
651 1653 727 1716 primo
751 1654 772 1701 ll
810 1652 883 1719 [Post
904 1654 934 1702 de
955 1652 1039 1711 lt'tterr'e
1060 1656 1094 1705 Ν
1120 1653 1209 1703 inserit
1235 1670 1296 1703 enn-

213 1721 317 1788 tnlirnns]
355 1728 377 1771 3,
401 1722 455 1790 [bac
473 1722 557 1772 tuen*
582 1721 627 1770 linc
644 1722 682 1770 dn·
697 1720 744 1788 M]
778 1720 890 1788 [esionam
909 1725 930 1774 Α
947 1730 973 1771 at
990 1724 1026 1771 sie
1044 1720 1150 1789 semper]
1190 1729 1214 1770 4.
1234 1719 1299 1786 qnid

215 1798 270 1855 (pro
287 1790 360 1854 quod)
375 1791 420 1837 Eli
439 1788 559 1855 [on1.A¹]
592 1788 704 1855 [troarnen
723 1790 797 1838 tardor
814 1806 860 1839 nort
878 1796 906 1843 Α.
925 1792 969 1840 sed
988 1790 1063 1839 taliter
1080 1791 1147 1839 linea
1164 1791 1297 1840 subducta

215 1863 296 1923 prima
318 1873 407 1907 manns
431 1858 564 1905 (iciendum
588 1857 749 1923 significarit]
777 1856 857 1925 [quide
875 1858 905 1925 A]
950 1864 972 1909 5.
992 1858 1066 1908 ornias
1084 1862 1141 1923 (pro
1159 1858 1250 1923 oden's)
1270 1858 1296 1907 Ε

213 1931 341 1990 cartesae.
361 1927 388 1974 M
425 1931 448 1979 6,
467 1924 576 1974 ηιαπίηιίε
596 1936 647 1981 (om
675 1929 729 1990 qne)
746 1927 787 1975 Ll’
828 1927 1125 1991 spatiamentum
1162 1932 1200 1977 10.
1224 1924 1298 1994 [quid

214 1997 255 2045 tna·
272 1995 318 2061 4¹]
355 1993 489 2043 Artktotelr's
510 1992 736 2060 [aquintcttor.
772 2004 911 2044 arnarnenta
930 1995 1046 2045 orationt'e
1065 1996 1129 2045 COr.

303 2101 350 2156 l4.
393 2120 462 2172 qnae
493 2101 668 2172 pertinerent)
703 2100 798 2165 Bene,
832 2100 911 2175 qnod
944 2118 1022 2157 nuno
1055 2100 1116 2157 Eri.
1145 2098 1189 2178 [et
1217 2096 1295 2179 AB]

214 2184 362 2241 silentium
387 2184 471 2240 fidem
496 2183 581 2241 facit.
616 2184 658 2240 sie
686 2203 749 2241 esse
777 2184 807 2240 in
830 2186 1001 2243 melioribus
1023 2184 1187 2256 codicibus;
1222 2204 1294 2243 nam

215 2281 243 2326 et
272 2269 337 2326 edd.
365 2281 433 2325 ante
457 2268 632 2326 Gruterum.
666 2280 791 2343 excepta
819 2270 969 2329 Lambini.
1004 2280 1034 2327 et
1056 2270 1173 2328 Davisii
1194 2271 1294 2329 codd..

215 2373 289 2428 qnos
317 2354 380 2429 ipse
407 2363 525 2410 secutus
554 2362 611 2418 est,
646 2362 675 2410 et
703 2353 782 2412 Oxx.
812 2366 929 2429 praeter
953 2356 978 2415 U
1007 2355 1118 2412 habent
1140 2359 1295 2430 pertitnent3

216 2439 309 2497 Gzins
326 2442 490 2514 pertinerent
513 2438 638 2512 scripsit,
662 2439 698 2495 de
721 2438 805 2497 codd.
830 2449 916 2496 tacet.

300 2528 386 2579 minata
418 2525 452 2579 ab
485 2543 514 2579 eo
548 2526 689 2596 delectari)
717 2524 971 2598 Praepositionem
1005 2523 1175 2581 abiecerunt
1202 2523 1295 2585 Victa

216 2610 313 2666 Man..
337 2608 453 2667 Lamb..
477 2617 581 2681 postea
604 2608 759 2665 Davisius.
783 2609 832 2682 aqui
856 2627 873 2665 a
897 2610 979 2665 Parr.
1007 2606 1068 2681 1(?)
1091 2618 1119 2665 et
1144 2608 1162 2665 3
1184 2608 1295 2667 abesse

215 2694 300 2759 dieit;
329 2692 422 2749 Oxx..
445 2711 510 2748 oum
534 2694 563 2749 in
587 2701 670 2749 textu
693 2693 875 2750 omitterent.
899 2702 1012 2750 tantum
1036 2691 1073 2749 e'x
1094 2687 1128 2769 χξ
1150 2712 1215 2750 eam
1239 2711 1294 2751 an·

215 2786 362 2835 notarunt.
407 2776 529 2836 Gruteri
558 2788 588 2833 et
610 2776 679 2836 Gaii
707 2778 789 2835 codd.
819 2796 921 2835 omnes
948 2786 1058 2834 tenent.
1103 2776 1294 2853 Comparatio

215 2863 321 2920 ceteris
343 2862 429 2919 loeis.
457 2862 508 2918 ubi
537 2862 579 2918 sio
601 2862 709 2919 dicitnr
731 2862 812 2931 (Div.
835 2862 865 2919 in
889 2861 975 2921 Caee.
1000 2864 1056 2918 44:
1083 2865 1160 2919 enine
1181 2882 1228 2937 eqo
1250 2868 1293 2921 in·

213 2952 318 3022 peninar
339 2951 379 3004 ita
399 2949 495 3021 preda
524 2958 553 3003 nt
581 2968 620 3003 me
641 2949 676 3003 ab
698 2967 727 3004 eo
748 2948 877 3003 delectari
890 2950 1005 3022 jaeilina
1026 2966 1110 3021 qrram
1131 2949 1221 3023 decim
1237 2968 1292 3024 prr·

215 3045 265 3090 tem
290 3052 383 3107 posse.
418 3032 466 3088 ubi
501 3032 613 3105 aliquid
647 3032 682 3088 ad
711 3032 787 3088 hano
813 3030 938 3089 formam
967 3032 1132 3107 eligendam
1161 3033 1292 3092 valuisse

215 3118 331 3173 videtur
348 3117 493 3173 adiectum
513 3119 613 3191 clarabat
636 3116 718 3175 Orat.
735 3116 808 3173 195:
831 3120 944 3174 alternam
962 3120 1040 3174 airrrr's
1056 3128 1097 3174 est
1113 3121 1226 3175 vinctam
1242 3152 1291 3181 -,

129 3240 134 3249 -
215 3205 327 3258 alterurn
339 3205 416 3257 alaris
427 3204 586 3259 (liseolntnrn
598 3235 647 3257 —.
662 3211 691 3257 at
702 3202 736 3257 ab
748 3204 832 3258 altero
842 3222 893 3259 non
905 3204 1042 3267 delectere,
1059 3204 1173 3259 alteram
1184 3205 1291 3265 oderis:

215 3285 315 3364 [lirnt.
332 3287 405 3342 193:
423 3290 518 3359 variana
534 3307 552 3341 a
568 3288 696 3343 aredr'ocrr'
768 3296 874 3343 aratore
890 3285 1066 3364 delectatam]
1089 3287 1172 3346 dett.
1185 3289 1292 3353 P.111,

217 3374 271 3427 42:
294 3372 488 3443 siqrnfiettlrant.
511 3372 546 3427 ab
568 3391 597 3427 ea
614 3372 737 3446 (Laelio)
755 3390 783 3428 se
804 3391 862 3429 ease
882 3374 1027 3429 Mmodnm
1043 3374 1207 3446 delectatos),
1230 3375 1292 3449 pri·

217 3476 293 3512 nrum
305 3456 392 3512 facile
404 3464 536 3531 apparet.
554 3474 612 3511 non
630 3466 742 3513 rectum
757 3475 830 3513 esse.
848 3457 927 3530 quod
938 3457 968 3514 in
982 3456 1047 3514 loco
1061 3455 1196 3516 Oratoris
1208 3460 1292 3517 Han·

216 3541 281 3597 dius
304 3540 403 3615 (Turs.
425 3542 485 3615 lp.
500 3542 562 3612 26).
585 3539 692 3599 Gaium
717 3560 852 3615 sequens,
875 3541 1026 3617 ascripsit:
1049 3542 1084 3598 ab
1105 3545 1192 3600 altera
1211 3554 1294 3619 parte

212 3629 356 3700 probitatis.
388 3643 453 3681 cum
481 3626 523 3681 ibi
552 3626 609 3682 duo
633 3626 853 3699 componendae
876 3627 1018 3683 orationis
1046 3646 1156 3702 genera
1183 3628 1293 3686 deseri-

215 3711 336 3781 bnntur,
370 3728 493 3783 quorum
522 3710 646 3766 alterum
676 3710 898 3768 delectationem
927 3710 1046 3775 afferat,
1080 3712 1203 3769 alterurn
1232 3732 1292 3771 uon

216 3794 327 3851 afferat.
372 3795 487 3852 Deinde
510 3795 700 3870 intellegitur.
723 3796 824 3852 addita
846 3797 1065 3872 praepositione
1089 3798 1182 3874 magis
1201 3798 1293 3874 signi·

215 3880 295 3936 ficari
320 3891 429 3937 mamm
453 3881 580 3954 aliquem
609 3892 638 3936 et
667 3880 812 3938 actionem
841 3880 968 3939 hominis
996 3890 1047 3938 aut
1068 3882 1111 3938 rei
1135 3901 1188 3939 nos
1211 3894 1293 3942 certo

217 3975 347 4039 tempore
369 3966 468 4039 aliquo
491 3965 579 4022 modo
599 3965 769 4031 afficientis3
792 3965 893 4040 itaque
915 3968 1031 4023 delector
1052 3968 1143 4041 aliquo
1166 3976 1210 4024 est
1226 3969 1293 4027 uui-

216 4068 314 4105 verse:
334 4051 434 4125 probo,
454 4053 544 4125 placet
567 4051 643 4118 rrribi;
667 4051 782 4105 delector
803 4060 900 4106 autem
924 4052 958 4107 ab
981 4053 1072 4125 aliquo
1094 4060 1153 4109 est:
1176 4054 1293 4111 delecta·

217 4138 339 4191 tationem
361 4137 426 4192 anila
447 4136 559 4208 (aliquo
582 4134 722 4209 temporis
747 4138 905 4208 momento)
925 4140 1010 4210 parnt.
1051 4136 1087 4192 Id
1111 4138 1239 4195 maxime
1262 4138 1291 4196 in

218 4218 282 4275 loeo
316 4220 350 4276 de
379 4222 415 4277 R.
439 4221 473 4277 P.
503 4230 639 4294 apparet.
674 4219 723 4275 ubi
752 4221 932 4294 praepositio
960 4221 1055 4277 omitti
1089 4222 1171 4279 nullo
1205 4232 1291 4298 paeto

218 4305 330 4377 ροῐιιίῐς
352 4306 540 4378 nequeenim
559 4305 772 4378 significabant.
798 4303 890 4361 ltaelii
909 4314 1043 4361 naturam
1062 4306 1118 4362 sibi
1137 4307 1292 4382 placuisse.

303 4389 452 4457 Aristotelii
476 4392 560 4446 llanc
589 4389 712 4445 formam
740 4390 868 4464 genetivi
893 4390 953 4446 Erl.
982 4399 1012 4447 et
1039 4389 1086 4447 hio
1114 4392 1237 4465 praebet
1263 4403 1291 4449 et

218 4476 254 4535 V.
288 4476 324 4532 1⁶2
353 4484 383 4531 et
409 4476 459 4544 14,
494 4474 529 4529 ad
564 4492 651 4547 qnam
686 4492 751 4530 enm
786 4475 876 4531 sernel
909 4477 959 4546 (V,
987 4476 1036 4547 12)
1071 4474 1165 4533 Gzius
1197 4486 1292 4534 utten-
