3030 5086
472 384 516 431 uu
539 383 619 431 usn.
642 382 706 430 nra.
729 384 741 430 1
763 384 1045 447 car.1-2.(e-r.)
1119 440 1123 448 ,
1260 369 1298 432 ll

216 553 301 633 (non
333 553 415 618 enim
447 551 534 617 illum
570 552 612 618 ab
650 552 818 631 Industria,
858 552 914 617 sed
947 551 986 616 ab
1020 551 1161 618 illiberali
1194 553 1301 619 labore

218 656 390 736 deterret),
424 654 469 721 sic
500 654 552 720 isti
586 653 715 732 curiosi,
756 671 835 735 quos
868 653 997 718 offendit
1035 662 1142 719 noster
1174 655 1301 720 minime

218 758 314 824 nobis
335 757 520 822 iniucundus
542 756 640 821 labor.
1260 836 1265 841 ἰ

309 860 349 925 IL
370 860 400 923 4.
443 859 488 924 lis
509 858 605 938 igitur
627 867 677 924 est
698 856 1072 942 difficiliuslsatisfacere,
1100 860 1153 939 qui
1182 877 1215 923 se
1236 860 1300 924 La·

220 961 291 1026 tina
311 961 429 1041 scripta
451 961 558 1026 dicunt
574 967 779 1026 contemnere.
814 961 849 1024 In
872 959 985 1041 quibus
1008 960 1067 1026 hoc
1088 960 1223 1040 primum
1242 968 1299 1039 est,
1322 963 1343 1027 5

225 1169 326 1298 [mh
344 1163 408 1300 {1me
434 1163 494 1213 entia
523 1164 543 1212 L
570 1162 636 1213 ilium
662 1164 685 1213 R
730 1169 751 1214 3.
780 1163 880 1214 ostendit
907 1164 930 1212 E
976 1173 998 1215 4.
1026 1164 1062 1213 tis
1092 1162 1299 1231 [amurcam.

216 1439 309 1514 cipue
331 1438 442 1515 specie,
470 1458 564 1515 genus
591 1450 689 1497 tamen
717 1439 858 1514 relinqui3
886 1439 937 1496 sed
966 1451 1063 1497 tamen
1087 1459 1144 1496 non
1167 1459 1234 1497 raro
1258 1440 1301 1497 di·

216 1535 303 1583 recto
330 1524 512 1600 significatur
538 1544 598 1582 una
620 1525 720 1601 aliqua
742 1543 789 1581 res
813 1524 916 1581 minor.
966 1524 1026 1598 Qui
1049 1526 1126 1582 enim
1149 1532 1247 1600 potest
1270 1525 1300 1581 in

216 1608 358 1668 Caesaris
380 1610 488 1682 locum,
511 1628 598 1684 quem
615 1610 752 1668 Handius
769 1610 850 1669 citat.
873 1610 908 1667 B.
921 1608 960 1668 G.
972 1611 1012 1671 II.
1026 1611 1065 1667 33
1089 1610 1199 1667 includi
1217 1609 1300 1678 illud,

218 1713 281 1769 quo
297 1695 397 1761 utitur.
420 1698 533 1765 alumno,
550 1695 607 1753 nisi
620 1697 762 1771 praesidia
781 1696 913 1752 deducere
929 1695 1042 1771 species
1060 1696 1117 1752 erit
1133 1696 1302 1768 iudib'qeuter

217 1778 368 1837 semodi?
401 1780 465 1838 Nec
482 1799 552 1839 sane
569 1781 647 1856 apud
665 1780 821 1839 Horatium
836 1779 897 1839 Sat.
910 1780 934 1850 Ι,
949 1781 976 1843 3,
992 1780 1051 1837 133
1069 1778 1149 1837 iama
1166 1797 1301 1837 nummos

218 1876 250 1922 et
273 1884 382 1941 pagam
404 1866 619 1942 complectitur.
654 1867 799 1930 Perverse
823 1875 921 1922 autam
944 1864 974 1921 in
987 1866 1092 1924 Horat.
1105 1865 1202 1940 Epist.
1215 1866 1257 1935 ΙΙ,
1272 1867 1300 1935 2,

222 1952 283 2008 127
307 1950 463 2009 delectatio
485 1950 593 2008 dicitur
609 1969 673 2009 esse
691 1951 804 2026 species
826 1949 978 2019 fallaciae3
1001 1968 1068 2007 nam
1085 1952 1187 2024 saliere
1210 1950 1302 2007 mani·

218 2034 329 2094 festum
351 2045 396 2092 est
423 2036 466 2093 ibi
493 2035 565 2105 dici,
594 2055 669 2111 quae
692 2055 751 2094 non
774 2019 1047 2093 animadvertantur
1069 2045 1099 2092 et
1120 2037 1301 2112 ignorentur,

220 2139 283 2180 non
305 2138 380 2194 qnae
403 2120 560 2196 decipiant.
611 2123 780 2187 Postremo,
810 2121 836 2178 si
863 2123 977 2195 derrique
1004 2140 1063 2179 non
1086 2121 1232 2178 interdum
1257 2130 1302 2177 est

220 2216 304 2277 certe,
328 2206 397 2280 quid
420 2207 470 2263 liet
493 2206 594 2277 Livio,
618 2208 668 2282 qui
691 2208 751 2277 IV,
776 2206 831 2277 55,
857 2206 874 2263 ὃ
898 2206 1031 2281 scripsit:
1060 2210 1166 2275 tentati,
1195 2216 1225 2263 ut
1247 2216 1301 2262 tura

220 2293 337 2366 denique
352 2292 508 2349 desisterent
523 2294 692 2368 impediendo
710 2293 784 2362 bello,
808 2292 911 2361 idest,
935 2291 991 2349 hoc
1014 2292 1117 2348 saltem
1142 2302 1200 2348 tam
1225 2291 1301 2367 peri·

221 2376 324 2433 culoso
352 2374 503 2452 tempora?
555 2376 645 2454 [nde.
671 2377 732 2437 cic.
762 2377 800 2433 ad
822 2377 905 2433 Fam.
928 2377 971 2445 V,
1006 2378 1059 2445 16,
1084 2378 1118 2447 3,
1148 2378 1234 2434 Rhet.
1264 2376 1301 2432 ad

221 2461 295 2518 Har.
316 2461 376 2531 IV,
401 2461 437 2530 8,
465 2463 552 2522 Asin.
576 2463 606 2520 in
629 2482 675 2538 ap.
698 2462 735 2519 ad
758 2462 840 2519 Fam.
863 2463 909 2529 X,
935 2462 989 2530 33,
1014 2459 1059 2538 in]
1111 2463 1175 2520 Nec
1202 2456 1311 2518 tamen'

221 2545 351 2603 dubitari
373 2556 485 2622 potest,
509 2549 581 2622 quin
603 2547 708 2607 Cicero
724 2550 803 2621 serre
824 2547 971 2623 posuerit,
995 2548 1057 2605 sive
1079 2548 1121 2604 ita
1143 2547 1301 2605 Terentius

220 2631 341 2707 scripsit
362 2631 424 2689 sire
446 2651 505 2690 non
528 2633 656 2710 scripsit.
689 2633 794 2692 Cicero
816 2633 907 2708 igitur
923 2633 953 2689 in
971 2651 1028 2690 nno
1046 2652 1133 2690 versu
1150 2633 1301 2690 recitando

220 2735 282 2773 non
315 2717 387 2774 satis
419 2717 579 2775 attendisse
607 2719 724 2776 videtur·
757 2717 793 2774 ad
827 2718 1063 2775 coniunctionem
1092 2736 1196 2775 vocum
1223 2720 1302 2790 serre

222 2803 337 2877 denique
368 2811 418 2858 aut
452 2803 551 2878 potins
579 2804 617 2861 ad
649 2804 746 2879 ipsum
773 2807 865 2877 serre,
899 2813 927 2860 et
961 2803 990 2860 id
1024 2813 1174 2878 tamquam
1205 2802 1302 2860 minna

222 2886 382 2962 accepisse.

307 2971 418 3049 cumeae)
431 2973 573 3048 Apertius
590 2973 619 3029 h.
637 2973 655 3030 l.
674 2984 703 3031 et
715 2974 756 3044 ΙΙ,
771 2973 810 3030 28
828 2972 900 3030 haec
918 2992 977 3030 vox
994 2973 1024 3029 in
1042 2973 1301 3048 reprehensionem

222 3057 363 3126 trahitur,
398 3047 450 3131 τὴν
482 3043 771 3133 πολυπραγμοσύνην
804 3059 955 3114 hominum
988 3058 1100 3115 alienas
1134 3077 1181 3115 res
1214 3057 1302 3114 nimis

223 3143 387 3200 curantium
410 3142 587 3217 significans,
611 3161 698 3217 quam
718 3143 757 3201 N.
772 3144 809 3200 D.
829 3143 852 3205 Ι,
875 3145 912 3199 10
936 3140 1080 3220 (eumacius
1098 3164 1180 3219 quum
1197 3162 1302 3200 roeceaee

223 3226 276 3304 eet)
298 3226 364 3305 [aut
386 3225 444 3285 Off.
470 3228 494 3297 I,
522 3226 607 3302 tum,
636 3226 689 3285 cir.
715 3226 836 3286 Sveton.
862 3231 941 3304 Aug.
969 3229 1006 3286 27
1031 3228 1167 3305 (curiosus
1195 3239 1219 3285 et
1240 3247 1301 3304 ape·

222 3310 348 3392 culotor).
380 3312 458 3369 Nam
483 3311 685 3386 Quintilianus
704 3314 792 3378 VIII,
817 3315 845 3383 3,
870 3315 908 3371 35
933 3312 977 3391 (art
998 3334 1016 3370 a
1038 3317 1159 3388 diligenti
1179 3316 1301 3371 curioaue

222 3409 247 3456 et
268 3419 285 3455 a
307 3400 431 3471 reiiqione
452 3401 605 3473 superstitio
627 3396 724 3476 dietat)
747 3400 835 3456 aliam
859 3399 1058 3455 curiositatem
1082 3399 1236 3474 intellegit.

307 3482 380 3558 Cap.
409 3483 455 3553 II,
485 3485 513 3539 4.
568 3483 608 3541 Iie
636 3478 718 3556 ipitur
750 3495 790 3541 est
818 3483 970 3561 difficilius)
1004 3485 1080 3542 Nam
1115 3485 1301 3559 superiorum

223 3568 422 3626 curiositatem
445 3569 526 3625 nullo
549 3578 723 3644 argumento
747 3570 891 3627 utentium
914 3569 1002 3626 facile
1024 3579 1087 3625 erat
1104 3570 1152 3626 vel
1170 3569 1301 3626 docendo

222 3654 269 3711 rel
292 3653 473 3729 neglegendo
496 3653 628 3723 vincere;
653 3654 681 3711 hi
706 3655 885 3729 pertinacius
903 3655 1066 3730 urguebant
1083 3665 1112 3711 et
1129 3654 1300 3730 speciosius.

223 3738 333 3796 Eodem
356 3738 444 3796 modo
467 3738 571 3797 Cicero
593 3737 760 3796 fabularum
784 3741 922 3814 exemplo
945 3739 1055 3797 refellit
1077 3758 1137 3808 eos,
1162 3740 1210 3813 qui
1235 3758 1301 3795 ora·

223 3824 317 3881 tiones
339 3822 472 3882 Graecas
495 3842 582 3898 qnam
606 3824 711 3882 Latina
735 3843 893 3882 conversas
915 3825 1013 3900 legere
1036 3824 1149 3894 malint,
1181 3825 1216 3881 de
1240 3835 1300 3898 opt.

224 3928 291 3986 gen.
315 3918 391 3968 erat.
420 3910 467 3967 18.

306 3995 411 4051 Lentim
432 3992 549 4071 sumpto)
578 3995 677 4052 Latine
701 4014 758 4070 mg.
783 3993 864 4054 Crat.
888 4004 917 4052 et
939 3995 1003 4052 eod.
1028 3994 1121 4062 Vict,
1151 3994 1301 4068 ediditque

222 4079 398 4147 barnoinum
426 4079 478 4136 sad
500 4078 556 4136 hoc
584 4080 771 4155 participium
800 4080 842 4136 sic
869 4080 899 4136 in
928 4080 1144 4137 substantivum
1174 4079 1300 4149 transiit,

222 4175 263 4234 ut,
286 4165 311 4222 si
334 4173 483 4238 tamqnam
507 4164 664 4240 participio
686 4165 858 4222 adverbium
878 4166 1058 4234 adiunxeris,
1082 4164 1163 4221 aliud
1186 4164 1300 4221 intelle·

222 4258 317 4326 gatur,
340 4268 388 4306 res
411 4249 515 4307 Latine
539 4249 634 4308 dictae
658 4262 687 4306 et
711 4250 801 4306 verba
822 4260 902 4308 reete
925 4259 954 4307 et
978 4251 1082 4308 Latine
1106 4250 1211 4325 posita,
1241 4268 1300 4306 non

224 4335 290 4392 libri
314 4335 422 4392 Latini.
