3030 5086
197 454 261 520 448
584 474 630 519 nu
652 473 784 522 ruueus
806 474 878 522 nou.

198 649 255 707 aut
280 639 348 705 fore
370 641 529 719 videntur,
556 641 647 707 huius
675 640 809 707 officium
836 647 886 708 est
912 644 1016 708 evita
1041 643 1201 709 excedere.
1245 639 1275 705 E

198 760 261 824 que
282 751 433 823 apparet,
455 748 486 808 et
508 742 660 824 sapientis
682 762 753 809 esse
774 743 944 826 aliquando
966 742 1100 810 officium
1122 745 1277 811 excedere

199 845 301 923 evim
319 862 387 908 cum
405 845 515 910 beatus
532 845 581 923 sit
598 854 629 910 et
644 845 732 911 stulti
748 864 875 912 manere
890 846 922 910 in
934 846 1008 926 vita,
1026 865 1095 912 cum
1111 845 1154 912 sit
1168 845 1276 911 miser.

199 948 249 1012 61.
272 946 353 1010 Nam
372 944 487 1010 bonum
503 946 580 1011 illud
597 954 629 1011 et
645 947 767 1027 malum,
790 949 874 1030 quod
891 967 986 1030 ssepe
1002 949 1064 1013 iam
1082 947 1198 1014 dictum
1216 952 1277 1026 est,

160 1040 181 1114 5
198 1056 310 1130 postes
331 1049 545 1128 consequitur3
568 1048 670 1129 prima
691 1056 794 1114 autem
817 1051 870 1114 illa
891 1057 1031 1130 naturae,
1053 1051 1120 1116 sive
1136 1051 1278 1116 secunde

199 1152 266 1216 sive
288 1149 459 1227 contraria,
489 1151 547 1215 sub
574 1149 721 1215 iudicium
743 1152 896 1232 sapientis
918 1159 951 1218 et
976 1152 1122 1217 dilectum
1149 1152 1278 1231 cadunt,

199 1261 309 1335 estque
330 1253 383 1316 illa
405 1251 544 1317 subiecta
561 1253 650 1333 quasi
668 1254 798 1318 materia
816 1254 996 1336 sapientiae.
1030 1256 1141 1334 Itaque
1157 1261 1190 1319 et
1207 1272 1277 1318 ma·

199 1355 291 1421 nendi
312 1355 344 1418 in
367 1353 433 1418 vita
454 1362 485 1418 et
506 1354 661 1434 migrandi
683 1355 763 1420 ratio
781 1356 881 1421 omnis
899 1356 937 1421 iis
953 1356 1057 1436 rebus
1081 1374 1159 1437 quas
1176 1373 1278 1436 supra

273 1555 502 1624 1,ιΙοιιιέα[Α]Ε
555 1574 652 1620 aquo
675 1557 794 1609 LPMCR
851 1565 873 1609 9.
897 1559 1067 1624 appareretli
1118 1557 1277 1623 soptkmt'css

200 1626 346 1746 mappa
357 1626 387 1743 (ᾖ
424 1631 445 1675 6.
465 1633 567 1674 notares
585 1626 674 1675 om.L
720 1632 740 1676 7.
760 1627 898 1676 moterieE
942 1634 965 1676 8.
985 1627 1088 1676 omnihus
1107 1625 1275 1677 ELPMCOr.

287 1871 336 1926 61.
365 1869 440 1941 qaod
466 1886 546 1941 saepe
572 1870 626 1923 iam
653 1869 826 1941 dictumest)
849 1867 953 1923 saltem
976 1867 1036 1938 bis,
1065 1872 1080 1938 5
1104 1868 1143 1925 tl
1168 1875 1199 1924 et
1224 1867 1274 1926 22.

200 1955 295 2012 Paulo
319 1962 385 2027 post
406 1955 516 2009 matera
537 1956 683 2027 sapientiae
705 1953 793 2008 etiam
807 1952 885 2028 Spir.
904 1949 970 2029 [B]‚
994 1952 1023 2008 in
1046 1971 1105 2028 qua
1127 1951 1276 2026 scriptura

199 2037 358 2115 significari
380 2041 512 2107 materies,
535 2038 628 2094 sensit
644 2036 753 2108 Gzlus3
776 2036 828 2094 cfr.
851 2037 1007 2112 Zumptius
1029 2038 1066 2095 ed
1089 2039 1176 2096 Verr.
1190 2038 1232 2104 ΙΙ,
1246 2039 1274 2108 7,

199 2124 250 2198 qui
268 2124 304 2181 ad
323 2123 535 2180 nominativum
554 2122 753 2180 accusativum
772 2123 931 2197 adiungere
948 2122 1084 2192 debebat,
1107 2122 1188 2197 quod
1205 2120 1275 2180 fecit

200 2209 313 2265 edendo
335 2209 376 2274 11,
401 2208 435 2277 9,
458 2225 517 2265 nou
539 2225 605 2265 cum
628 2207 775 2284 genetivo,
799 2207 908 2276 dativo,
931 2206 1062 2265 ablativo
1085 2207 1273 2283 coniungere,

201 2303 233 2350 ut
259 2292 331 2350 iecit
359 2293 395 2348 ed
419 2294 455 2362 V,
480 2292 530 2350 80.
576 2293 635 2351 Sed
657 2292 758 2349 nocuit
779 2291 929 2368 praecepti
952 2293 1070 2349 veritati
1093 2292 1274 2350 consuetudo

200 2397 292 2454 preve
319 2377 518 2434 accusativum
554 2378 631 2434 inter
663 2395 748 2434 casus
781 2379 917 2452 obliquos
951 2378 1087 2452 ponendi.
1132 2379 1273 2435 Materiam

200 2463 339 2520 scribitur
355 2462 393 2518 ad
410 2462 482 2518 Fam
507 2461 565 2530 ΙΙΙ,
580 2465 607 2532 6,
622 2466 640 2518 4
658 2463 687 2518 iu
705 2462 768 2519 cod.
783 2463 871 2532 Meu,
892 2471 921 2519 et
939 2481 993 2538 pro
1006 2462 1069 2519 Mil.
1083 2462 1122 2519 36
1140 2461 1271 2520 codicum

200 2547 263 2605 Eri.
286 2557 315 2604 et
338 2548 411 2605 Bav.
441 2546 602 2604 auctoritas
623 2566 689 2604 cum
713 2547 862 2604 codicibus
885 2547 1096 2620 Quintilianeis
1118 2546 1274 2605 coniuncta

200 2642 331 2708 praestat
342 2632 407 2689 cod.
421 2630 622 2706 palimpsesto;
640 2629 668 2712 [5
683 2633 723 2689 74
734 2633 943 2708 palimpsestus
953 2632 1018 2708 ipse
1029 2635 1165 2689 maurinu
1175 2631 1270 2691 habet.

200 2719 260 2776 Pro
279 2718 363 2774 Rose.
381 2718 450 2774 Am.
476 2725 508 2772 ut
526 2723 648 2774 materies
665 2722 680 2787 ξ
699 2717 748 2787 89,
772 2718 814 2775 sie
833 2718 871 2774 39
889 2726 919 2774 et
937 2719 977 2776 75
996 2717 1041 2774 his
1058 2719 1180 2774 lacarias
1196 2727 1272 2774 reete

199 2820 286 2873 casu,
315 2804 424 2858 Ιαααιια
447 2802 578 2858 ablativo
603 2801 735 2876 ponitur3
765 2804 816 2860 sed
839 2804 969 2860 barbaria
996 2802 1179 2860 nominativo
1207 2818 1272 2860 casu

200 2888 288 2947 catil.
311 2887 370 2956 ΙΙΙ,
395 2887 443 2953 ἳὸ,
467 2905 521 2961 pro
543 2888 635 2945 Arch.
663 2887 710 2955 19,
734 2888 864 2964 Philipp.
887 2888 929 2959 ΙΙ,
958 2888 1026 2947 108.
1071 2888 1177 2961 Itaque
1199 2902 1272 2943 nunc

199 2973 260 3030 Erl.
272 2982 302 3030 et
314 2971 392 3046 Spir.
405 2980 508 3028 eontra
520 2973 549 3029 Α
561 2972 644 3046 sequi
662 2973 753 3029 nolui.
787 2975 883 3029 Primo
900 2984 1016 3031 naturae
1026 2973 1081 3030 hoc
1097 2971 1174 3042 loco,
1192 2970 1272 3046 quasi

199 3059 355 3135 ancipitis,
383 3057 502 3114 secundo
528 3066 553 3114 et
579 3061 716 3114 contraria
738 3059 890 3127 dicuntum
924 3059 997 3116 alibi
1024 3075 1140 3132 semper
1161 3064 1272 3113 tautum

199 3144 229 3200 in
252 3143 403 3200 meliorem
427 3150 551 3216 partem,
576 3152 607 3199 ut
630 3142 729 3217 potius
752 3144 907 3201 dicendum
927 3141 1031 3200 fuerit:
1049 3146 1141 3218 prime
1162 3151 1274 3198 naturas

198 3232 284 3302 iisque
304 3222 467 3304 contraria]

286 3312 382 3385 Itaque
403 3322 428 3368 et
449 3313 607 3368 manendi
596 3331 623 3368 ιιι
645 3314 702 3368 vita
723 3323 749 3369 ct
770 3315 909 3386 miqrandi
923 3316 994 3370 ratio
1011 3313 1078 3382 cet.)
1096 3313 1181 3369 Haec
1201 3310 1275 3369 Stoi·

199 3415 301 3454 corum
325 3395 471 3454 sententia
499 3397 658 3494 exponitur
687 3398 764 3471 apud
790 3397 951 3457 Stobaeum
975 3397 1037 3456 Ecl.
1061 3396 1128 3454 Eth.
1152 3415 1181 3471 p
1202 3395 1276 3453 226.

200 3470 285 3536 Φασὶ
313 3475 348 3537 δι
371 3496 444 3537 ποτε
471 3499 520 3536 και
546 3471 599 3555 τὴν
630 3472 813 3556 tgayeyip’
798 3501 829 3539 εκ
851 3478 908 3538 τοῦ
929 3476 995 3557 βίου
1018 3483 1082 3546 τοῖς
1103 3473 1278 3544 σπουδαίοις

198 3550 393 3658 καθηκόντως
405 3564 581 3636 (addendum
599 3559 776 3663 γίγνεσθαι)
776 3584 856 3622 κατα
846 3557 999 3632 stelione
1008 3582 1148 3641 sporrone
1166 3565 1231 3628 τοῖς
1247 3551 1277 3619 δε

198 3637 380 3719 φαύλοις
348 3667 400 3724 την
422 3638 514 3722 μονὴν
537 3642 566 3705 ἐν
582 3648 625 3720 τῷ
645 3644 704 3723 ζῆν,
726 3641 776 3707 καὶ
794 3642 823 3705 α’
838 3670 879 3723 μη
868 3639 1027 3722 μέλλοιεν
1045 3643 1172 3705 ἔσεσθαι
1189 3638 1281 3745 oomni

198 3733 431 3809 (imperitissime
444 3734 610 3791 Heerenius
625 3735 689 3798 τοῖς
711 3725 743 3791 δὲ
760 3722 891 3807 φαύλοις
913 3725 1001 3832 prii
1007 3725 1059 3808 τὴν
1080 3723 1174 3829 μονὴν
1192 3723 1222 3786 a’r
1239 3725 1279 3802 τῷ

199 3815 265 3915 Cp,
289 3819 372 3892 quasi
395 3818 488 3878 Stoici
511 3837 604 3895 genus
626 3819 786 3877 humanum
812 3818 941 3887 tollant)·
966 3835 1033 3876 nera
1055 3808 1110 3893 γὰρ
1133 3807 1187 3891 τὴν
1210 3807 1280 3888 αἰρε-

196 3920 251 3976 cm
274 3898 403 3978 κατέχειν
427 3897 455 3959 ἕο
477 3902 520 3975 τῷ
543 3899 593 3978 ζῆν
616 3891 683 3959 οὔτε
704 3896 756 3980 τὴν
780 3895 889 3958 κακίαι
913 3888 1058 3976 ἐκβαλλειν
1080 3904 1162 3977 (nam
1187 3917 1282 3975 neque

197 3987 338 4044 virtutem
362 3989 488 4045 retinere
512 3988 540 4044 in
565 3989 627 4045 vita
648 4006 714 4058 eos,
744 3988 800 4064 qui
833 4004 896 4042 eam
918 3987 1058 4055 habeant,
1086 4004 1185 4060 neque
1213 3984 1284 4043 insi·

196 4071 340 4172 pientiam
363 4081 393 4129 et
414 4072 626 4147 turpitudinem
650 4072 744 4133 eicere
761 4071 938 4132 necessario
954 4090 1012 4141 eos,
1034 4071 1084 4144 qui
1107 4071 1286 4140 meamet,

196 4158 273 4215 mire
297 4157 368 4213 haec
391 4158 470 4233 apud
490 4158 668 4216 Heerenium
686 4165 869 4226 vertuntur,
890 4155 957 4249 qui
954 4155 1059 4211 veteris
1077 4155 1288 4257 philosophiae

195 4241 313 4338 plane
306 4260 424 4338 rgparus
442 4242 480 4299 ad
494 4242 652 4302 Stobaeum
668 4246 839 4315 accessit)
854 4240 915 4305 τοῖς
931 4228 959 4294 δε
975 4223 1140 4333 καθηκθϋσι
1157 4260 1208 4299 και
1224 4242 1289 4304 τοις

196 4316 282 4402 παρὰ
310 4316 345 4380 τὸ
373 4323 506 4401 καθῆκον
533 4332 711 4405 μετρεῖσθαι
737 4322 806 4409 τήν
847 4341 877 4380 τε
880 4313 972 4395 ζωὴν
998 4311 1044 4376 καὶ
1065 4312 1118 4376 τὸν
1141 4313 1291 4382 θάνατοι.

196 4409 378 4468 Plutarchus
401 4411 436 4467 de
460 4410 550 4469 Stoic.
574 4415 708 4497 Repugn.
734 4425 774 4483 14
819 4431 861 4487 p
882 4406 954 4464 1939
975 4405 999 4461 E
1018 4403 1177 4481 Chrysippi
1200 4408 1295 4468 verbu
