3030 5086
370 494 414 540 nn
436 494 517 540 nan.
539 494 601 540 nra.
624 494 659 541 ru
681 493 753 541 can.
779 497 884 561 ιο-ιι.
899 493 1031 557 (ee-20.)
1173 474 1237 541 519

251 663 304 727 XI.
332 664 401 743 Age
427 662 583 727 nunciati
604 663 751 741 doceant,
778 662 828 728 vel
854 671 889 726 tu
915 662 1021 743 potius
1048 662 1133 746 (quis
1155 662 1238 728 euim

166 765 229 829 ista
249 765 407 845 maiust),
436 782 570 845 quonam
597 766 691 830 modo
711 766 752 829 ab
779 765 889 831 iisdem
917 764 1078 847 principiis
1104 762 1238 846 proiecti

167 865 321 945 efficiatis,
345 878 383 947 ut
409 867 538 931 honeste
559 867 664 933 vivere
685 867 731 947 (id
758 874 808 931 est
833 867 914 932 enirn
935 867 984 931 vel
1012 885 1030 931 e
1051 867 1166 932 virtute
1187 866 1238 933 vel

167 977 298 1034 naturae
320 980 525 1050 congruenter
547 969 664 1050 vivere)
683 987 837 1034 summurn
853 969 966 1034 bonum
983 969 1033 1048 sit
1054 976 1087 1035 et
1103 987 1237 1052 quonam

166 1073 258 1137 modo
280 1079 336 1136 aut
356 1090 417 1152 quo
434 1071 501 1135 loco
520 1088 634 1152 corpus
656 1070 758 1135 subito
779 1071 981 1136 deserueritis
1003 1071 1168 1152 omniaque
1189 1088 1237 1150 ee,
1254 1071 1278 1138 5

166 1194 256 1256 quae,
273 1174 443 1238 secundum
459 1181 602 1238 naturam
621 1191 690 1238 cum
706 1171 777 1251 sint,
794 1173 899 1238 absint
913 1192 934 1238 a
949 1180 1057 1239 nostra
1072 1177 1239 1255 potestate,

166 1278 268 1358 ipsum
287 1277 420 1356 denique
437 1272 580 1340 officium.
615 1277 738 1354 Quaero
754 1275 858 1358 igitur,
881 1276 1036 1357 quomodo
1053 1275 1114 1341 hae
1129 1280 1238 1340 terrine

240 1488 260 1531 1.
278 1480 357 1529 istob]
393 1485 415 1529 9.
435 1479 520 1529 ebdom
536 1478 578 1529 Or.
615 1484 639 1530 ³.
657 1479 995 1532 aummeLPCRomAE
1031 1484 1053 1532 6.
1073 1496 1124 1530 cum
1142 1488 1237 1543 tranap.

167 1560 225 1598 ante
241 1549 367 1598 secundum
386 1547 453 1598 PCR
470 1565 518 1598 oni.
539 1548 559 1597 L
597 1552 617 1599 7.
636 1547 678 1598 bec
695 1549 718 1596 E
736 1566 781 1612 quo
799 1552 856 1614 (pro
874 1548 998 1613 quomodo)
1016 1548 1075 1598 ltoeo
1093 1548 1113 1597 P

167 1732 228 1781 tum
246 1722 388 1780 subicitur
400 1721 531 1797 perfecto
543 1723 714 1795 (unwani),
737 1740 795 1796 quo
812 1721 994 1798 significatur
1009 1722 1155 1780 sententia
1170 1740 1240 1797 pro·

167 1810 237 1866 bata
258 1817 287 1864 et
309 1817 437 1877 retenta3
461 1807 513 1864 cin
530 1809 623 1865 Acad.
642 1808 667 1877 Ι,
686 1806 725 1864 22
743 1826 806 1882 sqq.
829 1807 923 1878 (seond
944 1841 979 1850 -
999 1808 1181 1884 reperiebatur
1198 1838 1238 1850 -

164 1895 322 1969 ps'poebotor
343 1895 422 1967 cet).
466 1895 515 1949 Ius
543 1912 596 1968 pro
623 1896 656 1950 iis
679 1893 737 1951 Ox.
760 1893 799 1960 E,
823 1893 917 1952 Crat..
941 1894 1035 1965 vict,
1062 1896 1103 1950 uis
1125 1886 1173 1967 ξχ,
1196 1893 1239 1949 lue

168 2001 224 2057 mg.
248 1979 338 2048 Crat,
361 1979 425 2036 cod.
451 1979 535 2049 Mon,
558 1977 625 2056 [B].

252 2064 325 2140 Cap.
348 2065 405 2122 XI.
440 2065 498 2138 Ape
525 2084 593 2121 nunc
620 2067 666 2121 isti
691 2065 803 2121 ἀοοοοηο
830 2063 900 2139 cet.)
928 2064 1040 2121 Eadem
1068 2062 1239 2139 disputatio,
1302 2109 1305 2117 .

168 2152 260 2209 solam
273 2151 409 2207 virtutem
422 2150 509 2206 finem
523 2150 591 2206 boni
604 2168 660 2207 non
674 2149 803 2224 explere,
815 2150 1078 2224 Peripateticorum
1090 2146 1240 2206 inferioris

167 2237 273 2294 aetatis
297 2254 375 2292 more
398 2235 563 2311 explicatur
585 2235 622 2291 ab
645 2235 819 2293 Alexandro
839 2235 973 2310 Aphrod.
998 2235 1027 2292 in
1050 2234 1126 2292 libro
1149 2235 1181 2293 ΙΙ
1203 2232 1241 2290 (Ιο

167 2323 277 2380 Anima
299 2321 397 2393 (modo
420 2321 519 2377 omnia
546 2321 584 2377 ad
612 2339 677 2377 eum
706 2321 812 2377 librom
836 2321 1015 2395 pertineant)
1037 2340 1065 2395 p.
1091 2319 1150 2378 156
1173 2336 1238 2392 sqq.

167 2406 576 2483 (Venet.1534apudAld.)‚
600 2407 678 2481 apud
701 2425 786 2480 quem
810 2406 887 2463 inter
904 2417 1011 2478 cetera,
1035 2424 1110 2480 quae
1122 2405 1240 2466 Cicero·

166 2498 255 2555 niano
282 2493 363 2549 nulle
385 2491 446 2549 fere
470 2492 661 2549 similitudine
684 2493 846 2568 attingunt,
876 2492 949 2548 haec
971 2499 1135 2568 ponuntur,
1165 2507 1241 2565 quae

166 2579 318 2677 Ciceronis
323 2578 602 2676 argumentationis
622 2579 740 2635 brevem
763 2595 906 2634 summam
929 2578 1039 2635 habent
1055 2578 1095 2653 (p.
1111 2577 1170 2634 157
1183 2577 1241 2651 Α).

159 2660 224 2724 Ἔτι
247 2657 274 2720 εἰ
294 2653 333 2737 μὴ
355 2661 453 2762 quoqpe
475 2655 648 2735 εὐοαιμονια
672 2657 816 2736 ζητεῖται,
839 2653 904 2717 ἀλλ’
912 2651 1107 2758 ἀνθρώπου,
1127 2653 1241 2760 ὁμολο·

167 2755 298 2849 ysitus
282 2741 322 2814 δέ,
345 2736 396 2801 edu
419 2738 619 2821 ἄνθρωπ’
604 2767 634 2803 ea
656 2744 753 2841 ψυχῆς
776 2736 920 2803 εἶναικαὶ
943 2732 1092 2820 σώματος,
1115 2732 1155 2803 ὧν
1174 2737 1241 2801 ἕκα-

166 2830 254 2931 re'pov
282 2824 343 2886 ἔστι
371 2822 418 2887 καὶ
432 2822 554 2926 ἀγαθοὶ
583 2823 675 2887 οἰκεῖοι
704 2819 752 2885 καὶ
782 2822 857 2886 κακὰ
876 2825 1067 2927 Ηοιαφεροντα
1096 2818 1240 2928 ἀλλήλων,

167 2936 265 2993 ωσπερ
288 2900 374 3013 [ovo]
392 2906 440 2971 καὶ
464 2905 541 2969 αὐτα
561 2903 736 3010 ἀλλήλων
718 2932 828 3010 eteqa,
813 2912 905 2982 ,πῶς
928 2906 980 2970 οὐκ
1003 2905 1181 2987 ἀκολουθεῖ,
1203 2905 1257 2970 το

167 2996 251 3065 τελος
277 2996 331 3055 τοῦ
360 2991 435 3067 ἐξ’
418 3000 541 3096 araquio
558 2986 644 3062 ὄντος
666 2985 729 3094 [καὶ
751 3016 786 3054 το
809 2988 942 3094 αγαθὸο]
964 2996 1167 3095 προσδεῖσθαι
1185 2994 1242 3054 τοῦ

167 3079 307 3159 ἑκατεροο
325 3072 448 3149 τούτων,
472 3068 541 3150 ἐξ
518 3103 557 3140 ooo
575 3076 661 3151 ἐστιν
685 3073 822 3178 ἀγαθοῦς
845 3101 869 3138 ει
865 3073 917 3138 ’δὲ
934 3080 1034 3149 τοῦτο,
1058 3073 1110 3138 οὐκ
1129 3100 1242 3157 αοταρ·

167 3188 214 3233 κες
236 3162 270 3225 τὸ
294 3167 346 3243 τῆς
368 3164 468 3241 ψυχῆς
491 3156 609 3243 ἀγαθὸν
630 3159 705 3242 πρὸς
726 3156 761 3222 τὸ
782 3164 837 3222 τοῦ
860 3156 1024 3244 ἀνθρώπου
1044 3158 1137 3232 τέλος.
1178 3164 1242 3226 Ad-

167 3255 302 3312 hibuerat
326 3253 528 3310 Alexandrum
552 3252 705 3310 Moralius.

252 3344 282 3396 id
303 3348 341 3397 eet
363 3343 430 3395 enim
453 3340 522 3410 oet)
546 3339 636 3394 Recte
654 3357 685 3394 se
701 3356 849 3396 communi
841 3336 993 3395 'formula
1010 3337 1128 3409 (bonerto
1144 3340 1242 3413 οἰυονο)

167 3445 251 3483 usum
276 3445 339 3481 esse
356 3424 401 3496 sig
384 3424 516 3490 unificam
540 3423 612 3480 nihil
631 3423 707 3480 enim
725 3423 896 3486 aliudesse
920 3422 998 3497 quod
1011 3422 1110 3481 Stoice
1127 3423 1244 3481 dicatur

167 3530 222 3566 κατ
255 3501 360 3586 ἀρετὴν
383 3469 433 3584 ζῆν
455 3520 506 3565 aut
529 3498 771 3583 ὁμολογουμένως
797 3504 834 3581 τῇ
856 3493 951 3582 φύσει.
996 3509 1095 3578 Enim,
1124 3509 1155 3565 in
1183 3528 1243 3584 quo

168 3594 277 3652 offendi
300 3595 395 3661 video,
418 3595 520 3650 eodem
546 3593 630 3649 modo
653 3593 771 3650 additur
793 3595 850 3664 ΙΙΙ,
865 3594 1009 3662 statio,
1033 3594 1172 3670 deLegg.
1183 3595 1242 3665 ΠΙ,
1299 3651 1301 3656 .

169 3685 218 3749 44,
242 3700 296 3753 pro
319 3680 405 3736 domo
428 3680 478 3746 43,
502 3681 591 3736 'luso
609 3679 676 3747 v,u
701 3680 743 3752 (id
764 3691 802 3736 eet
824 3684 892 3737 enim
909 3680 1094 3754 philosophos,
1117 3680 1168 3736 ubi
1190 3698 1244 3737 no·

168 3766 274 3823 tandus
297 3774 341 3821 est
358 3766 542 3822 accusativus
560 3774 646 3820 extre
661 3782 770 3822 nexum
787 3764 1009 3842 grammaticum
1027 3765 1065 3821 ad
1084 3765 1243 3839 primariae

168 3851 330 3909 sententiae
343 3869 444 3907 vocem
457 3849 719 3922 accommodatos);
737 3868 825 3908 eausa
842 3851 975 3908 redditur
990 3851 1245 3926 interpretationis

168 3937 353 4014 praepositae
366 3940 406 4007 (r.
417 3936 453 3991 ad
466 3937 491 4003 Ι,
505 3936 566 4009 33).
601 3936 633 3991 Ε
649 3938 746 3992 virtute
757 3935 810 4009 (ΙΙ,
825 3937 877 4011 34)
895 3935 989 3995 Gzius
1005 3953 1043 3993 ex
1060 3933 1241 4010 omnibusG)

169 4023 240 4080 suis.
277 4023 348 4078 Mox
365 4021 430 4079 cod.
445 4022 519 4079 Mor.
538 4040 683 4094 ecquonam
705 4023 783 4078 modo
801 4022 922 4093 (omisso
939 4024 984 4093 et).
1019 4021 1172 4079 Secundum
1193 4041 1244 4078 na·

168 4119 256 4165 turam
279 4128 338 4163 coro
360 4111 414 4163 οἱοί
435 4108 503 4177 (boc
526 4106 640 4179 ordine)
658 4105 751 4165 Gaius
773 4107 860 4164 etiam
879 4107 986 4185 eSpir.
1000 4104 1057 4184 [B]
1076 4116 1106 4163 et
1117 4105 1197 4166 Gud
1212 4107 1241 4167 2

168 4193 287 4251 Excidit
314 4214 373 4249 cnm
401 4194 483 4266 inp
513 4193 557 4249 ed.
580 4191 681 4249 Marsi.
726 4192 892 4290 significari
921 4191 1109 4250 manifestum
1131 4203 1177 4250 est
1198 4210 1243 4263 ea,

169 4298 244 4354 quae
272 4298 290 4334 a
313 4278 421 4336 Stoicis
450 4279 676 4354 appellabantur
703 4268 742 4333 τὰ
769 4295 822 4333 οοκ
850 4270 894 4350 ἐφ’
919 4269 999 4351 ἡμῖν,
1029 4296 1076 4334 res
1104 4287 1244 4335 externas

168 4365 307 4439 (Epictet
322 4364 439 4421 Euchir.
453 4364 538 4437 init..)
567 4363 810 4420 Commendationes
832 4363 904 4420 dicit
925 4381 972 4421 res
994 4362 1080 4421 nobis
1101 4382 1121 4420 a
1137 4372 1245 4421 natura

169 4450 387 4507 commendatas
410 4450 576 4524 quibusque
598 4448 747 4506 conciliati
769 4448 861 4506 simus
882 4451 959 4523 (exo.
983 4447 1021 4506 ad
1041 4448 1085 4519 11,
1109 4448 1172 4522 33).
