3030 5086
215 452 280 519 572
604 472 649 518 on
671 471 803 520 sumnus
824 471 897 520 aon.

216 640 293 706 ciem
314 639 438 720 habeat,
461 658 516 706 cur
537 642 747 722 appetendum
769 641 819 721 sit,
840 641 873 706 id
895 640 995 706 solum
1011 640 1126 707 bonum
1144 640 1294 723 appellat,

216 743 340 809 beatam
362 752 467 808 autem
489 743 584 808 vitam
607 762 675 808 eam
693 744 800 823 solam,
822 761 903 825 quae
924 761 994 808 cum
1016 743 1132 810 virtute
1149 745 1293 826 degatur.

302 845 401 910 XXII.
430 845 463 911 Si
490 847 529 911 de
556 864 591 910 re
613 845 782 927 disceptari
804 852 943 928 oportet,
971 845 1057 910 nulla
1082 844 1157 911 milri
1179 853 1293 926 tecum,

217 947 308 1027 Cato,
335 955 440 1029 potest
466 966 536 1013 esse
559 947 727 1027 dissensio;
756 948 832 1013 nihil
860 955 909 1013 est
929 948 1025 1029 enim,
1053 948 1093 1013 de
1114 966 1177 1031 quo
1198 947 1294 1013 aliter

177 1050 251 1116 otu
279 1050 396 1115 sentias
423 1056 517 1131 utque
544 1068 617 1132 ego,
650 1051 741 1116 modo
769 1050 965 1115 commutatis
992 1049 1097 1116 verbis
1123 1050 1211 1131 ipsas
1239 1066 1293 1116 res

217 1151 423 1217 conferamus.
467 1151 533 1218 Nec
555 1153 613 1218 hoc
634 1152 685 1218 ille
706 1171 769 1217 non
791 1153 877 1231 vidit,
902 1153 959 1218 sed
981 1151 1149 1217 verborum
1170 1151 1293 1233 magni·

216 1252 341 1321 ficentia
363 1262 412 1320 est
432 1262 464 1320 et
484 1255 586 1336 gloria
608 1254 793 1334 delectatum
822 1254 874 1336 qui
897 1254 925 1320 si
947 1273 998 1334 ea,
1028 1272 1109 1337 quae
1131 1253 1219 1333 dicit,
1247 1252 1294 1319 ita

217 1357 357 1437 sentiret,
379 1363 414 1421 nt
430 1356 526 1421 verba
542 1355 726 1438 significant,
748 1357 824 1439 quid
845 1359 927 1422 inter
948 1375 1018 1422 enm
1040 1363 1072 1421 et
1089 1355 1138 1422 vel
1153 1354 1292 1439 Pyrrho·

217 1478 287 1524 nem
310 1458 359 1524 vel
381 1459 560 1524 Aristonem
582 1459 767 1524 interesset?
811 1458 864 1524 Sin
887 1467 991 1524 antem
1014 1476 1069 1523 eos
1091 1475 1153 1522 non
1175 1457 1293 1540 proba·

159 1566 199 1630 10
216 1561 279 1640 bat,
302 1560 378 1643 quid
401 1561 527 1625 attinuit
549 1580 618 1626 cum
640 1562 687 1642 iis,
711 1561 894 1643 quibuscum
916 1559 1164 1641 reconcinebat,
1186 1558 1293 1625 verbis

217 1663 419 1746 discrepare?
463 1664 511 1729 61.
537 1664 627 1744 Quid,
649 1663 677 1728 si
699 1664 886 1729 reviviscant
907 1662 1046 1728 Platonis
1068 1661 1128 1742 illi,
1149 1670 1183 1728 at
1203 1661 1292 1727 dein·

217 1785 291 1848 oeps
313 1766 365 1847 qui
388 1784 495 1831 corum
517 1767 676 1831 auditores
698 1762 837 1844 fuerunt,
860 1773 891 1830 et
912 1772 1013 1830 tecum
1033 1764 1080 1829 ita
1100 1762 1294 1846 loquantur?

287 1959 309 2002 2.
328 1952 458 2018 leputmL
519 1952 734 2018 &discensionis
791 1957 813 2002 ii.
832 1951 933 2002 videtis
993 1957 1014 2003 7.
1033 1961 1069 2002 est
1086 1950 1156 2002 etiarn
1171 1950 1293 2017 pieriae

219 2020 452 2088 8.st(prout)1i
504 2021 612 2085 puodE
664 2020 942 2088 eumvei(om.et)1⁴3
995 2026 1019 2071 s.
1043 2020 1068 2069 si
1088 2020 1109 2072 C
1158 2020 1293 2086 probetis

222 2096 259 2140 10.
278 2108 329 2141 curn
348 2091 419 2140 iis-
430 2090 566 2154 discrepare
584 2091 683 2140 Nonius
700 2106 724 2155 p.
736 2095 768 2138 ts
803 2107 854 2139 cum
873 2094 929 2155 (pro
947 2090 1125 2153 quibuscumllt
1143 2107 1194 2139 curn
1213 2088 1298 2155 quibes

218 2160 317 2210 sosius
335 2158 501 2209 concinebatur
519 2159 594 2208 Nonii
614 2160 687 2209 codd.
706 2159 838 2208 continebat
856 2159 877 2207 l:
896 2157 1047 2208 conveniebat
1065 2157 1133 2208 LCR
1178 2164 1214 2210 li.
1233 2156 1299 2209 Ple-

218 2228 292 2278 tonici
308 2228 399 2279 LPCR
438 2232 474 2277 ta.
495 2227 557 2277 Post
574 2227 683 2292 deinceps
702 2229 760 2278 add.
780 2225 817 2276 iiii
835 2228 856 2276 R

219 2404 288 2460 queas
310 2387 367 2442 sola
389 2403 449 2441 crem
471 2387 567 2441 virtute
589 2387 661 2459 (com
682 2387 779 2442 uirtute
801 2385 870 2457 solo)
893 2383 1016 2457 deputor,
1041 2381 1192 2440 videretur
1215 2383 1299 2442 Zeno

219 2489 336 2546 negare,
359 2471 450 2527 vitam
469 2469 584 2527 beatam
602 2488 677 2540 esse,
696 2470 721 2527 si
738 2469 851 2545 aliquid
868 2478 986 2544 praeter
1002 2468 1140 2525 virtutem
1159 2468 1300 2540 haberem

219 2555 346 2613 debebat
369 2555 446 2612 enim
470 2554 542 2612 dici:
571 2558 613 2613 uei
633 2576 692 2614 cnm
714 2558 772 2613 sola
793 2560 897 2612 cirtrrtc.
943 2552 1037 2612 Gaius
1059 2554 1101 2610 ita
1124 2553 1171 2611 hic
1193 2564 1301 2612 contra

220 2640 384 2707 Davisium,
408 2649 440 2697 ut
462 2641 503 2707 11,
528 2641 568 2698 50
590 2651 693 2699 contra
717 2641 870 2698 Pearcium
894 2639 1033 2715 disputat.

305 2725 377 2803 Cap.
406 2727 512 2785 XXII.
562 2746 592 2783 re
619 2728 783 2797 concinebat)
813 2725 943 2785 Verbum
977 2723 1107 2781 restitnit
1135 2723 1300 2783 Lambinus

220 2811 284 2885 (cfr.
298 2812 413 2878 N.D.I,
425 2813 474 2885 16)
486 2832 502 2869 e
516 2812 623 2882 Nonio,
641 2812 692 2887 qui
710 2812 780 2887 quid
798 2812 861 2887 ipse
874 2810 1014 2886 scriptum
1027 2809 1189 2884 reliquerit,
1207 2809 1302 2869 inter·

220 2898 347 2974 pretatio
370 2897 497 2956 ostendit
522 2908 549 2954 et
573 2898 740 2974 exenrplum
764 2917 781 2955 e
804 2897 879 2954 libro
899 2897 913 2954 I
931 2894 1178 2954 Academicorum
1201 2895 1302 2953 adiec-

219 2995 295 3052 tum;
319 2984 467 3040 continebat
489 2983 576 3041 etiam
601 2984 678 3060 Spir.
702 2993 732 3041 et
754 2982 834 3042 Gnd.
858 2979 977 3056 (uteri),
1000 2998 1120 3056 prorsus
1142 2982 1301 3039 concinebat

219 3070 303 3127 Parr.
322 3072 335 3126 l
350 3070 400 3143 (Ρ)
413 3079 442 3126 et
455 3069 483 3136 3,
507 3068 570 3127 Pal.
585 3072 603 3126 4
616 3066 655 3150 [Β
673 3064 815 3148 silentio],
837 3070 983 3126 consciuerat
1005 3065 1068 3123 cod.
1087 3066 1161 3123 Mor.
1196 3065 1300 3126 Ceteri

218 3155 393 3213 corruerriebot.
436 3154 532 3212 Panlo
561 3165 629 3211 ante
659 3157 699 3212 od
725 3167 793 3212 unte
816 3154 984 3229 Pyrrhonem
1012 3150 1106 3210 Gaius
1128 3170 1146 3208 a
1169 3150 1250 3211 Gnd.
1277 3152 1297 3209 2

218 3240 322 3297 abesse
345 3240 396 3297 sit.
451 3236 491 3320 [B
514 3250 546 3296 ut
569 3240 630 3299 Erl.
655 3260 712 3299 om.
737 3250 762 3297 et
784 3240 861 3297 inter
882 3258 941 3296 euin
964 3247 993 3295 et
1015 3232 1081 3316 vet]

306 3327 355 3382 61.
378 3327 502 3382 Plutonis
518 3328 609 3382 illi-
622 3345 711 3383 eorum
727 3325 878 3398 auditores)
896 3323 1073 3381 Necessario
1090 3331 1224 3379 extreme
1237 3341 1301 3381 vox

219 3411 257 3468 ad
285 3411 411 3487 priorem
442 3411 529 3468 etium
558 3411 724 3487 genetivum
749 3410 891 3487 pertinet,
920 3421 953 3467 ut
980 3408 1121 3466 continua
1147 3408 1301 3466 successio

219 3495 385 3554 auditorum
409 3496 590 3571 significetur
613 3496 676 3571 (cfr.
700 3502 714 3567 ς
734 3497 752 3553 3
773 3495 866 3568 init.);
889 3497 1012 3553 Plutonia
1035 3493 1123 3551 etiam
1142 3492 1220 3570 Spin.
1239 3490 1299 3573 [B]

219 3592 249 3639 et
271 3582 365 3639 codex
376 3582 402 3640 1.
416 3582 464 3639 Fr.
478 3581 639 3651 Gronovii3
663 3581 793 3640 restituit
810 3580 913 3640 Gaius.
947 3581 1102 3637 Platonicos
1124 3597 1181 3635 non
1201 3578 1301 3655 magis

218 3668 329 3743 primos
352 3667 501 3725 auditores
523 3687 611 3743 quam
634 3680 797 3743 postremos
820 3665 1013 3742 appellandos
1035 3664 1135 3729 fuisse,
1158 3663 1216 3720 iam
1235 3664 1301 3722 Ds-

218 3753 310 3810 visius
334 3753 456 3810 viderat.
502 3753 616 3811 Deinde
639 3754 788 3830 tinguntur
811 3752 840 3809 hi
867 3751 924 3828 ipsi
948 3749 1082 3809 Platonis
1097 3748 1216 3807 alumni
1239 3748 1300 3810 Cs-

219 3851 316 3896 tonern
341 3838 519 3913 paniosate
542 3837 741 3914 disputantem
764 3838 881 3895 audisse
904 3848 934 3894 et
951 3846 1010 3893 tum
1031 3835 1128 3892 mirati
1146 3853 1220 3907 esse,
1243 3853 1302 3894 cur

218 3924 265 3982 vir
292 3923 351 3981 illis
379 3924 416 3981 ad
447 3942 564 3982 sarisam
593 3925 669 3982 inste
698 3924 917 3999 disceptandam
947 3920 1107 3980 virtutibus
1134 3922 1302 3980 instructus

220 4010 335 4070 Stoicos
363 4009 534 4086 praeferret.
581 4010 680 4087 Vulgo
707 4010 750 4067 sic
777 4011 1003 4084 interpungunt,
1033 4007 1197 4065 orationem
1230 4015 1302 4083 post

219 4105 308 4153 testem
331 4115 388 4153 non
412 4095 583 4162 incidentes,
608 4107 755 4170 tamquam
780 4095 885 4153 Latine
908 4095 1035 4152 dicatur:
1058 4095 1140 4150 audio
1163 4103 1187 4150 te
1208 4094 1302 4151 uirum

218 4185 354 4257 optimum,
377 4182 485 4238 omisso
508 4202 572 4239 esse.
612 4182 650 4239 Et
673 4181 759 4251 tunde,
783 4181 838 4239 nisi
862 4199 900 4237 ex
923 4180 976 4236 bac
1000 4179 1064 4253 ipsa
1087 4178 1301 4254 disputatione,

219 4277 355 4338 nossent,
379 4267 460 4324 iilum
485 4267 601 4328 Stoicos
624 4267 680 4324 sibi
704 4263 870 4325 anteferre?
913 4264 1079 4323 Admonuit
1103 4282 1147 4321 me
1172 4264 1302 4322 Wesen-

219 4352 346 4429 bergius.
392 4353 486 4411 Peulo
504 4364 571 4428 post
590 4352 689 4428 plures
709 4352 777 4412 Gzii
801 4351 916 4409 codices
939 4350 1087 4406 habebant
1109 4352 1193 4406 animi
1212 4353 1301 4407 ratio·

219 4457 289 4509 nem3
313 4457 383 4514 ergo
401 4438 430 4495 in
448 4439 608 4515 archetypo
631 4437 688 4496 luit
709 4441 933 4507 urnmirationem3
958 4432 999 4517 [in
1020 4437 1236 4493 ammiracionem
1248 4430 1301 4515 Β].
