3030 5086
218 466 282 532 582
608 485 654 531 ns
676 483 807 533 enimus
830 485 901 531 sou.

218 654 371 732 Quarum,
399 651 515 733 inquit,
542 652 655 717 artium
683 670 822 717 summae
849 670 988 717 crescere
1010 660 1158 734 possunt,
1186 671 1296 718 earum

287 811 307 856 1.
326 821 417 853 worma
435 820 539 854 crescere
554 813 632 868 potest
649 805 782 855 secitur,
804 809 906 867 (aarum
923 822 1041 855 ecrescere
1055 807 1088 866 Ε)

216 953 419 1022 argumentum
439 941 572 1000 afferant.
606 945 712 1018 Itaque
729 943 871 1000 Davisius
888 943 1082 1000 etErnestius
1105 953 1255 1018 tamqnam
1279 961 1296 1001 e

216 1032 281 1089 cod.
295 1029 381 1101 CCC,
398 1046 473 1102 quae
491 1028 651 1085 auctoritas
669 1037 698 1084 et
715 1029 826 1084 incerta
845 1038 890 1085 est
907 1038 935 1084 et
952 1027 1081 1103 pondere
1093 1029 1185 1093 nulla,
1202 1028 1296 1103 scrip·

215 1125 317 1174 serunt
339 1119 467 1183 reiteratur,
491 1113 686 1188 probavitque
699 1112 928 1188 Wesenbergius
951 1113 980 1168 in
993 1112 1140 1172 Observv.
1159 1113 1238 1170 critt.
1257 1112 1296 1169 ad

215 1211 291 1260 orat.
305 1220 358 1277 pro
371 1198 452 1258 Cael.
465 1218 492 1274 p.
507 1198 557 1254 21.
580 1198 704 1256 Correxi
717 1217 772 1274 ego
784 1216 902 1272 quoque
914 1194 1019 1277 [nunc]
1038 1208 1105 1273 post
1118 1197 1295 1255 Lambinum

216 1286 364 1354 mendum,
382 1282 437 1340 etsi
455 1282 502 1339 hic
518 1283 601 1340 locus
619 1301 677 1340 non
695 1282 816 1358 patitur,
835 1295 867 1339 ut
879 1301 938 1352 eos,
956 1283 1007 1356 qui
1019 1282 1193 1342 Ciceronem
1206 1296 1237 1340 et
1248 1300 1295 1339 ce·

206 1381 297 1428 seros
315 1387 421 1445 prosae
433 1367 576 1424 orationis
588 1368 747 1443 scriptores
760 1367 920 1424 indicativo
937 1368 966 1424 in
979 1368 1211 1444 interrogatione
1224 1385 1296 1443 pen·

216 1456 296 1513 denti
319 1453 465 1512 interdum
490 1471 558 1510 usos
581 1462 695 1528 putant,
719 1451 862 1519 refellam,
885 1453 945 1526 qui,
968 1461 1000 1508 ut
1018 1451 1176 1510 Goerenzii
1200 1470 1295 1528 nugas

216 1550 245 1598 et
268 1541 370 1597 turbas
393 1537 536 1606 omittam,
560 1536 590 1593 in
614 1556 649 1594 eo
672 1528 773 1594 omnes
796 1550 865 1595 sunt
887 1537 970 1604 vitio,
994 1547 1042 1607 ut,
1065 1555 1130 1594 cum
1154 1537 1296 1595 eonium·

216 1626 295 1683 tivus
318 1621 520 1680 tantummodo
542 1622 579 1679 ad
603 1622 813 1678 sententiarum
833 1642 940 1680 nexum
958 1621 1182 1697 significandum
1205 1631 1237 1678 et
1258 1621 1297 1679 sd

217 1711 384 1767 universam
408 1707 648 1781 interrogationis
672 1706 827 1783 pendentis
850 1707 973 1765 formam
992 1708 1147 1782 pertineat,
1171 1723 1297 1764 excuss·

215 1795 325 1852 tionem
348 1802 446 1850 tamen
469 1791 621 1848 indicativi
644 1811 682 1848 ex
704 1792 748 1848 rei
770 1791 968 1868 interrogatae
991 1793 1173 1867 proprietate
1195 1792 1299 1866 aliqua

216 1890 316 1955 petere
329 1886 481 1946 conentur,
499 1876 581 1933 velut
597 1894 662 1933 euni
680 1887 789 1933 certam
808 1896 869 1934 rem
887 1877 1046 1954 significari
1063 1886 1186 1934 narrant
1197 1877 1297 1952 (qussi

216 1962 420 2021 coniunctivae
437 1962 579 2019 incertam
602 1954 746 2036 significet
764 1973 794 2019 et
810 1962 904 2036 quasi,
927 1981 992 2019 cum
1016 1961 1058 2018 sic
1080 1961 1161 2020 dico:
1183 1978 1297 2036 quaero,

216 2051 287 2107 unde
304 2058 386 2124 pater
407 2049 519 2110 venais,
543 2065 601 2123 nou
624 2056 736 2103 certum
759 2046 811 2117 sit,
836 2048 974 2120 venisse).
1018 2047 1123 2121 Itaque
1146 2064 1212 2103 cum
1236 2047 1299 2105 sin·

215 2134 351 2211 gulorum
375 2133 506 2190 locorum
530 2130 691 2189 sententias
713 2143 914 2207 corrumpunt,
938 2144 998 2189 tum
1022 2131 1096 2188 tales
1113 2131 1299 2190 ratiunculas

216 2219 395 2294 confingunt,
418 2235 494 2291 quae
517 2216 542 2273 si
565 2234 653 2273 verae
676 2227 783 2284 essent,
808 2235 865 2273 non
889 2217 935 2273 his
952 2217 1054 2293 paucis
1072 2216 1153 2279 locis,
1176 2215 1229 2273 sed
1252 2216 1299 2273 in-

216 2304 307 2361 finitis
330 2312 360 2359 et
382 2301 444 2359 fere
461 2301 598 2359 omnibus
615 2300 792 2359 indicativus
810 2301 963 2377 ponendus
980 2312 1068 2370 esset,
1090 2320 1177 2376 quem
1196 2311 1299 2359 tamen

216 2389 272 2464 ipsi
302 2389 333 2444 in
364 2386 518 2443 scribendo
547 2404 704 2460 numquam
734 2395 856 2460 ponunt.
906 2385 1033 2444 Accedit
1059 2386 1089 2442 in
1118 2386 1300 2445 testimoniis

217 2474 280 2530 sine
304 2472 365 2529 ullo
387 2471 556 2528 discrimine
579 2470 768 2528 corradendis
790 2490 905 2529 summa
927 2471 1129 2548 neglegentia,
1160 2470 1299 2529 velutin

217 2567 280 2615 sunt
301 2568 330 2615 et
352 2559 414 2613 sint.
460 2558 555 2613 Vetus
577 2556 722 2613 sermonis
746 2557 842 2614 Latini
866 2557 1080 2624 inconstantia,
1103 2556 1189 2631 quasi
1211 2556 1300 2615 dubi·

217 2642 317 2713 tontis,
342 2652 440 2698 utrum
463 2640 500 2697 ad
522 2641 770 2716 interrogationes
793 2642 954 2717 pendentes
976 2641 1135 2717 signandas
1157 2641 1300 2701 coniunc-
1322 2657 1328 2669 ·

218 2729 280 2786 tivo
303 2746 378 2802 opus
395 2735 473 2783 esset
495 2744 586 2782 necne
604 2738 690 2797 esset,
714 2738 783 2783 aute
795 2726 947 2785 Ciceronis
963 2738 1090 2783 aetatem
1109 2727 1150 2783 ita
1166 2736 1302 2784 cesserat

218 2821 316 2870 certae
343 2812 416 2887 legi,
445 2820 478 2867 ut
505 2811 535 2867 in
563 2811 627 2868 sola
654 2812 737 2886 poesi
764 2812 902 2869 licentiae
929 2811 1043 2886 aliquid
1070 2812 1300 2886 relinqueretur.

218 2897 293 2977 [Pro
315 2898 487 2954 corraderare
509 2897 533 2953 B
556 2892 715 2975 considere]
1155 2892 1159 2897 ⁴

307 2982 439 3050 Quarum,
462 2984 556 3055 iuquit,
579 2985 679 3039 artium
701 3001 820 3039 samaiae
842 3000 959 3039 marcere
972 2981 1099 3057 possunt)
1117 2981 1178 3039 Pro
1200 2983 1300 3057 aque,

218 3068 301 3125 cuius
323 3067 436 3125 formae
459 3066 582 3123 neusin
605 3067 775 3123 adversario
795 3066 908 3124 incerto
925 3067 1062 3142 fingendo
1085 3077 1114 3123 et
1130 3065 1301 3125 inducendo

218 3153 388 3210 notissimus
400 3161 445 3209 est
456 3149 522 3225 (cfr.
534 3151 571 3208 ad
583 3151 625 3221 II,
634 3153 695 3226 78).
708 3151 852 3209 editiones
864 3152 932 3208 inde
943 3152 1175 3208 aVeneta1494
1187 3151 1304 3210 habeat

217 3241 349 3312 inquiunt.
373 3236 511 3296 Correxit
523 3236 664 3294 Davisius
682 3237 804 3294 etribus
817 3237 982 3306 codicibns3
1000 3237 1188 3294 consentiunt
1199 3232 1300 3313 Εξχψ,

218 3323 282 3380 cod.
294 3324 370 3379 Mor.
383 3319 455 3399 [B];
479 3320 573 3380 Gaius
596 3332 684 3381 tacet.
720 3323 847 3380 Senomae
861 3354 895 3366 -
907 3333 1023 3398 poseuut
1045 3341 1082 3379 ex
1101 3322 1163 3379 Eri.
1180 3318 1239 3400 [B]
1262 3340 1301 3380 eo

219 3408 312 3484 ntagis
341 3407 460 3482 scripsi,
495 3407 573 3481 quod
596 3407 739 3464 Moralius
767 3426 783 3463 e
811 3426 865 3465 suo
894 3407 995 3464 codice
1022 3416 1159 3465 annotat:
1192 3426 1301 3465 summa

217 3512 334 3551 creecm
351 3502 481 3568 poseuut,
511 3491 541 3548 in
570 3511 629 3567 quo
658 3493 708 3548 vix
737 3492 839 3550 dubito
867 3493 938 3567 quin
967 3511 1098 3550 ecrescere
1125 3502 1301 3568 reperturus

217 3577 322 3647 fuerit,
353 3577 379 3635 si
401 3576 584 3636 attendisset.
631 3577 725 3636 Gaius
754 3596 848 3652 neque
877 3578 913 3635 de
937 3578 998 3637 Erl.
1029 3596 1123 3652 neque
1151 3576 1188 3635 de
1216 3577 1300 3653 Spir.
1347 3609 1352 3620 ·

219 3663 378 3738 quidquam
409 3663 493 3720 dixit.
539 3662 600 3721 Sua
628 3663 768 3737 cuiusque
799 3663 872 3721 artis
895 3682 1009 3720 summa
1031 3672 1090 3733 est,
1118 3680 1300 3738 quamquam
1325 3670 1332 3675 '

219 3749 323 3808 Cicero
357 3748 386 3805 iu
416 3748 564 3805 contrario
591 3767 698 3824 genere
727 3752 842 3820 (eorrrrno
866 3752 976 3823 poterit)
1004 3749 1079 3804 hanc
1113 3748 1300 3823 singulorum

218 3834 463 3910 significationem
487 3834 595 3890 omisit.
631 3832 749 3890 Arti'um
774 3853 895 3890 numero
908 3835 1026 3892 Stoicus
1044 3833 1212 3909 argumenti
1229 3851 1302 3891 con·

218 3919 353 3976 cludendi
382 3937 471 3976 causa
498 3919 624 3975 virtutes
651 3918 887 3993 comprehendit,
921 3920 957 3975 de
986 3938 1044 3994 quo
1072 3920 1110 3976 ad
1138 3923 1153 3989 §
1177 3921 1196 3976 4
1225 3917 1301 3976 dixi.

222 4005 423 4062 Contrariorum
447 4004 608 4061 Lambinus
631 4003 816 4061 scribendum
841 4004 929 4075 vidit,
953 4023 1039 4078 quem
1064 4003 1158 4063 Gaius
1180 4013 1303 4063 secutus

218 4099 277 4159 est3
310 4090 387 4146 idem
417 4089 511 4146 voluit
540 4089 706 4159 Manutius,
734 4089 813 4165 apud
842 4108 928 4164 quem
957 4093 1121 4147 coatrariom
1148 4088 1301 4148 scribitur.

218 4175 343 4232 Etiamsi
366 4173 437 4231 ferri
461 4183 560 4250 posset
582 4194 675 4231 eorum
696 4179 894 4232 coirtroriorum
916 4175 959 4232 sic
981 4175 1126 4251 positum,
1150 4183 1300 4232 uteorum

219 4265 454 4318 acoiitrariorum
472 4260 614 4335 penderet
631 4261 793 4334 (ceruariae
815 4272 887 4318 ortes
910 4264 1024 4332 eorum),
1048 4259 1126 4335 quod
1148 4258 1221 4318 ferri
1238 4277 1300 4318 non

219 4355 331 4421 potest,
365 4355 463 4402 tamen
491 4345 604 4403 artibus
632 4345 801 4419 (niniversis)
831 4346 996 4404 contrariae
1027 4364 1084 4402 non
1112 4354 1182 4402 sunt
1208 4355 1300 4415 artes,

219 4430 271 4488 sed
293 4440 361 4488 suut
383 4431 528 4505 quaedam
550 4431 665 4487 artibus
687 4432 844 4499 contraria,
867 4432 953 4506 quusi
975 4431 1108 4488 inertiae.
1130 4429 1299 4502 (Oxx.coa·
