3030 5086
372 494 416 541 nr
440 495 519 540 nnn.
543 493 605 537 urs.
628 492 651 536 n
674 491 747 537 ese.
770 495 874 542 rr-ra.
895 495 1028 553 ise-ss.)
1173 475 1233 539 207

160 661 277 726 Erillus
293 662 355 726 iam
374 662 428 727 diu
444 660 565 726 abiecti.
597 659 721 740 Reliqui
739 659 797 724 sibi
815 659 1029 737 constiterunt,
1044 667 1080 724 ut
1096 665 1236 724 exuema

160 781 230 826 cum
258 763 353 829 initiis
376 763 589 840 convenirent,
617 770 652 825 ut
674 761 835 842 Aristippo
859 761 1016 842 voluptas,
1044 762 1235 845 Hieronymo

160 864 280 929 doloris
302 867 460 936 vacuitas,
489 864 644 930 Carneadi
667 863 726 928 frui
748 863 910 945 principiis
934 864 1129 929 naturalibus
1151 872 1236 929 esset

160 976 346 1046 extremum;
374 968 444 1032 Xllr
468 967 621 1047 Epicurus
643 977 746 1030 autem
769 984 838 1030 cum
859 967 891 1030 iu
913 966 1016 1047 prima
1038 968 1234 1032 commenda-

159 1069 245 1133 tione
266 1069 460 1151 voluptatem
482 1068 624 1145 dixisset,
652 1068 679 1132 si
701 1086 785 1145 eam,
814 1087 907 1148 quarn
930 1068 1124 1150 Aristippus,
1151 1069 1273 1135 idemb

159 1177 267 1236 tenere
289 1171 395 1236 debuit
416 1171 558 1235 ultimum
581 1169 747 1246 bonorum,
770 1171 853 1250 quod
875 1170 939 1249 ille;
962 1171 1010 1235 sin
1033 1189 1117 1246 eam,
1141 1190 1233 1252 quam

160 1273 382 1354 Hieronymus,
405 1271 532 1337 fecisset
551 1272 648 1349 idem,
671 1277 706 1334 ut
728 1271 920 1350 voluptatem
942 1272 1025 1336 illam
1050 1272 1233 1355 [Aristippi]
1289 1324 1292 1329 .

159 1375 191 1438 in
216 1374 320 1455 prima
341 1375 608 1438 commendatione
629 1380 768 1453 poneret

232 1582 252 1626 l.
272 1575 380 1626 Herlilus
400 1576 562 1640 (beelmon
608 1581 630 1625 5.
649 1575 693 1624 sed
709 1594 760 1626 eum
781 1577 801 1624 H
824 1576 848 1624 si
864 1593 894 1626 ea
912 1577 932 1624 1.
971 1576 1008 1644 [td
1029 1585 1063 1626 est
1087 1577 1145 1641 (pro
1163 1578 1234 1642 ι’ᾰοηι)

161 1643 208 1712 Al]
246 1649 269 1694 6.
289 1646 425 1709 eamqueE
467 1649 488 1695 7.
511 1643 547 1711 [id
563 1644 662 1711 estAl]
687 1643 753 1694 r'liam
772 1645 861 1695 emb
897 1644 1062 1710 Arr'str‘ppoE
1085 1644 1165 1705 iiiam,
1188 1663 1234 1695 non

162 1713 287 1779 Ansnppe',
307 1714 349 1763 Or.
370 1729 427 1764 cum
446 1723 506 1762 nota
524 1713 607 1762 mendi
627 1722 685 1762 ante
703 1712 851 1777 voluptutem.

245 1887 356 1960 Reliqui
381 1887 433 1943 sibi
457 1889 630 1943 emostiteront
651 1918 692 1929 -—
715 1887 856 1962 Epicurus
883 1884 985 1965 numm)
1012 1887 1233 1945 Incommodum

159 1972 296 2047 capitum,
315 1990 390 2045 quas
402 1981 553 2038 vocantur,
571 1971 788 2029 distinctionem
806 1981 962 2046 sequentes
979 1973 1107 2030 editores
1118 1983 1237 2047 praeter

160 2056 328 2113 Ernestium
350 2058 542 2114 obscurarunt
565 2056 774 2133 disputationis
796 2057 1030 2120 cohaerentiam,
1053 2058 1122 2114 dum
1145 2058 1235 2115 haec:

159 2143 299 2217 Epicurus
321 2152 409 2198 cutem
431 2151 486 2198 cat.
509 2160 601 2216 usque
624 2142 799 2217 adponeret,
823 2142 976 2217 inquibus
995 2143 1115 2218 Epicuri
1134 2144 1234 2201 incon·

158 2228 268 2284 stantis
295 2245 361 2284 curn
389 2236 553 2284 ceterorum
582 2228 749 2285 constantia
776 2237 977 2302 comparetur,
1011 2246 1076 2285 eum
1106 2228 1141 2285 iis
1164 2247 1233 2286 con·

159 2322 288 2382 nectunt,
312 2331 387 2385 quae
410 2321 581 2386 sequuntur.
829 2377 834 2387 Ι

244 2397 315 2472 Cap.
329 2398 402 2454 XII.
430 2401 457 2453 in
475 2401 568 2472 prima
589 2395 825 2484 commendatione)
845 2397 900 2455 hoc
917 2407 970 2461 est,
993 2398 1023 2454 in
1047 2398 1143 2472 prima
1165 2416 1234 2456 eon·

159 2482 309 2540 ciliatione
326 2495 457 2549 naturae,
475 2493 625 2556 tamquam
644 2482 683 2548 id,
701 2483 779 2556 quod
797 2483 924 2557 primurn
941 2494 1139 2558 appeteretur.
1163 2484 1222 2542 Vid

159 2586 223 2624 exe.
246 2568 281 2624 de
304 2568 408 2642 primis
431 2577 561 2624 naturae.
607 2568 730 2624 Dirisset
751 2577 797 2624 est
818 2571 977 2625 numerasset
999 2568 1179 2644 (posuisset),
1202 2579 1235 2626 ut

158 2670 217 2708 non
240 2671 315 2727 opus
337 2654 376 2709 sit
398 2653 534 2709 Lambini
557 2653 734 2717 coniectura,
757 2672 815 2710 esse
836 2655 949 2710 dieisset
963 2654 1136 2713 'scribentis

236 2741 349 2812 fecisset
369 2740 448 2804 idem,
472 2748 501 2793 ut
521 2741 682 2812 voluptutem
704 2740 778 2795 iidem
795 2738 867 2813 cet.)
892 2739 949 2796 Hie
971 2739 1062 2808 locus,
1086 2757 1171 2812 quem
1196 2758 1233 2796 ex

62 2881 64 2885 Α
156 2841 252 2898 parva
278 2832 361 2897 parte
390 2824 566 2897 interpretes
593 2823 768 2898 attigerunt,
803 2823 846 2880 sic
873 2823 1041 2899 implicatus
1069 2835 1113 2880 est
1140 2825 1234 2899 ipsius

157 2906 309 2967 Ciceronis
333 2909 428 2983 culpa,
452 2919 530 2978 ante,
553 2927 639 2981 quam
659 2909 731 2965 satis
749 2909 902 2984 perspicue
920 2910 1118 2966 conclusionis
1134 2919 1234 2984 partes

157 3003 187 3048 et
210 2993 341 3050 ordinem
365 2994 464 3049 animo
487 2994 685 3067 concepisset,
716 2994 841 3050 orationi
870 2995 1000 3050 habenas
1028 2995 1234 3070 permittentis,

157 3087 191 3134 ut
218 3086 299 3134 recte
327 3079 474 3134 sententia
501 3077 583 3134 effici
605 3089 747 3152 nequeat,
778 3080 829 3134 sed
857 3091 971 3136 tantum
1000 3080 1130 3146 ostendi,
1163 3079 1234 3154 quid

156 3162 286 3220 voluerit
308 3163 404 3219 dicere
428 3172 457 3219 et
480 3163 509 3219 in
528 3164 598 3237 quid
616 3163 774 3221 inciderit·
798 3165 870 3221 Vult
887 3164 1047 3239 Epicurum
1065 3165 1234 3221 dilemmate

155 3266 299 3323 premere.
332 3248 442 3323 Incipit
459 3249 496 3304 ab
509 3248 670 3323 voluptatis
688 3249 807 3305 notione
824 3260 973 3323 tamquam
986 3250 1132 3325 ambigua,
1151 3249 1234 3324 quasi

157 3332 425 3402 demonstraturus,
455 3352 520 3389 curn
544 3334 690 3409 Epicurus
713 3335 788 3390 hanc
810 3336 933 3409 primam
958 3336 1118 3409 posuisset,
1147 3346 1235 3409 prout

156 3436 221 3474 eam
245 3417 432 3492 explicasset,
456 3428 506 3474 aut
529 3419 566 3475 ad
589 3419 736 3494 Aristippi
758 3430 809 3475 aut
832 3420 868 3475 ad
892 3420 1066 3496 Hieronymi
1089 3439 1233 3476 summurn

157 3503 265 3558 bonum
289 3504 443 3578 pervenire
466 3504 611 3560 debuisse.
657 3505 761 3577 Itaque
786 3505 876 3578 priori
899 3505 1056 3568 eduobus,
1080 3524 1154 3579 quae
1171 3505 1234 3561 fieri

156 3596 286 3662 possent,
309 3589 387 3661 quod
411 3588 466 3645 hoc
489 3600 547 3645 est:
570 3593 595 3644 si
616 3608 672 3645 eam
696 3589 853 3663 (dixisset),
877 3609 959 3664 quum
976 3591 1142 3665 Aristippus,
1166 3592 1235 3647 idem

156 3681 244 3728 cenem
275 3674 365 3729 debuit
398 3675 531 3742 ritmorum,
565 3675 744 3748 respondere
771 3675 894 3732 alterum
924 3675 1091 3732 huiusmodi
1119 3676 1235 3732 debuit:

156 3760 198 3813 siu
221 3777 288 3826 eum,
312 3777 393 3832 qoam
416 3759 603 3832 Hieronymus,
626 3762 704 3817 idem.
727 3762 801 3833 quod
823 3761 874 3824 dic,
898 3762 1016 3817 ultimum
1037 3771 1130 3817 tenere.
1176 3761 1234 3819 Sed

156 3860 222 3898 cum
241 3843 417 3899 adulteram
436 3854 548 3918 partem
567 3845 758 3919 pervenisset,
782 3845 999 3913 animadvertit,
1023 3846 1065 3902 sic
1081 3865 1139 3901 non
1158 3845 1235 3902 efflet

156 3927 375 3984 conclusionem
410 3941 440 3984 et
467 3930 734 4003 reprehensionem.
786 3930 969 4004 Responderi
998 3931 1073 3986 enirn
1105 3942 1235 4005 poterut:

156 4011 231 4069 Earn
255 4012 333 4083 dixi,
363 4032 449 4086 quam
474 4015 687 4089 Hieronymus,
717 4025 746 4070 et
768 4015 834 4071 ideo
858 4016 933 4070 idem
957 4034 1101 4071 summum
1125 4016 1232 4072 bonum

155 4115 243 4172 pono.
291 4098 467 4173 Urgvendus
495 4099 586 4174 igitur
613 4099 671 4155 alia
699 4099 795 4156 forma
817 4111 881 4156 erat
902 4100 1104 4170 adversarius,
1135 4101 1233 4157 dicen·

156 4182 295 4257 dumque,
319 4184 343 4240 si
367 4183 422 4240 hoc
445 4203 590 4240 summurn
614 4185 722 4240 bonum
742 4197 840 4241 tenere
858 4185 1009 4251 voluisset,
1033 4185 1120 4241 talem
1144 4186 1231 4241 etiam

59 4290 65 4299 ·
157 4268 340 4342 voluptatem
364 4272 434 4340 (non
458 4269 588 4342 dolendi)
616 4270 645 4325 in
675 4270 770 4344 prima
793 4270 1045 4326 commendatione
1069 4271 1232 4344 ponendam

154 4351 262 4422 fuisse;
286 4353 411 4428 positam
436 4374 499 4411 esse
522 4365 619 4411 autern
643 4355 775 4414 alteram.
800 4365 975 4423 mouentem,
999 4374 1074 4429 quae
1094 4374 1162 4412 vere
1181 4375 1230 4408 ro·

156 4436 256 4512 luptas
279 4439 481 4513 appellaretur
492 4441 519 4512 (ξ
533 4441 594 4512 32).
628 4440 795 4497 Premenda
811 4440 902 4515 igitur
918 4450 981 4497 erat
998 4441 1135 4515 specialis
1153 4442 1234 4497 notio
