3030 5086
217 464 278 529 Xll
653 475 850 544 exaestuo.

218 652 374 734 Scaligero
394 652 447 717 illo
471 663 596 717 nostro“
617 654 671 733 (ad
689 670 713 716 c.
731 654 760 728 9,
778 653 844 731 22).
889 651 1020 718 Dubitas
1042 652 1145 731 igitur,
1167 653 1290 718 idemne

217 760 267 825 hic
290 762 331 825 sit
351 770 444 842 atque
465 761 502 839 is,
525 761 578 842 qui
601 762 712 827 ceteris
734 761 809 825 locis
832 760 979 843 Scaligeri
1003 760 1129 839 dicitur,
1152 766 1184 824 et
1205 762 1289 827 unde

216 868 249 933 id
277 870 315 933 de
338 869 461 934 Cuiacio
485 869 621 934 Grutero
649 870 826 935 innotuerit.
870 868 948 949 (Ter
970 867 1125 933 Gruterus
1153 869 1288 933 codicem

218 976 349 1055 Tusaui,
379 996 468 1059 quern
492 977 663 1042 Gulielmus
691 978 883 1058 inspexerat,
912 975 1061 1057 appellat,
1091 976 1144 1056 qui
1166 977 1288 1041 duobus

217 1085 293 1149 locis
311 1086 420 1150 vitiose
438 1085 582 1150 Tusauus
601 1087 697 1150 codex
717 1084 875 1163 scribitur;
898 1083 956 1148 fuit
972 1084 1052 1149 enim
1070 1086 1130 1148 Iac.
1144 1085 1289 1149 'fasanus

218 1192 358 1257 Graecae
367 1193 489 1274 linguae
500 1191 661 1272 professor
672 1193 703 1256 in
715 1191 1049 1258 academiaParisiensi
1062 1192 1184 1256 saeculo
1191 1192 1289 1273 XVI.)

219 1300 343 1366 Gruteri
367 1300 502 1364 editione
523 1301 606 1381 ipsa,
634 1318 694 1365 non
719 1301 919 1365 Gronoviauo
947 1300 1086 1380 exemplo
1112 1318 1187 1366 usus
1210 1319 1288 1365 sum

303 1408 337 1471 E.
369 1406 509 1488 (Codices
535 1407 781 1493 Grorrooiorrnn.)
820 1411 880 1474 Iac.
905 1408 1090 1482 Gronovius,
1113 1427 1181 1472 cum
1205 1409 1288 1475 Gru·

217 1517 276 1581 teri
299 1516 425 1580 editioni
443 1519 631 1597 repetendae
649 1528 808 1599 praeesset
826 1520 867 1599 (a.
883 1517 988 1597 1692),
1010 1535 1086 1581 usus
1103 1524 1151 1580 est
1168 1516 1289 1580 duobus

218 1625 387 1704 codicibus,
417 1624 515 1689 altero
537 1626 637 1706 patris
660 1626 703 1690 lo.
726 1625 896 1704 Frederici,
925 1643 1015 1706 quern
1043 1624 1093 1689 hic
1120 1644 1157 1689 ox
1185 1624 1290 1705 aliqua

217 1741 307 1814 parte
329 1732 509 1797 contulerat*
524 1751 591 1797 cum
610 1733 692 1798 edito
710 1740 863 1811 contextu,
886 1733 999 1797 deinde
1020 1731 1101 1796 filius
1118 1733 1291 1812 inspexisse

219 1859 253 1904 se
275 1846 410 1907 testatur
432 1842 487 1920 (ad
510 1842 562 1920 IV,
580 1842 650 1922 34),
678 1841 777 1905 altero
800 1859 871 1920 suo;
901 1842 957 1905 sed
980 1840 1061 1905 hunc
1082 1839 1147 1904 iore
1171 1846 1289 1904 tantum

217 1949 247 2013 in
271 1948 391 2013 rucndis
414 1949 648 2030 typographicis
671 1949 813 2014 editionis
836 1948 1044 2012 Gruteriauae
1066 1947 1209 2012 tollendis
1232 1967 1289 2027 ap-

218 2056 327 2136 pellat,
362 2074 417 2120 nec
451 2062 520 2120 erat
552 2056 644 2121 ullius
678 2057 784 2137 pretii;
817 2057 899 2137 apud
934 2075 983 2120 me
1011 2057 1158 2121 Gronovii
1192 2056 1289 2120 codex

219 2181 343 2244 serrrper
364 2165 407 2228 lo.
430 2164 587 2228 Fredcrici
610 2164 806 2244 intellegitur.

304 2272 336 2336 F.
369 2269 509 2352 (Codices
531 2269 674 2354 Datioi.)
699 2274 762 2336 io.
786 2272 932 2337 Davisius
955 2274 996 2353 (a.
1021 2273 1117 2352 1728)
1139 2261 1215 2336 usus
1243 2278 1291 2335 cst
1362 2315 1364 2318 >

218 2390 286 2443 octo
300 2380 465 2459 codicibus,
482 2380 656 2445 Eliensibns
669 2381 799 2459 duobus
816 2378 1003 2459 Balliolensi,
1016 2379 1189 2457 Meadiano,
1201 2379 1290 2442 Pari·

219 2486 371 2552 aiensibus
383 2489 491 2567 tribus,
504 2488 750 2570 Cantabrigicusi
759 2487 887 2568 collegii
899 2486 1048 2568 Corporis
1061 2487 1174 2552 Christi
1181 2486 1292 2563 (CCC),

219 2595 371 2676 equibus
393 2595 585 2662 Parisienses
608 2598 651 2661 Io.
674 2597 840 2661 Walkerus
863 2596 1044 2673 contulerat
1066 2596 1121 2660 sed
1144 2613 1220 2659 usus
1243 2600 1291 2658 ost

219 2721 287 2768 cum
310 2704 424 2786 supina
441 2706 575 2786 quadam
595 2703 794 2785 neglegentia.
828 2705 898 2769 Nou
916 2703 976 2767 iarn
993 2703 1053 2767 hoc
1069 2704 1146 2782 dico,
1168 2709 1290 2767 tautum

218 2811 268 2875 hic
290 2811 351 2875 illic
369 2806 526 2894 inspectos
543 2820 576 2876 et
591 2821 847 2877 commemoratos
865 2830 935 2876 esse
952 2812 1082 2890 codices,
1104 2810 1156 2875 ubi
1174 2809 1290 2890 aliquid

218 2919 355 2983 animum
372 2920 565 3001 pupugisset,
589 2928 677 2985 tanta
692 2920 922 3001 inaequalitate,
945 2927 980 2983 ut
997 2920 1090 2983 modo
1107 2922 1143 2994 ct,
1165 2937 1211 2994 oc,
1234 2935 1291 2998 prce

219 3027 374 3091 codicibus
391 3026 537 3091 adhibitis
553 3034 718 3107 permutet,
736 3029 830 3093 modo
849 3028 880 3092 iu
897 3026 1083 3093 foedissimis
1100 3027 1219 3091 mendis
1237 3045 1291 3090 cos

218 3152 279 3198 non
303 3141 402 3213 curet3
432 3136 487 3199 sed
510 3135 658 3215 primum,
686 3137 779 3200 etiam
802 3135 852 3200 ubi
877 3136 998 3201 codices
1021 3135 1168 3216 inspexit,
1197 3153 1291 3214 saepe

113 3292 116 3297 .
219 3249 337 3306 tantum
361 3260 414 3307 eos
436 3243 584 3324 inspexit,
607 3261 684 3323 quos
707 3262 798 3309 casus
821 3243 983 3309 obtulerat.
1028 3243 1121 3308 Velut
1142 3244 1173 3307 in
1196 3244 1226 3322 1,
1249 3243 1291 3307 25

220 3358 328 3414 narrat
345 3369 378 3414 sc
394 3368 516 3419 „vocem
531 3349 635 3414 Triari
649 3350 711 3416 fide
722 3352 796 3415 Msti
806 3351 1002 3416 Ballioleusis
1013 3351 1291 3432 praetermisisse‘,

219 3476 312 3539 quam
335 3467 451 3523 certum
479 3468 527 3523 est
554 3459 584 3523 in
612 3459 696 3524 nullo
724 3460 790 3524 eius
817 3460 922 3524 codice
949 3457 1058 3539 fuisse,
1086 3461 1177 3525 utin
1207 3459 1290 3524 nullo

219 3565 279 3630 aiio
302 3565 373 3644 fuit,
402 3567 457 3631 sed
480 3568 546 3632 eius
569 3567 635 3632 loco
664 3567 694 3630 in
718 3568 872 3632 nonnullis
897 3566 993 3646 Troii;
1021 3568 1065 3648 II,
1089 3570 1107 3632 8
1131 3567 1237 3632 scribit
1258 3568 1290 3631 in

220 3674 303 3747 (tac,
326 3673 437 3749 hiead,
461 3675 535 3739 ΕΗ
562 3695 630 3740 csse
652 3674 780 3753 biareni,
803 3676 891 3756 quasi
911 3676 941 3740 in
959 3675 1071 3740 ceteris
1089 3676 1129 3739 sit
1144 3674 1290 3752 iriorctor,

220 3782 301 3862 quod
325 3781 458 3846 fortasse
480 3783 509 3846 in
529 3802 590 3846 uuo
608 3783 653 3846 Ei.
666 3785 694 3860 2,
717 3783 853 3849 melioris
869 3784 1002 3863 generis,
1024 3790 1101 3861 erat,
1123 3784 1153 3847 in
1171 3792 1290 3847 cetero-

220 3908 287 3953 rum
311 3890 401 3954 nuilo.
447 3890 548 3970 Saepe
569 3891 601 3954 in
621 3891 741 3955 mendis
758 3891 991 3973 typographicis
1009 3893 1203 3971 superiorum
1222 3909 1289 3954 cor-

221 3997 356 4077 rigendis
373 4008 464 4076 parte
482 3998 620 4062 codicum
638 4000 745 4077 utitur,
763 4017 831 4063 cum
849 3998 978 4063 deberet
994 3999 1144 4079 omnibus,
1162 4008 1197 4063 ut
1212 3999 1236 4076 I,
1248 4000 1293 4064 40

217 4103 358 4183 tirciliime
379 4105 424 4168 ait
446 4124 515 4170 esse
538 4107 568 4170 in
587 4107 674 4170 Parr.
692 4106 802 4184 tribus,
825 4106 939 4171 Eliensi
957 4113 1097 4187 utroque,
1120 4108 1291 4188 quoderat

220 4232 279 4276 non
304 4214 404 4278 minus
426 4214 457 4277 in
481 4214 608 4295 reliquis
631 4215 738 4279 tribus.
773 4215 880 4279 Multis
897 4214 980 4291 locis,
1002 4214 1053 4278 ubi
1071 4222 1191 4278 tantum
1209 4216 1290 4279 duae

220 4321 393 4401 scripturae
416 4330 496 4400 sunt,
519 4322 643 4403 utrique
665 4341 759 4386 unum
783 4331 814 4386 ct
836 4323 965 4386 alterum
989 4321 1127 4402 assignat
1145 4322 1290 4400 codicem,

222 4438 341 4492 ceteros
364 4430 486 4492 omnino
510 4430 620 4495 dubios
644 4430 801 4510 relinquit3
825 4439 858 4494 ut
881 4431 904 4507 1,
922 4431 964 4495 30
985 4429 1027 4492 ori
1047 4433 1195 4492 arctarant
1217 4429 1292 4494 dicit
