3030 5086
194 462 256 525 184
583 479 627 525 na
650 479 781 526 rraraus
805 480 876 527 non.

193 647 279 711 locus
301 647 378 727 ipse,
400 644 590 725 aedificiunq
609 683 647 693 -
671 647 728 711 hos
751 666 824 728 ergo
848 656 953 711 asotos
974 647 1055 713 bene
1077 647 1200 728 quidem
1223 645 1272 709 vi·

194 768 266 813 vere
293 758 349 812 aut
375 749 465 812 beate
493 767 660 828 numquam
691 749 829 814 dixerim.
875 750 924 812 24.
959 749 1004 811 lix
1037 768 1099 830 quo
1127 746 1271 827 efficitur,

194 869 255 914 non
283 858 318 914 ut
341 849 485 929 voluptas
513 868 552 914 nc
580 850 621 913 sit
643 850 802 930 voluptas,
832 851 887 914 sed
914 859 950 914 ut
971 850 1117 930 voluptas
1145 850 1274 915 nonsit

195 969 347 1015 summum
375 950 499 1014 botrum.
544 951 610 1015 Nec
636 952 701 1030 ille,
729 952 781 1032 qui
803 951 975 1033 Diogenem
997 952 1133 1016 Stoicum
1160 952 1271 1017 adule-

155 1055 176 1119 ὗ
195 1071 293 1129 scens,
316 1062 387 1133 post
409 1060 514 1117 zeutem
532 1053 714 1117 Panaetium
731 1054 882 1133 audierat,
905 1053 1031 1117 Laelius
1049 1072 1086 1118 co
1103 1054 1205 1118 dictus
1222 1060 1273 1119 est

195 1154 330 1234 sapiens,
353 1156 436 1235 quod
459 1174 520 1219 nou
543 1154 744 1235 intellegeret,
768 1156 841 1235 quid
865 1155 1081 1219 suavissimum
1098 1161 1183 1220 esset
1199 1155 1272 1236 (nec

196 1256 277 1319 enim
293 1256 443 1337 sequium,
466 1266 510 1329 ut,
528 1256 577 1319 cui
595 1274 649 1320 cor
666 1257 777 1338 sapiat,
800 1256 827 1320 ei
846 1275 906 1321 nou
924 1257 1027 1337 sapiat
1043 1257 1191 1338 palatus),
1213 1256 1273 1322 sed

195 1357 268 1438 qma
290 1358 378 1437 parui
400 1358 432 1421 id
454 1360 589 1423 duceret.

268 1549 287 1595 l.
306 1544 349 1593 loa
367 1544 528 1608 oyoLPCOr.
567 1550 589 1592 2.
610 1554 636 1593 at
654 1546 756 1594 brutali
775 1547 840 1594 beate
859 1544 950 1609 quidem
966 1554 1026 1605 (om.
1045 1545 1128 1603 anilla
1165 1548 1188 1596 6.
1208 1542 1275 1609 qaod

195 1629 262 1661 arao.
284 1612 331 1660 ΡΜ
369 1630 410 1661 aec
428 1630 482 1678 ergo
501 1630 584 1676 sequar
603 1614 663 1663 eiE
702 1617 721 1663 7,
743 1613 782 1661 rui
797 1629 845 1662 om.
867 1614 887 1662 E
906 1623 930 1662 ai
949 1630 988 1663 om
1018 1613 1039 1663 Ο
1072 1611 1230 1677 polleiamc

200 1784 354 1842 (oriallaun
389 1788 550 1859 orirqldiaar.
607 1786 693 1859 Quod
727 1787 843 1855 lllureto
872 1787 972 1859 (Vara.
1002 1786 1093 1843 Lecit.
1126 1788 1185 1858 vl,
1216 1785 1273 1860 20)

196 1871 419 1927 commendante
443 1871 602 1928 Lambinus
630 1872 756 1946 recepit:
783 1892 829 1928 aea
856 1872 1020 1929 Corinthiam
1048 1883 1096 1927 aad
1118 1872 1273 1943 Deliacam,

197 1955 225 2011 in
250 1956 331 2012 rrnllo
354 1957 417 2012 cod.
441 1956 528 2013 eredo
551 1965 713 2030 repertum3
737 1956 968 2032 interpolaverat
990 1957 1047 2012 iam
1072 1957 1273 2014 ita—Marsus:

200 2042 363 2097 (hainriciani
392 2061 438 2098 (tes
460 2052 507 2097 aar
532 2042 686 2109 Deliacam,
714 2044 856 2098 utriiia'rau
880 2044 945 2116 (pro
968 2044 1138 2115 aealia'eiarn).
1184 2041 1274 2100 Alias

196 2126 379 2182 coniecturas
402 2127 503 2182 inanes
527 2146 563 2182 ex
587 2126 632 2183 his
655 2127 804 2183 erroribus
827 2127 929 2183 ductas
952 2126 1065 2183 omitto.

281 2212 444 2286 catlitionem)
472 2211 556 2268 Nihil
585 2221 661 2271 erat.
696 2230 747 2267 cur
781 2212 855 2268 hanc
883 2230 984 2268 vocem
1014 2213 1089 2268 Dav.
1119 2221 1149 2267 et
1176 2209 1273 2269 Gaius

197 2296 383 2366 damnarent3
412 2315 466 2353 aec
494 2296 570 2352 enim
600 2296 701 2352 eadem
725 2305 767 2352 est
791 2296 863 2365 loci,
894 2297 923 2353 ia
947 2316 1004 2370 quo
1028 2296 1192 2353 aediticium
1217 2304 1274 2365 eat,

197 2382 359 2439 anroenitas
382 2391 411 2437 et
434 2381 526 2456 ipsius
548 2381 672 2437 aedificii
696 2382 851 2455 elegantia.

284 2477 332 2523 aut
350 2467 435 2539 beate)
459 2468 496 2522 Aa
518 2468 591 2523 beate
608 2466 665 2522 duo
684 2465 761 2535 Gai,
785 2467 815 2523 id
838 2478 891 2536 ost,
916 2466 976 2524 Eri.
1002 2477 1030 2522 et
1054 2461 1215 2545 Spi1·.[B]
1237 2475 1275 2523 ut

200 2552 300 2608 Latub.
318 2563 344 2607 et
363 2550 450 2609 Grut.
476 2552 563 2607 tacite
586 2552 747 2608 ediderant.
771 2551 813 2608 iia
834 2552 1060 2627 distinguentes:
1084 2552 1146 2607 liene
1164 2552 1274 2625 qaudam

199 2640 290 2693 uiuere.
309 2646 337 2693 ai
357 2638 585 2710 beatenamqaaia
604 2639 725 2704 direrr'm,
744 2637 822 2693 utin
842 2637 938 2711 priore
958 2646 1041 2711 parto
1060 2636 1198 2693 audiatur
1208 2638 1274 2693 dia-

197 2724 271 2777 erim.
294 2722 376 2795 quasi
401 2723 462 2777 leae
484 2722 519 2777 sit
545 2723 657 2778 iraumde
703 2720 761 2780 Sed
786 2723 847 2778 aeae
870 2733 899 2778 et
921 2723 994 2778 beate
1015 2721 1172 2778 coniuncta
1194 2730 1274 2791 sunt,

199 2807 342 2881 longeque
367 2807 394 2862 ia
419 2808 473 2863 hac
496 2825 527 2862 ro
550 2807 640 2863 distat
662 2808 782 2863 iucunde.
828 2805 889 2883 [De
911 2826 973 2879 erqo
996 2807 1054 2865 vid.
1080 2826 1107 2881 p.
1124 2804 1207 2883 181.]

285 2892 334 2949 24.
370 2892 513 2965 Diogenem
538 2892 667 2962 Stoieaar)
691 2910 756 2948 cum
781 2892 810 2947 ia
834 2902 904 2948 nota
927 2892 978 2948 illa
1000 2892 1147 2968 legatione
1170 2910 1196 2947 a.
1213 2892 1272 2948 155

200 2978 322 3033 Romam
347 2978 488 3039 venisset:
512 2976 562 3033 eir.
587 2978 675 3033 'l'usc
695 2978 747 3039 tv.
762 2978 788 3033 ὁ.
824 2977 887 3033 Nec
910 2985 1006 3033 tamen
1030 2977 1186 3033 admodum
1210 2985 1274 3033 tum

199 3062 370 3118 adulescens
393 3062 526 3130 Laelius,
556 3063 606 3136 qui
631 3063 663 3118 Ρ.
688 3062 861 3119 Africanum
891 3071 986 3118 aetate
1009 3062 1201 3118 antecedebat¹
1223 3062 1274 3135 (de

200 3147 235 3203 R.
250 3147 283 3203 P.
301 3147 326 3215 Ι,
343 3148 396 3217 18,
422 3147 500 3203 Lael.
523 3149 586 3219 15);
618 3147 778 3204 Africanus
801 3157 897 3203 autem
922 3158 981 3203 tam
1006 3161 1054 3204 aut
1078 3146 1200 3221 triginta
1221 3154 1276 3203 aaut

199 3231 398 3307 undetriginta
420 3250 512 3288 anuos
535 3232 670 3302 habebat,
694 3244 780 3290 natus
803 3251 828 3288 a.
846 3232 902 3289 1Θῦ
927 3244 976 3288 aut
1005 3234 1062 3289 184
1085 3250 1112 3307 ιι.
1137 3230 1217 3291 cnr..
1240 3240 1276 3287 ut

199 3316 325 3373 eflicitur
348 3336 363 3372 e
387 3317 451 3373 Liv.
474 3318 587 3385 XLIV,
612 3321 650 3373 44
675 3328 703 3374 et
728 3318 814 3375 Diod.
839 3317 897 3377 Sic.
923 3319 950 3375 ll
976 3337 1003 3392 p.
1018 3318 1078 3373 580
1095 3319 1198 3385 Wess,
1221 3316 1274 3390 qui

200 3412 296 3457 tannen
321 3421 348 3475 p.
367 3403 427 3459 585
452 3416 542 3459 extr..
572 3403 669 3459 neseio
697 3421 755 3476 quo
779 3422 877 3459 erroro
900 3402 1052 3469 (fortasse.
1081 3402 1159 3476 quod
1183 3402 1274 3478 Poly·

200 3487 264 3543 bius
287 3487 372 3543 siarul
397 3498 604 3544 commemorat
629 3496 750 3545 mortem
771 3488 803 3545 L.
818 3488 937 3544 Aemilii
951 3488 1038 3544 Pauli
1061 3500 1088 3543 et
1112 3487 1273 3544 amicitiam

200 3590 282 3627 stram
316 3581 344 3628 ct
375 3572 525 3631 Africani.
559 3573 672 3646 aliquot
706 3573 789 3629 annis
822 3583 890 3629 ante
923 3578 1070 3647 coeptam)
1098 3572 1274 3653 Africanum

199 3676 225 3712 a.
253 3658 311 3713 tut)
334 3656 535 3733 duodeviginti
558 3677 650 3715 aornos
673 3657 810 3714 habuisse
833 3659 944 3715 scribit.
981 3658 1026 3714 De
1049 3658 1184 3714 Panaetii
1207 3676 1273 3715 eum

201 3741 358 3809 Africano.
397 3742 500 3799 Laelio
534 3744 629 3817 (Brut.
670 3744 754 3815 101).
793 3744 859 3800 aliis
894 3744 1034 3801 Romanis
1067 3733 1274 3801 coainaetiono

200 3827 298 3882 omnia
321 3837 399 3883 irota.

285 3915 329 3968 etri
350 3932 395 3968 cor
419 3916 521 3987 sapiat)
549 3914 602 3969 Cor·
621 3932 674 3988 pro
693 3925 788 3969 memo
807 3914 926 3987 antiquo
950 3924 977 3969 et
1002 3914 1125 3988 poeticen
1150 3913 1276 3971 fortasse

201 3997 288 4054 etiam
312 4016 348 4053 ex
373 4016 427 4053 asu
444 3998 570 4071 quodam
590 3998 754 4054 cotidianae
775 4000 852 4055 ritae
871 3999 954 4055 dixit.
979 4017 1043 4054 etun
1068 4007 1098 4054 nt
1118 4004 1208 4073 carpini
1226 4016 1275 4055 ac·

200 4082 415 4138 commodatum
445 4094 535 4141 esset.
565 4093 625 4139 tntn
655 4093 687 4139 nt
715 4085 812 4158 aptius
842 4084 1032 4159 responderet
1057 4086 1160 4158 [raalaio.
1210 4083 1274 4143 cfr.

202 4166 278 4224 inira
302 4168 350 4223 tu.

284 4252 407 4326 perlatas)
433 4251 572 4308 Davisius
595 4271 610 4306 o
634 4253 718 4311 l'arr.
742 4251 802 4325 lii)
820 4264 848 4309 ot
868 4256 885 4308 2
907 4256 1038 4328 palatum,
1063 4273 1120 4328 qna
1143 4254 1276 4310 nomina·

202 4337 253 4393 tiri
278 4337 371 4394 forma
395 4338 486 4394 utitur
511 4338 605 4392 Varro
630 4338 663 4396 ll.
691 4340 723 4395 li.
748 4340 770 4397 l.
797 4340 846 4395 66.
870 4339 926 4397 lll.
952 4339 978 4394 3.
1004 4341 1030 4394 7.
