3030 5086
469 406 514 452 nr
536 404 617 452 uun.
639 404 704 450 nm.
726 403 737 448 1
761 404 834 450 cae.
860 407 933 452 a-a.
953 406 1049 463 (s-r.)
1257 386 1297 450 19

306 573 363 638 111
408 575 436 638 7.
482 575 691 653 Quamquam,
719 571 745 636 si
772 571 867 652 plane
894 571 938 636 sic
959 577 1113 636 verterem
1135 572 1298 637 Platonem

216 684 277 740 aut
301 673 513 753 Aristotelem,
542 680 578 738 nt
599 677 762 738 verterunt
789 674 889 737 nostri
910 680 1023 754 poetae
1045 673 1180 750 fabulas,
1206 673 1297 752 male,

216 778 330 855 credo,
357 795 497 841 mererer
517 777 558 841 de
579 774 656 839 meis
679 774 812 853 civibus,
840 775 867 839 si
894 775 934 839 ad
962 793 1069 840 eorum
1092 775 1298 856 cognitionem

217 878 328 944 divina
354 878 408 943 illa
429 877 555 958 ingenia
575 874 789 942 transferrem.
834 876 895 942 Sed
922 876 955 941 id
983 894 1084 957 neque
1111 875 1168 940 feci
1196 877 1299 940 adhuc

219 998 280 1045 neo
311 980 385 1044 mibi
418 986 536 1057 tamen,
580 996 619 1042 ne
652 977 777 1056 faciam,
821 978 1020 1043 interdictum
1059 986 1144 1058 puto.
1198 977 1338 1044 Locosb

219 1081 347 1162 quidem
374 1081 540 1163 quosdam,
568 1079 597 1144 si
618 1079 786 1158 videbitur,
814 1076 1017 1155 transferam,
1045 1087 1077 1143 et
1104 1079 1238 1143 maxime
1259 1079 1298 1144 ab

295 1255 315 1299 l.
331 1250 405 1315 picae
421 1266 448 1300 se
464 1249 540 1300 ee‘cE
576 1254 599 1301 ὓ.
619 1247 717 1297 maiiE
754 1249 936 1301 ³.mere1urE
974 1254 996 1300 4.
1017 1247 1156 1313 iuqenitoE
1182 1250 1299 1311 transser-

219 1336 272 1368 rm
287 1318 380 1383 inquio
399 1320 426 1367 M
480 1323 502 1370 5.
526 1333 600 1380 oepit
623 1325 701 1366 tamea
722 1315 816 1366 mutu
864 1315 915 1384 [uec
925 1316 1093 1383 sacacium
1120 1324 1145 1365 ut
1160 1317 1299 1379 saciumC

135 1408 141 1419 ·
220 1387 369 1437 innumero
384 1397 444 1453 puto
461 1404 490 1437 ue
503 1385 596 1447 facicm
615 1385 636 1434 P

310 1545 403 1600 iisdem
425 1545 459 1600 rie
480 1544 561 1599 rouo
578 1575 614 1584 -
634 1541 798 1615 conpositio)
817 1541 900 1598 Haec
917 1541 1009 1597 verba
1027 1541 1057 1597 in
1070 1540 1158 1616 Spin,
1177 1539 1256 1599 Gud.
1271 1535 1299 1609 2,

220 1629 292 1685 Par.
317 1629 334 1683 2
358 1628 532 1685 exciderunt
553 1627 624 1699 (vid.
648 1626 684 1682 ad
708 1631 723 1695 ξ
748 1627 814 1699 27),
842 1626 906 1682 sine
934 1626 1041 1700 quibus
1068 1627 1214 1683 sententia
1241 1645 1299 1683 non

221 1721 354 1780 constat,
383 1731 458 1787 quae
481 1712 606 1770 vertitur
633 1713 662 1769 in
685 1710 759 1768 illis:
789 1713 882 1768 iisdem
905 1712 1048 1768 derebus.
1092 1711 1164 1768 Alia
1185 1711 1300 1768 ratione

221 1798 387 1872 compositu
408 1808 489 1855 recte
511 1798 657 1866 dicuntur,
681 1814 756 1869 quae
779 1796 837 1853 alio
860 1796 963 1853 ordine
982 1796 1188 1870 scribendique
1205 1795 1301 1853 forma

222 1892 350 1939 tractata
372 1891 466 1941 erant.

310 1967 505 2042 cop.111,7.
528 1969 605 2036 male,
628 1968 716 2035 credo,
739 1964 866 2039 muer)
891 1965 1024 2041 Scaliger
1049 1966 1105 2034 „ad
1128 1984 1209 2022 oram
1232 1965 1299 2022 libri

223 2052 301 2123 sui“,
325 2052 371 2109 El.
390 2054 417 2110 2.
442 2052 486 2109 ed.
510 2052 616 2109 Marsi:
639 2071 690 2108 nou
712 2053 789 2106 male.
823 2053 938 2125 Aperta
960 2058 1004 2106 est
1027 2050 1131 2107 ironia.
1167 2049 1226 2109 Sed
1249 2069 1299 2107 an-

223 2136 353 2194 notanda
375 2147 421 2194 est
437 2137 548 2212 duplex
570 2136 716 2194 sententia
735 2135 947 2192 condicionalis
964 2135 1015 2191 uni
1034 2135 1201 2210 primariae,
1225 2153 1300 2208 quae

224 2221 320 2278 media
336 2222 491 2278 interiecta
510 2231 563 2287 est,
582 2221 772 2287 circumdata,
789 2221 867 2294 quod
886 2220 918 2277 fit
935 2220 1005 2276 item
1023 2220 1169 2277 interdum
1187 2220 1217 2277 in
1235 2239 1300 2277 sen·

223 2306 324 2364 tentiis
346 2306 512 2364 causalibus
535 2307 585 2365 ita
609 2315 641 2362 nt
663 2304 810 2380 posterior
836 2304 994 2380 specialius
1015 2305 1130 2379 aliquid
1152 2305 1299 2362 contineat

226 2400 256 2448 et
276 2390 314 2447 ad
337 2409 409 2457 rem,
435 2392 471 2447 de
493 2410 551 2466 qua
573 2399 691 2467 agatur,
714 2390 836 2465 propius
859 2390 1024 2464 pertinens,
1048 2391 1126 2463 quod
1150 2390 1179 2446 in
1203 2390 1300 2465 priore

225 2474 309 2550 qnasi
332 2476 497 2533 involutum
520 2475 622 2533 lateat.
668 2474 749 2533 Citat
772 2473 842 2533 Otto
866 2476 952 2532 Verr.
975 2475 1031 2544 IV,
1055 2474 1111 2531 43:
1135 2475 1169 2532 Si
1188 2495 1300 2539 emerus,

225 2561 294 2635 quid
314 2571 389 2632 erat,
412 2562 486 2635 quod
507 2561 689 2634 eoirsiruaubot,
713 2580 741 2616 se
762 2560 811 2616 abs
834 2570 858 2616 te
879 2570 1018 2633 arpentum
1039 2580 1096 2617 esse
1118 2564 1300 2634 repetiturum,

224 2648 250 2703 si
270 2646 301 2701 id
322 2646 371 2702 tibi
389 2666 440 2702 aua
462 2648 595 2702 uoluntate
616 2647 791 2702 uerrdideralt
824 2644 934 2701 Eodem
954 2645 1040 2701 modo
1059 2645 1196 2701 scribitur
1212 2645 1301 2701 Tusc.

224 2732 263 2801 V,
287 2733 328 2787 24
351 2733 541 2804 (quamquam
569 2730 611 2787 ibi
639 2730 763 2786 alterurn
791 2749 850 2785 cum
878 2729 971 2804 magis
993 2748 1164 2804 comparare
1186 2739 1301 2786 contra·

224 2815 300 2873 rium
324 2834 412 2889 qnam
434 2833 552 2872 cansam
576 2814 741 2890 significare
766 2814 907 2885 videtur),
936 2814 972 2869 de
996 2814 1098 2871 Divin.
1121 2815 1167 2882 11,
1192 2816 1241 2879 57,
1264 2815 1301 2871 od

224 2901 291 2958 Att.
312 2901 338 2969 I,
364 2900 392 2970 5,
416 2903 435 2957 4
458 2902 529 2972 (cum
552 2903 647 2956 multos
671 2901 729 2956 dies
751 2918 831 2955 aures
853 2918 925 2955 uaeas
948 2899 1065 2956 Acutilio
1086 2901 1233 2966 dedissem,
1250 2920 1302 2954 uorr

224 2987 294 3042 nribi
311 3005 396 3058 preve
417 2987 553 3042 (lusissent
576 2986 690 3042 scribere
711 2986 751 3040 od
772 2994 796 3040 te
818 2985 945 3040 duillius
967 2988 1152 3058 querimoniis,
1175 3004 1234 3041 cum
1257 3004 1303 3040 eus

223 3072 331 3137 audrie,
355 3072 430 3144 quod
450 3080 509 3126 erat
530 3071 710 3138 sebodiscula,
733 3071 787 3125 leue
804 3072 965 3143 putassem).
999 3068 1077 3146 [cfr.
1100 3070 1187 3126 hanins
1205 3071 1303 3143 operis

224 3155 289 3223 III,
314 3155 364 3212 38.
411 3155 492 3212 Duas
521 3154 707 3211 concessivae
735 3154 896 3209 sententias
926 3154 967 3210 sic
996 3155 1093 3228 posuit
1117 3154 1221 3215 Cicero
1244 3155 1302 3221 ΙΙΙ,

226 3239 292 3317 ou]
327 3239 405 3296 Add.
429 3259 482 3313 pro
494 3239 594 3296 Tullio
611 3240 658 3302 12,
682 3239 733 3295 nbi
756 3239 855 3314 attigit
876 3239 931 3295 hoc
953 3258 1046 3313 genus
1060 3240 1182 3295 Beierus
1205 3258 1232 3313 p.
1247 3241 1302 3307 213

225 3325 344 3381 dixerat
372 3324 484 3397 aliquid
512 3325 701 3381 Heindoriins
730 3323 796 3380 loco
830 3342 888 3380 non
923 3334 992 3398 apto
1019 3324 1056 3379 ad
1084 3325 1122 3380 N.
1147 3325 1184 3380 D.
1208 3324 1237 3388 I,
1263 3325 1301 3379 25

225 3411 305 3481 (narn
334 3409 360 3466 is
388 3409 487 3479 locus,
521 3409 550 3465 in
579 3428 638 3483 quo
667 3408 747 3483 prior
775 3408 921 3464 sententia
955 3427 1019 3464 curn
1054 3409 1149 3465 altera
1182 3420 1302 3482 pugnat,

225 3494 357 3570 graviter
379 3494 537 3550 mendosus
560 3496 631 3567 est);
654 3494 689 3549 de
707 3493 808 3549 eadem
823 3492 1005 3550 Graecorum
1029 3492 1125 3550 forma
1147 3494 1201 3563 (sic
1225 3495 1302 3549 enirn

226 3588 331 3654 sponte
354 3579 494 3647 nascitur,
507 3589 549 3634 ·ut
571 3579 650 3655 apud
673 3597 723 3634 eos
746 3595 863 3651 quoque
880 3579 930 3650 sit)
949 3597 975 3633 v.
989 3578 1169 3635 Matthiaeus
1182 3578 1236 3636 Gr.
1249 3577 1302 3636 Gr.

227 3668 241 3732 ξ
265 3663 338 3731 636,
362 3663 390 3718 2.
436 3662 511 3720 Sunt
534 3663 609 3719 aliae
632 3672 775 3737 cognatae
798 3661 925 3733 formae,
956 3663 985 3719 in
1014 3663 1120 3736 quibus
1149 3673 1217 3737 post
1244 3664 1303 3737 pri-

228 3747 348 3804 mariam
372 3748 547 3804 sententiam
571 3748 739 3805 distinctius
757 3738 932 3821 explicatur,
956 3748 1035 3821 qnod
1051 3756 1119 3803 ante
1137 3747 1304 3823 generalius

226 3842 255 3889 et
276 3831 396 3888 brevius
420 3832 529 3889 dictum
553 3842 607 3901 est,
630 3833 713 3889 velut
734 3833 764 3889 in
786 3832 910 3889 consilio
929 3833 1121 3907 significando
1139 3836 1204 3906 (pro
1218 3834 1304 3889 Rosa

226 3917 329 3974 Amer.
359 3919 396 3972 14
425 3917 525 3992 ibique
548 3919 685 3989 Marta),
714 3918 744 3974 in
773 3917 970 3992 comparando
1000 3918 1050 3989 (ad
1078 3918 1113 3989 Q.
1142 3919 1237 3974 Fratr.
1262 3918 1303 3985 11,

230 4002 296 4058 loe
319 3998 401 4081 [13],
426 4004 458 4059 2:
482 4005 530 4059 boc
546 4006 668 4076 sortasse
689 4005 812 4075 efficiam,
835 4004 909 4075 quod
930 4021 1010 4076 saepe
1032 4010 1100 4074 oet.)
1128 3999 1217 4081 [Tap.
1234 4005 1303 4068 100,

227 4086 356 4163 nnirspo.
381 4089 443 4147 111.
468 4089 506 4144 35
531 4098 561 4144 oo
583 4089 637 4158 rv,
665 4067 899 4165 11.]‘niooooo
928 4098 972 4143 ooo
998 4105 1033 4142 oo
1055 4088 1302 4144 consistorianos

228 4173 439 4229 sententiarum
463 4173 549 4242 ratio,
573 4173 608 4229 de
631 4192 690 4247 qua
712 4173 825 4228 dicetur
847 4172 883 4228 ed
907 4173 948 4241 Π,
977 4173 1044 4228 112.

311 4268 336 4313 et
358 4260 473 4313 amoime
495 4259 529 4313 ab
551 4257 598 4332 iia)
622 4258 672 4314 Ad
691 4259 753 4313 Au.
774 4259 828 4323 VI,
843 4258 871 4326 2,
886 4257 918 4312 3:
943 4257 1033 4331 Atque
1056 4261 1133 4313 istum
1156 4276 1202 4329 epo
1220 4260 1303 4313 locum

229 4343 334 4398 totidem
356 4343 443 4398 verbis
470 4363 487 4398 α
510 4343 682 4400 Dicaearcho
709 4344 843 4399 transtuli.
888 4343 968 4399 Male
998 4342 1088 4417 igitur
1116 4343 1146 4399 in
1170 4340 1302 4400 Suetonii

1066 4458 1099 4506 ᾗ*
