3030 5086
474 506 515 550 an
539 504 618 552 usn.
642 503 705 549 nis.
728 505 750 550 v
773 504 846 550 car.
866 509 897 550 m
921 504 1052 565 (sn-ro.)
1235 487 1297 552 729

225 673 329 751 sisset,
346 681 435 737 tanta
450 673 569 738 laetitia
585 672 731 755 perfundi
742 671 941 751 arbitramur,
958 681 1075 754 quanta
1091 675 1297 754 autsuperio-

225 793 290 840 rem
314 774 492 840 AirIcanum
509 773 684 839 Hannibale
705 775 787 838 victo
809 781 866 839 aut
886 774 1093 856 posteriorem
1111 776 1298 858 Carthagine

225 877 356 942 eversa?
400 871 498 957 Quem
518 877 666 942 Tiberina
687 876 849 942 descensio
871 874 951 941 festo
973 877 1024 941 illo
1048 878 1099 942 die
1115 885 1203 956 tanto
1218 897 1296 959 gou-

231 1182 253 1232 Ή
285 1120 315 1231 Ii
337 1119 403 1164 Ante
425 1124 495 1164 teuto
516 1116 574 1166 edd.
599 1115 673 1165 estE
727 1120 750 1164 3.
769 1114 885 1164 dissensio
904 1114 947 1165 tc
970 1113 1078 1165 decursio
1096 1114 1186 1165 Proba
1230 1125 1298 1166 sesto

226 1201 233 1232 t
253 1202 266 1232 ο

221 1393 364 1466 perfusum
385 1410 442 1448 esse
465 1392 642 1465 (umquam);
673 1410 738 1446 narn
762 1391 800 1446 ad
818 1393 950 1466 perjbndt‘
971 1393 1067 1467 aptius
1090 1403 1154 1449 erat
1174 1397 1298 1469 correspi·
1383 1405 1391 1420 ⁶

224 1481 306 1544 verim
330 1476 403 1532 mire
426 1477 498 1532 haec
520 1487 565 1532 est
587 1477 616 1532 in
641 1487 707 1532 tam·
723 1488 825 1550 aperta
848 1477 997 1548 oratione,
1021 1479 1050 1535 itt
1073 1489 1155 1534 tanta
1179 1479 1297 1554 propin-

224 1561 337 1636 quitate
365 1561 571 1637 discrepantia.
620 1561 800 1637 (sumpsisset
828 1562 915 1618 etiarn
946 1559 1032 1638 Εξχψ
1060 1574 1090 1619 et
1117 1563 1179 1620 siue
1208 1565 1297 1621 dubio

224 1665 325 1703 omnes
348 1646 523 1715 deteriores,
552 1646 607 1703 nisi
631 1665 705 1703 unus
728 1658 757 1703 et
779 1648 863 1713 alter,
887 1659 919 1704 ut
942 1649 966 1705 L
989 1661 1102 1717 noster,
1126 1650 1298 1706 emendatus

224 1742 283 1798 est,
307 1744 367 1787 turn
391 1732 535 1788 editiones
557 1742 624 1788 ante
648 1733 758 1789 Aldum
782 1733 955 1791 Manutium.
1001 1735 1062 1810 Mg.
1083 1733 1162 1792 Crat.
1185 1742 1296 1791 rectum

225 1818 322 1884 habet,
346 1814 392 1897 [ut
418 1819 455 1884 Β;
478 1818 529 1873 sed
552 1818 577 1874 is
599 1832 631 1873 ut
655 1819 715 1876 Erl.
738 1830 778 1875 est
799 1815 905 1898 addit].

315 1904 438 1958 Tiberino
455 1906 603 1977 descensio)
617 1904 768 1979 Significat
782 1905 857 1960 diem
872 1905 969 1960 Fortis
981 1905 1138 1967 Fortunae,
1157 1915 1189 1960 ut
1200 1906 1298 1961 Varro

122 1991 124 1997 '
223 1988 355 2062 appellat
368 1990 399 2046 L.
416 1991 448 2047 L.
462 1991 506 2046 VI
519 2011 545 2065 p.
555 1991 593 2046 56
609 1990 683 2064 sip..
696 1990 746 2062 qui
759 2000 821 2044 erat
833 2007 859 2043 s.
872 1989 899 2044 d.
912 1989 988 2045 VIII
1000 1989 1078 2055 Kal,
1091 2008 1149 2045 non
1159 1990 1296 2059 Sextiles,

224 2086 256 2128 ut
279 2073 477 2142 Camerarius,
502 2094 554 2130 uec
578 2075 774 2148 Septembres,
798 2086 831 2130 ut
848 2075 1001 2131 Ernestius
1024 2085 1053 2129 et
1072 2073 1164 2132 Gzius
1187 2074 1297 2146 dicunt,

224 2159 274 2214 sed
298 2160 460 2232 Quintiles;
484 2159 573 2218 Ovid.
598 2159 677 2215 Fast.
698 2161 750 2215 VI.
770 2161 841 2229 774,
865 2160 985 2217 Calend.
1008 2169 1078 2215 vett.
1102 2160 1179 2234 apud
1203 2160 1295 2218 OrelI

223 2245 373 2320 Inscripti.
388 2247 465 2302 Latt.
479 2246 509 2302 II
522 2265 550 2320 p.
564 2245 646 2318 392).
680 2245 725 2301 Eo
747 2245 794 2301 die
817 2246 893 2301 inter
915 2245 975 2301 ulie
996 2245 1117 2301 iuvenes
1134 2245 1212 2302 laeta
1229 2265 1297 2303 con·

223 2330 304 2385 vivia
327 2331 355 2386 in
369 2330 491 2405 ‘cymbis
514 2331 659 2406 agitantes
682 2330 810 2386 secundo
832 2331 951 2386 flumine
974 2331 1166 2406 navigabant,
1190 2331 1220 2387 id
1243 2341 1297 2402 est,

223 2415 449 2483 descendebant,
473 2427 504 2472 ut
528 2415 700 2489 Propertius
723 2416 852 2489 quuitur
871 2416 910 2472 II.
932 2420 960 2482 4,
983 2418 1018 2472 19
1043 2417 1218 2490 (Tranquillo
1240 2428 1298 2474 tutu

223 2503 363 2557 desemdt'e
374 2503 485 2575 flumine
501 2502 606 2573 spendor
628 2501 680 2556 cfr.
697 2503 815 2558 Sueten.
829 2502 895 2558 Tib.
914 2503 971 2574 10).
1005 2502 1082 2558 Nam
1095 2504 1297 2570 descensionem,

223 2595 255 2641 ut
279 2587 419 2642 Davisius
442 2586 542 2654 edidit,
567 2587 641 2641 benc
662 2584 832 2642 Ciceronem
856 2588 1032 2662 appellasse,
1056 2588 1159 2661 optimi
1182 2588 1298 2644 codices

223 2682 377 2727 testantur.
392 2672 462 2730 Erl..
476 2670 552 2746 Spir.
566 2668 631 2747 [B],
645 2690 700 2745 mg.
714 2671 803 2738 Crat,
817 2671 872 2732 El..
896 2693 913 2727 a
936 2674 1043 2747 quibus
1066 2673 1115 2728 vix
1135 2673 1297 2738 discedunt,

223 2757 273 2829 qui
285 2759 416 2813 dissensio
428 2757 537 2812 habent
548 2757 624 2825 (cod.
634 2756 718 2822 Mna,
733 2757 868 2813 meliores
881 2759 1018 2823 Victorii,
1032 2759 1117 2825 Poll,
1131 2772 1256 2833 excepto
1270 2761 1298 2828 4,

223 2841 378 2898 Davisiani
398 2842 505 2916 plures,
523 2859 548 2914 χ,
566 2842 692 2907 Monac.;
711 2837 752 2912 ξψ
771 2847 904 2901 dissentio,
924 2844 978 2898 cod
1002 2842 1105 2908 Gron.,
1118 2845 1155 2911 U,
1171 2845 1297 2900 Vindob.

223 2929 374 2999 discensio).
419 2927 479 2983 Pro
501 2927 557 2981 hoc
580 2927 609 2981 in
633 2926 699 2981 aliis
722 2925 853 2996 (Maffaei
877 2941 905 2984 et
926 2929 1030 2987 Tertii.
1054 2940 1192 3001 quattuor
1210 2931 1298 2986 Lam-

223 3011 293 3078 bini,
317 3012 382 3068 Pal.
396 3015 423 3078 4,
449 3012 531 3069 Parr.
550 3015 562 3067 l
578 3011 628 3082 (P)
646 3023 674 3066 et
689 3012 716 3070 3,
740 3011 819 3070 Gttd.
844 3023 977 3088 utroque.
1002 3014 1085 3086 Bas.)
1108 3014 1296 3071 substitutum

222 3108 266 3152 est
289 3100 424 3162 (leertrsio,
454 3097 531 3170 quod
561 3107 627 3171 post
650 3098 814 3154 Manutiurn
838 3099 970 3173 plerique
994 3099 1155 3174 probarunt
1178 3109 1298 3176 propter

222 3181 321 3239 Ovidii
345 3184 380 3238 de
405 3184 459 3238 hac
482 3202 513 3238 re
537 3201 668 3238 versum:
691 3184 765 3238 Pars
785 3188 862 3258 pede,
883 3204 951 3259 poro
974 3190 1052 3241 etium
1069 3187 1148 3242 celeri
1164 3187 1298 3243 decurrite

220 3269 322 3340 epnrbu
360 3269 396 3324 Et
418 3281 517 3343 aptum
542 3268 604 3324 sine
628 3267 717 3323 dubio
740 3268 913 3326 decurrendi
931 3271 1051 3327 verbum
1076 3282 1140 3327 erat
1161 3270 1198 3326 ed
1221 3271 1297 3328 hanc

221 3352 362 3409 ludicram
388 3354 604 3427 navigationem
628 3354 863 3428 significandam
888 3357 1036 3430 propriam
1060 3375 1123 3412 eam
1148 3356 1235 3413 huius
1253 3357 1296 3413 rei

220 3439 447 3513 appellationem
467 3438 568 3504 fuisse,
589 3439 706 3494 rninirne
724 3457 760 3495 ex
779 3439 831 3495 illo
843 3458 929 3496 versu
945 3441 1111 3510 conficitur;
1129 3459 1183 3498 nec
1201 3443 1297 3499 minus

221 3534 321 3598 aptum
335 3525 457 3580 alterurn
468 3537 539 3586 erat,
553 3525 599 3581 cui
612 3524 784 3599 praesertim
797 3527 975 3583 contrarium
988 3527 1177 3602 responderet
1191 3546 1296 3584 nomen

221 3610 397 3666 invectionis
425 3611 561 3684 (adverso
588 3610 730 3683 flumine).
785 3609 843 3682 Qui
872 3611 1030 3687 scriptores
1057 3613 1239 3669 decursionis
1268 3624 1297 3669 et

220 3694 419 3751 descensionis
442 3695 609 3752 nominibus
640 3696 684 3753 usi
712 3696 785 3760 sint,
815 3697 851 3752 ad
875 3698 1041 3755 huiusmodi
1064 3699 1294 3773 contrusersiam

221 3780 412 3837 dirimendam
436 3780 547 3838 frustra
569 3781 735 3855 quaeritur,
764 3800 828 3838 eum
854 3791 1010 3856 utrumque
1033 3784 1142 3840 usitate
1164 3795 1193 3840 et
1216 3802 1294 3840 com·

221 3866 300 3921 muni
318 3866 414 3922 forma
430 3868 467 3922 ab
480 3867 596 3923 usitatis
608 3867 707 3923 verbis
724 3867 867 3943 ducatur..
891 3869 982 3925 Iidem
1002 3869 1125 3937 codices,
1143 3869 1172 3925 in
1189 3869 1295 3943 quibus

219 3953 354 4008 descensio
381 3953 533 4019 scribitur,
562 3953 684 4008 alteram
709 3971 808 4008 veram
837 3955 1011 4029 scripturam
1034 3954 1158 4022 habent,
1186 3958 1296 4012 invectio

219 4036 305 4107 (Eri,
331 4037 408 4111 Spir.
425 4033 494 4117 [B];
518 4056 584 4092 nam
608 4038 644 4094 de
668 4038 773 4094 ceteris
796 4043 935 4112 tacetur),
960 4059 1046 4113 quarn
1065 4040 1205 4096 Davisius
1228 4057 1296 4097 con-

218 4121 332 4179 iectura
355 4124 515 4179 invenerat.
560 4124 638 4179 Hinc
666 4122 695 4178 in
725 4123 902 4182 deteriorum
932 4126 1063 4200 principe
1091 4124 1200 4182 facturn
1231 4135 1296 4182 erat

216 4211 327 4274 invecto,
351 4209 427 4282 quod
452 4219 496 4264 est
519 4208 548 4264 in
573 4202 680 4279 Εΰξψ,
705 4207 828 4265 Gzianis
851 4212 981 4285 reliquis.
1030 4211 1165 4267 Editores
1187 4210 1255 4268 inde
1277 4229 1294 4268 a

219 4292 299 4351 Crat.
329 4295 365 4350 ad
394 4294 561 4350 Ernestinm
591 4305 747 4350 tenuerunt
775 4298 916 4360 detrectent,
952 4309 1099 4372 sumptum
1129 4315 1166 4352 ex
1194 4297 1293 4370 aliquo

218 4379 319 4435 codice
342 4379 434 4436 nostri
459 4380 483 4436 L
505 4380 603 4447 simili,
627 4378 669 4435 sic
692 4397 808 4453 quoque
831 4382 964 4441 subiecto
986 4381 1129 4440 orationis
1151 4391 1294 4439 carentes.

219 4460 344 4544 [Persem
366 4485 402 4522 ex
427 4465 487 4522 Erl.
513 4476 543 4521 et
567 4465 590 4521 B
613 4483 666 4540 pro
689 4461 815 4544 Persem]
