3030 5086
255 463 318 528 356
646 480 690 524 nn
712 479 844 527 marsus
866 479 937 525 non.

254 648 417 724 consentit,
439 654 558 726 pugnat
580 646 689 711 oratio.
723 645 850 711 Minime
868 666 951 726 vero,
973 647 1075 728 inquit
1090 647 1151 725 ille,
1168 647 1340 712 consentia

255 748 412 828 Quidquid
435 747 516 811 enim
539 756 666 827 praeter
688 748 735 827 id,
759 750 842 830 quod
866 749 1028 814 honestum
1051 750 1101 828 sit
1123 750 1335 829 expetendum

254 869 323 915 esse
346 847 461 914 dixeris
483 849 515 912 in
538 850 689 931 bonisque
712 851 938 929 numeraveris,
968 861 1000 915 et
1028 852 1191 915 honestum
1217 850 1333 931 ipsum,

253 952 343 1032 quasi
366 950 489 1015 virtutis
517 952 632 1030 lumen,
663 952 829 1017 extinxeris
857 961 889 1017 et
916 953 1061 1017 virtutem
1088 952 1213 1032 penitus
1241 971 1333 1016 ever-

215 1054 339 1119 511113.
385 1055 433 1116 11.
456 1052 610 1117 Dicuntur
632 1053 702 1132 ista,
725 1053 812 1133 Cato,
835 1054 1012 1134 magnifice,
1035 1054 1176 1135 inquanr,
1204 1054 1261 1119 sed
1283 1053 1332 1118 vi·

252 1155 349 1218 dasne
366 1154 532 1219 verborum
548 1154 678 1234 gloriam
702 1154 758 1219 tibi
777 1174 845 1219 cum
862 1155 1024 1235 Pyrrhone
1040 1164 1071 1219 et
1088 1173 1157 1218 cum
1174 1155 1332 1234 Aristone,

221 1243 223 1247 ’
254 1256 306 1336 qui
334 1255 438 1320 omnia
460 1264 648 1336 exaequant,
677 1274 747 1319 esse
775 1258 989 1321 communem?
1016 1258 1056 1322 dc
1083 1257 1210 1337 quibus,
1238 1256 1331 1337 eripio

254 1357 348 1430 scire,
372 1357 446 1438 qnid
469 1357 596 1421 sentias.
630 1357 752 1439 Egone,
775 1357 913 1438 quaeris,
942 1358 1055 1441 inquit,
1079 1358 1153 1438 quid
1176 1355 1332 1422 sentiam?

325 1530 345 1575 1.
365 1524 441 1574 oratio
456 1535 549 1591 prrqnat
568 1527 664 1577 LMCR
682 1545 728 1575 uon
743 1536 842 1592 pupnat,
863 1543 912 1578 om.
932 1528 1016 1587 oratio,
1035 1528 1055 1575 P
1091 1533 1114 1579 3,
1133 1544 1184 1576 ease
1201 1510 1332 1575 1111ιέεαῦ

255 1594 296 1642 Ll'
341 1594 406 1642 bonas
425 1596 484 1655 (om.
505 1595 600 1658 ΜΕ
654 1602 675 1646 6.
699 1594 786 1662 [pluria
805 1596 839 1662 A]
887 1594 1013 1712 {Pyrene
1031 1595 1065 1661 A]
1115 1605 1136 1645 et
1155 1594 1266 1645 Aristone
1285 1594 1331 1645 LO

256 1666 277 1712 7.
297 1671 439 1724 exequantes
462 1680 488 1711 se
511 1667 567 1727 (pro
586 1673 732 1727 exaequant,
755 1666 816 1728 esse)
838 1663 902 1730 [Α]1
932 1673 1072 1727 exaequent,
1097 1681 1147 1713 esse
1166 1663 1330 1730 LPlthROr.

254 1734 276 1778 8.
297 1729 411 1796 [quaeis]
431 1729 475 1779 Or.
527 1731 623 1794 inquam
645 1731 760 1799 [amar
812 1732 873 1781 scire
897 1732 955 1795 quid
975 1732 1075 1781 sentiam
1094 1732 1257 1782 LPMCROr.
1277 1731 1330 1794 (hia

253 1799 325 1847 uncis
343 1807 394 1847 tres
412 1814 487 1848 voces
505 1800 619 1863 inclusit)

253 1955 373 2011 definita
395 1954 424 2010 in
448 1955 503 2010 hac
525 1956 590 2031 ipsa
612 1948 737 2031 persona
759 1958 829 2027 (enni
852 1958 950 2030 apere).
990 1956 1053 2012 Nec
1076 1957 1148 2013 satis
1170 1956 1254 2012 firma
1276 1963 1331 2027 ast,

253 2049 436 2113 quocontra
459 2041 534 2097 Dav.
558 2040 651 2098 Gaius
674 2041 780 2111 utitur,
809 2041 909 2097 Plauti
937 2041 1097 2098 auctoritas
1121 2041 1213 2100 Stich.
1236 2042 1276 2111 V,
1299 2043 1329 2111 4,

255 2125 310 2180 36:
332 2125 421 2181 Haud
442 2135 516 2181 tuum
538 2136 576 2182 eat
598 2130 666 2182 istuc
688 2128 774 2182 verera'
794 2136 826 2182 te.
872 2126 930 2184 Sed
953 2127 1054 2182 eodem
1079 2126 1174 2196 modo,
1197 2125 1222 2182 si
1245 2126 1329 2184 codd.

253 2209 414 2278 credimus,
444 2219 565 2285 propter
592 2211 768 2268 rhetoricam
797 2210 940 2267 orationis
967 2209 1092 2268 formam
1121 2210 1226 2269 Cicero
1254 2210 1331 2268 dixit

253 2312 307 2369 pro
330 2293 412 2352 Cael.
439 2296 492 2351 21:
530 2296 638 2351 Vestrae
661 2299 806 2369 sapientiae
828 2306 880 2363 est,
911 2315 961 2351 non
985 2327 1024 2337 -
1048 2297 1108 2351 ideo
1129 2295 1202 2352 vobis
1224 2314 1331 2370 quoque

253 2399 309 2435 aas
342 2398 453 2435 causam
483 2390 582 2453 putare
610 2400 667 2437 esse
694 2388 792 2436 iustam
820 2391 875 2436 cet.
911 2377 971 2459 [cui
1005 2381 1070 2436 loco
1099 2381 1234 2455 geminus
1266 2379 1330 2438 iera

254 2475 299 2521 est
326 2464 404 2520 Livii
427 2464 600 2534 XXXVII,
625 2466 679 2534 53,
704 2467 753 2523 28.
801 2466 943 2523 Similiter
971 2464 1075 2523 Cicero
1103 2466 1141 2521 ad
1169 2467 1232 2522 Att.
1257 2466 1329 2536 VH,

256 2551 289 2616 6,
314 2550 347 2604 2:
380 2550 447 2605 rnilu'
468 2559 580 2623 praeter
601 2560 706 2607 'ceteros
734 2570 785 2606 reon
812 2561 926 2619 rectum,
960 2570 999 2606 mc
1026 2582 1068 2592 —
1096 2552 1241 2621 dissidere;
1275 2568 1331 2608 nec

253 2632 395 2689 dissimile
418 2633 504 2707 plane
528 2643 586 2703 est,
615 2635 694 2708 quod
717 2635 804 2691 Tusc.
828 2636 857 2701 I,
882 2638 898 2691 6
923 2635 1044 2710 legitur:
1074 2637 1210 2692 arandara
1238 2655 1330 2710 quern·

253 2737 335 2792 quarn
358 2720 451 2774 litteras
474 2751 515 2760 -
538 2720 650 2775 lerninis
677 2729 716 2776 eat
737 2721 869 2776 obauratis
891 2724 955 2780 otio.
985 2728 1036 2776 aut
1064 2722 1141 2793 quod
1169 2721 1246 2795 apud
1270 2721 1329 2777 Te·

252 2803 379 2859 rentium
403 2803 497 2859 Andr.
521 2804 550 2868 l,
576 2805 608 2872 2,
637 2806 671 2860 16
702 2813 731 2859 et
753 2805 807 2874 IV,
833 2806 866 2873 5,
894 2799 955 2882 13]
999 2805 1076 2860 lllud
1105 2825 1222 2879 quoque
1250 2823 1330 2863 com·

253 2896 387 2961 paretur,
417 2906 594 2961 quamquam
624 2907 681 2944 non
705 2889 792 2963 plane
815 2889 943 2945 eiusdem
967 2889 1083 2964 generis
1106 2900 1164 2959 est,
1195 2891 1273 2964 quod
1297 2891 1330 2947 II

253 2973 289 3027 de
312 2971 394 3029 Orat.
422 2974 479 3027 119
504 2973 625 3048 legitur:
655 2974 779 3047 Lonpurn
801 2985 840 3030 est
861 2976 929 3030 enim
952 2995 1021 3030 riano
1043 2994 1083 3030 rue
1104 2977 1254 3049 erplr'care,
1278 2975 1329 3032 ubi

253 3056 339 3132 longe
369 3054 551 3130 frequentior
584 3076 654 3114 usus
681 3078 721 3114 me
749 3059 877 3134 respuit,
912 3058 1041 3115 defendit
1074 3058 1237 3117 similitudo
1271 3059 1329 3118 loci

253 3141 425 3197 Terentiani
447 3142 542 3198 Andr.
566 3143 603 3212 V,
629 3145 656 3214 6,
684 3143 731 3198 13.
776 3143 926 3201 Orationis
950 3135 1078 3217 pondus,
1106 3145 1330 3219 propterquod

252 3226 384 3282 additum
408 3226 447 3282 sit
468 3237 501 3297 te,
525 3226 635 3283 nullum
660 3246 765 3304 magno
789 3247 877 3303 opere
900 3237 954 3295 est,
978 3229 1032 3284 etsi
1055 3228 1152 3297 dicas,
1176 3230 1329 3303 utriusque

252 3310 283 3367 in
306 3329 337 3366 re
360 3311 513 3368 consensui
532 3311 708 3368 contrariam
728 3313 798 3386 poni
816 3313 938 3370 alterius
955 3313 1112 3370 verborum
1129 3314 1328 3371 novationem.

253 3396 326 3452 Mox
354 3406 460 3471 puqnat
493 3399 578 3453 oratio
606 3396 699 3455 Gaius
728 3416 764 3453 ex
793 3397 928 3454 omnibus
957 3398 1017 3455 suis
1045 3408 1163 3473 praeter
1190 3398 1269 3456 Gud.
1294 3399 1329 3469 23

252 3479 311 3537 vid.
335 3481 372 3536 ad
395 3481 420 3550 I,
445 3481 493 3536 57.

342 3567 390 3622 11.
420 3575 524 3622 etcum
546 3563 685 3643 Aristone)
708 3567 748 3622 Et
769 3566 896 3622 Aristone
918 3584 954 3621 ex
978 3565 1171 3624 Cillanutius
1195 3575 1224 3623 et
1246 3565 1328 3622 dein·

253 3667 322 3724 ceps
343 3650 443 3719 ceteri,
467 3649 560 3708 donec
582 3651 829 3726 praepositionem
842 3652 918 3707 Dav.
936 3651 1065 3707 restituit
1088 3670 1103 3706 e
1127 3653 1221 3708 tribus
1244 3651 1329 3708 codd.

252 3733 344 3805 (Oxx.
369 3735 426 3809 Εχ,
455 3734 525 3793 Gzii
547 3736 704 3809 omnibus).
749 3736 795 3792 De
822 3755 853 3791 re
882 3735 940 3791 rid.
970 3738 1006 3791 ad
1030 3737 1075 3806 ll,
1100 3738 1149 3792 43.
1195 3738 1267 3793 Alox
1290 3756 1329 3793 ex

253 3819 314 3875 Erl.
344 3819 392 3893 (de
419 3821 524 3877 ceteris
552 3823 678 3895 tacetur)
706 3818 793 3877 facile
827 3831 891 3876 erat
923 3819 1039 3877 efficere
1073 3833 1236 3896 exaequant.
1271 3821 1329 3878 nisi

252 3904 357 3961 melius
380 3905 452 3960 haec
475 3924 543 3980 pars
567 3925 632 3962 cum
656 3905 787 3962 oratione
810 3906 931 3979 obliqua
953 3906 1188 3981 coniungeretur.
1226 3905 1329 3983 [Nunc

253 4007 317 4045 cum
348 3989 449 4045 eodem
480 3990 564 4047 modo
588 3990 676 4047 scribi
700 3991 829 4047 viderem
858 3991 887 4046 in
910 3991 982 4057 AB,
1013 4010 1077 4047 cum
1101 3991 1221 4048 Baitero
1249 4011 1329 4047 erae·

252 4083 338 4148 quant
359 4071 471 4150 posui]

338 4159 441 4231 Epona,
459 4163 577 4233 quaeras,
590 4162 685 4234 inquit,
703 4161 772 4234 quid
782 4158 925 4234 sentiant)
939 4159 1105 4216 Edebatur:
1123 4161 1227 4233 Epona,
1245 4179 1329 4234 quaa·

252 4247 299 4314 ris,
323 4248 417 4318 inquit,
440 4251 518 4313 scire,
540 4246 609 4318 quid
629 4248 749 4317 sentium,
773 4245 920 4319 quomodo
944 4246 1073 4320 epatris
1096 4245 1154 4301 iarn
1173 4246 1328 4302 Lucretius

253 4330 290 4398 (I,
307 4331 375 4399 103,
399 4330 456 4398 ΙΙΙ,
477 4330 559 4403 941),
582 4349 687 4404 prosae
710 4330 852 4388 orationis
875 4330 1001 4405 scriptor
1024 4350 1061 4386 ex
1085 4330 1131 4401 iis,
1155 4330 1204 4404 qui
1228 4348 1331 4404 super·

253 4423 329 4483 sunt,
347 4424 414 4470 ante
427 4414 620 4473 Columellam
634 4416 670 4488 (I,
681 4416 708 4482 8,
721 4416 771 4490 13)
783 4424 813 4473 at
825 4415 967 4476 Senecam
976 4416 1043 4491 (Ep.
1060 4415 1129 4487 109,
1144 4416 1162 4472 8
1175 4423 1204 4472 et
1219 4416 1289 4487 118,
1298 4416 1330 4490 6)
