<?xml version="1.0" encoding="UTF-8"?>
<!DOCTYPE html PUBLIC "-//W3C//DTD XHTML 1.0 Transitional//EN"
    "http://www.w3.org/TR/xhtml1/DTD/xhtml1-transitional.dtd">
<html xmlns="http://www.w3.org/1999/xhtml" xml:lang="en" lang="en">
 <head>
  <title>
</title>
<meta http-equiv="Content-Type" content="text/html;charset=utf-8" />
  <meta name='ocr-system' content='tesseract 3.04.00' />
  <meta name='ocr-capabilities' content='ocr_page ocr_carea ocr_par ocr_line ocrx_word'/>
</head>
<body>
  <div class='ocr_page' id='page_1' title='image "./mtulliiciceroni35cicegoog/mtulliiciceroni35cicegoog_0896.png"; bbox 0 0 3030 5086; ppageno 0'>
   <div class='ocr_carea' id='block_1_1' title="bbox 636 399 1291 499">
    <p class='ocr_par' dir='ltr' id='par_1_1' title="bbox 636 399 1291 499">
     <span class='ocr_line' id='line_1_1' title="bbox 636 399 1291 499; baseline 0 -1"><span class='ocrx_word' id='word_1_1' title='bbox 636 399 809 499; x_wconf 71' lang='lat' dir='ltr'><strong>munusue</strong></span> <span class='ocrx_word' id='word_1_2' title='bbox 832 451 876 498; x_wconf 91' lang='lat'>111.</span> <span class='ocrx_word' id='word_1_3' title='bbox 1229 433 1291 499; x_wconf 71' lang='lat'><strong>807</strong></span> 
     </span>
    </p>
   </div>
   <div class='ocr_carea' id='block_1_2' title="bbox 217 623 1299 3855">
    <p class='ocr_par' dir='ltr' id='par_1_2' title="bbox 217 623 1289 959">
     <span class='ocr_line' id='line_1_2' title="bbox 217 623 1289 700; baseline 0.001 -19"><span class='ocrx_word' id='word_1_4' title='bbox 217 623 317 691; x_wconf 88' lang='lat' dir='ltr'><strong>iussit;</strong></span> <span class='ocrx_word' id='word_1_5' title='bbox 350 641 404 699; x_wconf 88' lang='lat' dir='ltr'><strong>ego</strong></span> <span class='ocrx_word' id='word_1_6' title='bbox 427 641 545 694; x_wconf 87' lang='lat' dir='ltr'><strong>vereor,</strong></span> <span class='ocrx_word' id='word_1_7' title='bbox 574 642 611 681; x_wconf 90' lang='lat' dir='ltr'><strong>ne</strong></span> <span class='ocrx_word' id='word_1_8' title='bbox 638 641 687 692; x_wconf 89' lang='lat' dir='ltr'><strong>ea,</strong></span> <span class='ocrx_word' id='word_1_9' title='bbox 716 642 791 698; x_wconf 88' lang='lat' dir='ltr'><strong>qnae</strong></span> <span class='ocrx_word' id='word_1_10' title='bbox 820 623 1012 700; x_wconf 87' lang='lat' dir='ltr'><strong>praecedunt,</strong></span> <span class='ocrx_word' id='word_1_11' title='bbox 1040 623 1149 682; x_wconf 90' lang='lat' dir='ltr'><strong>iniuria</strong></span> <span class='ocrx_word' id='word_1_12' title='bbox 1176 631 1289 682; x_wconf 86' lang='lat' dir='ltr'><strong>mutate</strong></span> 
     </span>
     <span class='ocr_line' id='line_1_3' title="bbox 217 707 1286 783; baseline 0 -18"><span class='ocrx_word' id='word_1_13' title='bbox 217 709 291 776; x_wconf 86' lang='lat' dir='ltr'><strong>siut,</strong></span> <span class='ocrx_word' id='word_1_14' title='bbox 315 707 559 783; x_wconf 86' lang='lat' dir='ltr'><strong>scribendumque</strong></span> <span class='ocrx_word' id='word_1_15' title='bbox 582 709 658 767; x_wconf 88' lang='lat' dir='ltr'><strong>site</strong></span> <span class='ocrx_word' id='word_1_16' title='bbox 681 709 774 766; x_wconf 81' lang='lat' dir='ltr'><strong>Med:</strong></span> <span class='ocrx_word' id='word_1_17' title='bbox 796 711 845 767; x_wconf 87' lang='lat' dir='ltr'><strong>sed</strong></span> <span class='ocrx_word' id='word_1_18' title='bbox 865 719 999 767; x_wconf 74' lang='lat' dir='ltr'><strong><em>auctorem</em></strong></span> <span class='ocrx_word' id='word_1_19' title='bbox 1019 711 1216 779; x_wconf 74' lang='lat' dir='ltr'><strong><em>moderationis,</em></strong></span> <span class='ocrx_word' id='word_1_20' title='bbox 1239 729 1286 766; x_wconf 86' lang='lat' dir='ltr'><strong>ur·</strong></span> 
     </span>
     <span class='ocr_line' id='line_1_4' title="bbox 218 793 1286 870; baseline 0 -19"><span class='ocrx_word' id='word_1_21' title='bbox 218 794 285 851; x_wconf 83' lang='lat' dir='ltr'><strong>bone</strong></span> <span class='ocrx_word' id='word_1_22' title='bbox 301 793 535 867; x_wconf 58' lang='lat' dir='ltr'><strong>(cod0nrbanoe);</strong></span> <span class='ocrx_word' id='word_1_23' title='bbox 557 813 641 869; x_wconf 81' lang='lat' dir='ltr'><strong>neque</strong></span> <span class='ocrx_word' id='word_1_24' title='bbox 663 813 709 868; x_wconf 81' lang='lat' dir='ltr'><strong>epo</strong></span> <span class='ocrx_word' id='word_1_25' title='bbox 730 797 808 851; x_wconf 83' lang='lat' dir='ltr'><strong>aliter</strong></span> <span class='ocrx_word' id='word_1_26' title='bbox 828 800 927 870; x_wconf 84' lang='lat' dir='ltr'><strong>occepi.</strong></span> <span class='ocrx_word' id='word_1_27' title='bbox 961 795 1076 852; x_wconf 87' lang='lat' dir='ltr'><strong>Laudat</strong></span> <span class='ocrx_word' id='word_1_28' title='bbox 1092 795 1178 852; x_wconf 89' lang='lat' dir='ltr'><strong>Paeti</strong></span> <span class='ocrx_word' id='word_1_29' title='bbox 1195 795 1286 852; x_wconf 87' lang='lat' dir='ltr'><strong>inter·</strong></span> 
     </span>
     <span class='ocr_line' id='line_1_5' title="bbox 218 875 1123 959; baseline 0 -23"><span class='ocrx_word' id='word_1_30' title='bbox 218 878 392 955; x_wconf 73' lang='lat' dir='ltr'><strong>prelationis</strong></span> <span class='ocrx_word' id='word_1_31' title='bbox 414 875 635 959; x_wconf 83' lang='lat' dir='ltr'><strong>urbanitatem]</strong></span> <span class='ocrx_word' id='word_1_32' title='bbox 1119 899 1123 907; x_wconf 87' lang='lat'>·</span> 
     </span>
    </p>

    <p class='ocr_par' dir='ltr' id='par_1_3' title="bbox 219 964 1294 2493">
     <span class='ocr_line' id='line_1_6' title="bbox 304 964 1290 1041; baseline -0.001 -19"><span class='ocrx_word' id='word_1_33' title='bbox 304 965 360 1022; x_wconf 84' lang='lat' dir='ltr'><strong>lx.</strong></span> <span class='ocrx_word' id='word_1_34' title='bbox 389 964 482 1022; x_wconf 84' lang='lat' dir='ltr'><strong>Acad.</strong></span> <span class='ocrx_word' id='word_1_35' title='bbox 506 965 553 1035; x_wconf 92' lang='lat' dir='ltr'><strong>II,</strong></span> <span class='ocrx_word' id='word_1_36' title='bbox 579 965 653 1021; x_wconf 80' lang='lat'>135:</span> <span class='ocrx_word' id='word_1_37' title='bbox 681 965 830 1041; x_wconf 85' lang='lat' dir='ltr'><strong>Sapiensne</strong></span> <span class='ocrx_word' id='word_1_38' title='bbox 851 985 901 1021; x_wconf 88' lang='lat' dir='ltr'><strong>non</strong></span> <span class='ocrx_word' id='word_1_39' title='bbox 925 968 1033 1022; x_wconf 71' lang='lat' dir='ltr'><strong>timeat!</strong></span> <span class='ocrx_word' id='word_1_40' title='bbox 1060 984 1120 1035; x_wconf 87' lang='lat' dir='ltr'><strong>neo,</strong></span> <span class='ocrx_word' id='word_1_41' title='bbox 1148 967 1173 1022; x_wconf 86' lang='lat' dir='ltr'><strong>si</strong></span> <span class='ocrx_word' id='word_1_42' title='bbox 1195 967 1290 1040; x_wconf 83' lang='lat' dir='ltr'><strong>putria</strong></span> 
     </span>
     <span class='ocr_line' id='line_1_7' title="bbox 219 1047 1290 1118; baseline -0.002 -10"><span class='ocrx_word' id='word_1_43' title='bbox 219 1052 358 1108; x_wconf 78' lang='lat' dir='ltr'><strong>deieotmt</strong></span> <span class='ocrx_word' id='word_1_44' title='bbox 389 1070 440 1107; x_wconf 91' lang='lat' dir='ltr'><strong>non</strong></span> <span class='ocrx_word' id='word_1_45' title='bbox 467 1051 575 1107; x_wconf 63' lang='lat' dir='ltr'><strong>donati</strong></span> <span class='ocrx_word' id='word_1_46' title='bbox 601 1070 661 1118; x_wconf 90' lang='lat' dir='ltr'><strong>uec,</strong></span> <span class='ocrx_word' id='word_1_47' title='bbox 689 1053 714 1107; x_wconf 89' lang='lat' dir='ltr'><strong>ei</strong></span> <span class='ocrx_word' id='word_1_48' title='bbox 740 1051 826 1107; x_wconf 82' lang='lat' dir='ltr'><strong>deleto</strong></span> <span class='ocrx_word' id='word_1_49' title='bbox 852 1053 907 1107; x_wconf 78' lang='lat' dir='ltr'><strong>siti</strong></span> <span class='ocrx_word' id='word_1_50' title='bbox 949 1049 1002 1107; x_wconf 82' lang='lat' dir='ltr'><strong>Est</strong></span> <span class='ocrx_word' id='word_1_51' title='bbox 1031 1052 1104 1107; x_wconf 83' lang='lat' dir='ltr'><strong>bueo</strong></span> <span class='ocrx_word' id='word_1_52' title='bbox 1131 1047 1290 1108; x_wconf 82' lang='lat' dir='ltr'><strong>Goerenuii</strong></span> 
     </span>
     <span class='ocr_line' id='line_1_8' title="bbox 219 1133 1290 1210; baseline -0.001 -17"><span class='ocrx_word' id='word_1_53' title='bbox 219 1135 364 1210; x_wconf 85' lang='lat' dir='ltr'><strong>scripture</strong></span> <span class='ocrx_word' id='word_1_54' title='bbox 385 1154 402 1192; x_wconf 89' lang='lat' dir='ltr'><strong>e</strong></span> <span class='ocrx_word' id='word_1_55' title='bbox 424 1134 574 1192; x_wconf 82' lang='lat' dir='ltr'><strong>codicibus</strong></span> <span class='ocrx_word' id='word_1_56' title='bbox 596 1135 709 1210; x_wconf 76' lang='lat' dir='ltr'><strong>aliquot</strong></span> <span class='ocrx_word' id='word_1_57' title='bbox 731 1135 829 1193; x_wconf 90' lang='lat' dir='ltr'><strong>ducta.</strong></span> <span class='ocrx_word' id='word_1_58' title='bbox 864 1138 964 1193; x_wconf 81' lang='lat' dir='ltr'><strong>Antea</strong></span> <span class='ocrx_word' id='word_1_59' title='bbox 986 1134 1135 1205; x_wconf 88' lang='lat' dir='ltr'><strong>edebatur,</strong></span> <span class='ocrx_word' id='word_1_60' title='bbox 1159 1133 1290 1194; x_wconf 88' lang='lat' dir='ltr'><strong>Grutero</strong></span> 
     </span>
     <span class='ocr_line' id='line_1_9' title="bbox 220 1220 1290 1297; baseline -0.001 -19"><span class='ocrx_word' id='word_1_61' title='bbox 220 1231 250 1278; x_wconf 91' lang='lat' dir='ltr'><strong>et</strong></span> <span class='ocrx_word' id='word_1_62' title='bbox 266 1220 484 1279; x_wconf 87' lang='lat' dir='ltr'><strong>Oxouiensibus</strong></span> <span class='ocrx_word' id='word_1_63' title='bbox 502 1220 679 1278; x_wconf 72' lang='lat' dir='ltr'><strong>meantibus:</strong></span> <span class='ocrx_word' id='word_1_64' title='bbox 703 1220 850 1297; x_wconf 85' lang='lat' dir='ltr'><strong>Sapiensne</strong></span> <span class='ocrx_word' id='word_1_65' title='bbox 871 1240 923 1278; x_wconf 92' lang='lat' dir='ltr'><strong>non</strong></span> <span class='ocrx_word' id='word_1_66' title='bbox 945 1224 1053 1278; x_wconf 75' lang='lat' dir='ltr'><strong>timent!</strong></span> <span class='ocrx_word' id='word_1_67' title='bbox 1073 1240 1128 1297; x_wconf 89' lang='lat' dir='ltr'><strong>nec,</strong></span> <span class='ocrx_word' id='word_1_68' title='bbox 1151 1224 1176 1278; x_wconf 84' lang='lat' dir='ltr'><strong>si</strong></span> <span class='ocrx_word' id='word_1_69' title='bbox 1193 1223 1290 1297; x_wconf 84' lang='lat' dir='ltr'><strong>patrio</strong></span> 
     </span>
     <span class='ocr_line' id='line_1_10' title="bbox 220 1305 1291 1380; baseline -0.001 -16"><span class='ocrx_word' id='word_1_70' title='bbox 220 1308 350 1376; x_wconf 79' lang='lat' dir='ltr'><strong>deleatur,</strong></span> <span class='ocrx_word' id='word_1_71' title='bbox 368 1325 419 1362; x_wconf 90' lang='lat' dir='ltr'><strong>non</strong></span> <span class='ocrx_word' id='word_1_72' title='bbox 435 1307 543 1363; x_wconf 64' lang='lat' dir='ltr'><strong>dolen!</strong></span> <span class='ocrx_word' id='word_1_73' title='bbox 564 1306 702 1363; x_wconf 87' lang='lat' dir='ltr'><strong>mendose</strong></span> <span class='ocrx_word' id='word_1_74' title='bbox 719 1324 798 1363; x_wconf 88' lang='lat' dir='ltr'><strong>saue.</strong></span> <span class='ocrx_word' id='word_1_75' title='bbox 832 1305 890 1365; x_wconf 89' lang='lat' dir='ltr'><strong>Sed</strong></span> <span class='ocrx_word' id='word_1_76' title='bbox 908 1324 944 1362; x_wconf 88' lang='lat' dir='ltr'><strong>ne</strong></span> <span class='ocrx_word' id='word_1_77' title='bbox 961 1305 1035 1363; x_wconf 90' lang='lat' dir='ltr'><strong>illud</strong></span> <span class='ocrx_word' id='word_1_78' title='bbox 1051 1305 1169 1380; x_wconf 92' lang='lat' dir='ltr'><strong>quidem</strong></span> <span class='ocrx_word' id='word_1_79' title='bbox 1187 1323 1291 1363; x_wconf 82' lang='lat' dir='ltr'><strong>verum</strong></span> 
     </span>
     <span class='ocr_line' id='line_1_11' title="bbox 220 1390 1291 1468; baseline 0 -19"><span class='ocrx_word' id='word_1_80' title='bbox 220 1409 285 1449; x_wconf 88' lang='lat' dir='ltr'><strong>esse</strong></span> <span class='ocrx_word' id='word_1_81' title='bbox 307 1401 412 1466; x_wconf 86' lang='lat' dir='ltr'><strong>potest.</strong></span> <span class='ocrx_word' id='word_1_82' title='bbox 446 1391 534 1460; x_wconf 89' lang='lat' dir='ltr'><strong>Nam,</strong></span> <span class='ocrx_word' id='word_1_83' title='bbox 557 1410 593 1448; x_wconf 94' lang='lat' dir='ltr'><strong>ne</strong></span> <span class='ocrx_word' id='word_1_84' title='bbox 616 1390 711 1448; x_wconf 85' lang='lat' dir='ltr'><strong>dicem</strong></span> <span class='ocrx_word' id='word_1_85' title='bbox 733 1391 899 1468; x_wconf 78' lang='lat' dir='ltr'><strong>generalem</strong></span> <span class='ocrx_word' id='word_1_86' title='bbox 918 1391 998 1448; x_wconf 85' lang='lat' dir='ltr'><strong>illem</strong></span> <span class='ocrx_word' id='word_1_87' title='bbox 1015 1391 1291 1468; x_wconf 77' lang='lat' dir='ltr'><strong>interrogationem:</strong></span> 
     </span>
     <span class='ocr_line' id='line_1_12' title="bbox 220 1476 1291 1552; baseline -0.001 -18"><span class='ocrx_word' id='word_1_88' title='bbox 220 1480 360 1552; x_wconf 72' lang='lat' dir='ltr'><strong>sapiensne</strong></span> <span class='ocrx_word' id='word_1_89' title='bbox 381 1495 432 1532; x_wconf 92' lang='lat' dir='ltr'><strong>non</strong></span> <span class='ocrx_word' id='word_1_90' title='bbox 454 1480 564 1534; x_wconf 70' lang='lat' dir='ltr'><strong>timeat!</strong></span> <span class='ocrx_word' id='word_1_91' title='bbox 586 1488 653 1552; x_wconf 87' lang='lat' dir='ltr'><strong>post</strong></span> <span class='ocrx_word' id='word_1_92' title='bbox 669 1476 729 1546; x_wconf 89' lang='lat' dir='ltr'><strong>illa,</strong></span> <span class='ocrx_word' id='word_1_93' title='bbox 752 1494 828 1551; x_wconf 91' lang='lat' dir='ltr'><strong>quae</strong></span> <span class='ocrx_word' id='word_1_94' title='bbox 849 1477 909 1534; x_wconf 90' lang='lat' dir='ltr'><strong>iam</strong></span> <span class='ocrx_word' id='word_1_95' title='bbox 931 1476 1010 1534; x_wconf 87' lang='lat' dir='ltr'><strong>dicta</strong></span> <span class='ocrx_word' id='word_1_96' title='bbox 1032 1485 1108 1546; x_wconf 79' lang='lat' dir='ltr'><strong>sunt,</strong></span> <span class='ocrx_word' id='word_1_97' title='bbox 1131 1476 1291 1547; x_wconf 86' lang='lat' dir='ltr'><strong>abundare,</strong></span> 
     </span>
     <span class='ocr_line' id='line_1_13' title="bbox 220 1560 1292 1643; baseline -0.001 -24"><span class='ocrx_word' id='word_1_98' title='bbox 220 1572 299 1619; x_wconf 83' lang='lat' dir='ltr'><strong>certe</strong></span> <span class='ocrx_word' id='word_1_99' title='bbox 316 1561 470 1619; x_wconf 86' lang='lat' dir='ltr'><strong>dicendum</strong></span> <span class='ocrx_word' id='word_1_100' title='bbox 488 1572 561 1631; x_wconf 88' lang='lat' dir='ltr'><strong>erat,</strong></span> <span class='ocrx_word' id='word_1_101' title='bbox 583 1562 652 1636; x_wconf 92' lang='lat' dir='ltr'><strong>quid</strong></span> <span class='ocrx_word' id='word_1_102' title='bbox 669 1581 702 1619; x_wconf 91' lang='lat' dir='ltr'><strong>ne</strong></span> <span class='ocrx_word' id='word_1_103' title='bbox 718 1562 810 1633; x_wconf 83' lang='lat' dir='ltr'><strong>lieret,</strong></span> <span class='ocrx_word' id='word_1_104' title='bbox 833 1562 960 1637; x_wconf 80' lang='lat' dir='ltr'><strong>sapienti</strong></span> <span class='ocrx_word' id='word_1_105' title='bbox 982 1561 1085 1643; x_wconf 84' lang='lat' dir='ltr'><strong>timere</strong></span> <span class='ocrx_word' id='word_1_106' title='bbox 1104 1580 1158 1637; x_wconf 88' lang='lat' dir='ltr'><strong>per</strong></span> <span class='ocrx_word' id='word_1_107' title='bbox 1175 1560 1292 1621; x_wconf 89' lang='lat' dir='ltr'><strong>Stoicos</strong></span> 
     </span>
     <span class='ocr_line' id='line_1_14' title="bbox 220 1647 1292 1721; baseline -0.003 -17"><span class='ocrx_word' id='word_1_108' title='bbox 220 1666 278 1704; x_wconf 90' lang='lat' dir='ltr'><strong>non</strong></span> <span class='ocrx_word' id='word_1_109' title='bbox 301 1647 417 1718; x_wconf 89' lang='lat' dir='ltr'><strong>liceret,</strong></span> <span class='ocrx_word' id='word_1_110' title='bbox 440 1665 512 1716; x_wconf 92' lang='lat' dir='ltr'><strong>non,</strong></span> <span class='ocrx_word' id='word_1_111' title='bbox 540 1647 610 1721; x_wconf 91' lang='lat' dir='ltr'><strong>quid</strong></span> <span class='ocrx_word' id='word_1_112' title='bbox 632 1651 658 1705; x_wconf 85' lang='lat' dir='ltr'><strong>si</strong></span> <span class='ocrx_word' id='word_1_113' title='bbox 678 1647 775 1716; x_wconf 71' lang='lat' dir='ltr'><strong>fieret,</strong></span> <span class='ocrx_word' id='word_1_114' title='bbox 797 1666 864 1704; x_wconf 86' lang='lat' dir='ltr'><strong>nam</strong></span> <span class='ocrx_word' id='word_1_115' title='bbox 887 1647 911 1704; x_wconf 87' lang='lat' dir='ltr'><strong>si</strong></span> <span class='ocrx_word' id='word_1_116' title='bbox 935 1647 982 1716; x_wconf 84' lang='lat' dir='ltr'><strong>fit,</strong></span> <span class='ocrx_word' id='word_1_117' title='bbox 999 1647 1094 1714; x_wconf 87' lang='lat' dir='ltr'><strong>dolet,</strong></span> <span class='ocrx_word' id='word_1_118' title='bbox 1117 1665 1175 1704; x_wconf 91' lang='lat' dir='ltr'><strong>non</strong></span> <span class='ocrx_word' id='word_1_119' title='bbox 1198 1647 1292 1704; x_wconf 88' lang='lat' dir='ltr'><strong>timet.</strong></span> 
     </span>
     <span class='ocr_line' id='line_1_15' title="bbox 220 1731 1292 1806; baseline -0.001 -15"><span class='ocrx_word' id='word_1_120' title='bbox 220 1734 325 1806; x_wconf 83' lang='lat' dir='ltr'><strong>Itaque</strong></span> <span class='ocrx_word' id='word_1_121' title='bbox 336 1731 520 1790; x_wconf 86' lang='lat' dir='ltr'><strong>Goerenzine</strong></span> <span class='ocrx_word' id='word_1_122' title='bbox 537 1734 658 1789; x_wconf 61' lang='lat' dir='ltr'><strong>muctar</strong></span> <span class='ocrx_word' id='word_1_123' title='bbox 674 1733 738 1789; x_wconf 86' lang='lat' dir='ltr'><strong>vult</strong></span> <span class='ocrx_word' id='word_1_124' title='bbox 754 1751 833 1790; x_wconf 86' lang='lat' dir='ltr'><strong>esse:</strong></span> <span class='ocrx_word' id='word_1_125' title='bbox 855 1735 881 1789; x_wconf 90' lang='lat' dir='ltr'><strong>in</strong></span> <span class='ocrx_word' id='word_1_126' title='bbox 899 1751 928 1790; x_wconf 89' lang='lat' dir='ltr'><strong>eo</strong></span> <span class='ocrx_word' id='word_1_127' title='bbox 945 1742 993 1800; x_wconf 89' lang='lat' dir='ltr'><strong>est,</strong></span> <span class='ocrx_word' id='word_1_128' title='bbox 1013 1743 1043 1789; x_wconf 88' lang='lat' dir='ltr'><strong>nt</strong></span> <span class='ocrx_word' id='word_1_129' title='bbox 1058 1734 1189 1803; x_wconf 68' lang='lat' dir='ltr'><strong>denotor,</strong></span> <span class='ocrx_word' id='word_1_130' title='bbox 1213 1733 1292 1806; x_wconf 89' lang='lat' dir='ltr'><strong>qnod</strong></span> 
     </span>
     <span class='ocr_line' id='line_1_16' title="bbox 220 1816 1293 1893; baseline 0 -19"><span class='ocrx_word' id='word_1_131' title='bbox 220 1817 284 1875; x_wconf 88' lang='lat' dir='ltr'><strong>fieri</strong></span> <span class='ocrx_word' id='word_1_132' title='bbox 306 1817 416 1892; x_wconf 89' lang='lat' dir='ltr'><strong>nequit.</strong></span> <span class='ocrx_word' id='word_1_133' title='bbox 460 1817 616 1875; x_wconf 89' lang='lat' dir='ltr'><strong>Notandus</strong></span> <span class='ocrx_word' id='word_1_134' title='bbox 638 1817 728 1893; x_wconf 91' lang='lat' dir='ltr'><strong>igitur</strong></span> <span class='ocrx_word' id='word_1_135' title='bbox 750 1818 841 1888; x_wconf 88' lang='lat' dir='ltr'><strong>locus,</strong></span> <span class='ocrx_word' id='word_1_136' title='bbox 863 1826 897 1874; x_wconf 92' lang='lat' dir='ltr'><strong>ut</strong></span> <span class='ocrx_word' id='word_1_137' title='bbox 919 1818 970 1874; x_wconf 89' lang='lat' dir='ltr'><strong>alii</strong></span> <span class='ocrx_word' id='word_1_138' title='bbox 993 1817 1022 1874; x_wconf 93' lang='lat' dir='ltr'><strong>in</strong></span> <span class='ocrx_word' id='word_1_139' title='bbox 1041 1816 1238 1887; x_wconf 75' lang='lat' dir='ltr'><strong>Academicis,</strong></span> <span class='ocrx_word' id='word_1_140' title='bbox 1261 1817 1293 1874; x_wconf 90' lang='lat' dir='ltr'><strong>in</strong></span> 
     </span>
     <span class='ocr_line' id='line_1_17' title="bbox 221 1902 1293 1980; baseline -0.002 -20"><span class='ocrx_word' id='word_1_141' title='bbox 221 1903 327 1977; x_wconf 89' lang='lat' dir='ltr'><strong>quibus</strong></span> <span class='ocrx_word' id='word_1_142' title='bbox 350 1903 465 1960; x_wconf 90' lang='lat' dir='ltr'><strong>codices</strong></span> <span class='ocrx_word' id='word_1_143' title='bbox 488 1921 542 1960; x_wconf 91' lang='lat' dir='ltr'><strong>nos</strong></span> <span class='ocrx_word' id='word_1_144' title='bbox 559 1903 735 1972; x_wconf 84' lang='lat' dir='ltr'><strong>destituunt,</strong></span> <span class='ocrx_word' id='word_1_145' title='bbox 763 1902 814 1978; x_wconf 89' lang='lat' dir='ltr'><strong>qui</strong></span> <span class='ocrx_word' id='word_1_146' title='bbox 837 1904 862 1960; x_wconf 88' lang='lat' dir='ltr'><strong>si</strong></span> <span class='ocrx_word' id='word_1_147' title='bbox 883 1902 1059 1980; x_wconf 79' lang='lat' dir='ltr'><strong>integriores</strong></span> <span class='ocrx_word' id='word_1_148' title='bbox 1081 1912 1194 1971; x_wconf 88' lang='lat' dir='ltr'><strong>essent,</strong></span> <span class='ocrx_word' id='word_1_149' title='bbox 1217 1902 1293 1958; x_wconf 88' lang='lat' dir='ltr'><strong>hauc</strong></span> 
     </span>
     <span class='ocr_line' id='line_1_18' title="bbox 220 1988 1294 2064; baseline 0 -20"><span class='ocrx_word' id='word_1_150' title='bbox 220 1988 362 2045; x_wconf 88' lang='lat' dir='ltr'><strong>haberant</strong></span> <span class='ocrx_word' id='word_1_151' title='bbox 391 1988 534 2045; x_wconf 86' lang='lat' dir='ltr'><strong>orationis</strong></span> <span class='ocrx_word' id='word_1_152' title='bbox 562 1988 698 2064; x_wconf 85' lang='lat' dir='ltr'><strong>liguram:</strong></span> <span class='ocrx_word' id='word_1_153' title='bbox 733 1988 882 2064; x_wconf 82' lang='lat' dir='ltr'><strong>Sapiensne</strong></span> <span class='ocrx_word' id='word_1_154' title='bbox 916 2008 966 2046; x_wconf 89' lang='lat' dir='ltr'><strong>non</strong></span> <span class='ocrx_word' id='word_1_155' title='bbox 996 1992 1099 2058; x_wconf 84' lang='lat' dir='ltr'><strong>timent,</strong></span> <span class='ocrx_word' id='word_1_156' title='bbox 1132 2007 1170 2045; x_wconf 88' lang='lat' dir='ltr'><strong>ne</strong></span> <span class='ocrx_word' id='word_1_157' title='bbox 1198 1991 1294 2064; x_wconf 75' lang='lat' dir='ltr'><strong>patrm</strong></span> 
     </span>
     <span class='ocr_line' id='line_1_19' title="bbox 221 2073 1294 2149; baseline -0.001 -18"><span class='ocrx_word' id='word_1_158' title='bbox 221 2075 398 2131; x_wconf 69' lang='lat' dir='ltr'><strong>deleatur!</strong></span> <span class='ocrx_word' id='word_1_159' title='bbox 418 2093 470 2130; x_wconf 88' lang='lat' dir='ltr'><strong>non</strong></span> <span class='ocrx_word' id='word_1_160' title='bbox 492 2075 589 2143; x_wconf 86' lang='lat' dir='ltr'><strong>doleat,</strong></span> <span class='ocrx_word' id='word_1_161' title='bbox 612 2078 643 2131; x_wconf 87' lang='lat' dir='ltr'><strong>si</strong></span> <span class='ocrx_word' id='word_1_162' title='bbox 663 2075 776 2131; x_wconf 85' lang='lat' dir='ltr'><strong>deleto</strong></span> <span class='ocrx_word' id='word_1_163' title='bbox 798 2077 862 2131; x_wconf 76' lang='lat' dir='ltr'><strong>sit!</strong></span> <span class='ocrx_word' id='word_1_164' title='bbox 884 2083 914 2130; x_wconf 89' lang='lat' dir='ltr'><strong>et</strong></span> <span class='ocrx_word' id='word_1_165' title='bbox 936 2073 1145 2149; x_wconf 87' lang='lat' dir='ltr'><strong>particularum</strong></span> <span class='ocrx_word' id='word_1_166' title='bbox 1169 2082 1199 2129; x_wconf 89' lang='lat' dir='ltr'><strong>et</strong></span> <span class='ocrx_word' id='word_1_167' title='bbox 1220 2081 1294 2130; x_wconf 85' lang='lat' dir='ltr'><strong>tem·</strong></span> 
     </span>
     <span class='ocr_line' id='line_1_20' title="bbox 221 2153 1293 2235; baseline -0.001 -19"><span class='ocrx_word' id='word_1_168' title='bbox 221 2178 325 2235; x_wconf 90' lang='lat' dir='ltr'><strong>porum</strong></span> <span class='ocrx_word' id='word_1_169' title='bbox 348 2159 431 2216; x_wconf 88' lang='lat' dir='ltr'><strong>verbi</strong></span> <span class='ocrx_word' id='word_1_170' title='bbox 459 2156 625 2216; x_wconf 86' lang='lat' dir='ltr'><strong>differentia</strong></span> <span class='ocrx_word' id='word_1_171' title='bbox 651 2159 689 2217; x_wconf 91' lang='lat' dir='ltr'><strong>ad</strong></span> <span class='ocrx_word' id='word_1_172' title='bbox 716 2153 838 2216; x_wconf 86' lang='lat' dir='ltr'><strong>timendi</strong></span> <span class='ocrx_word' id='word_1_173' title='bbox 867 2167 897 2215; x_wconf 90' lang='lat' dir='ltr'><strong>et</strong></span> <span class='ocrx_word' id='word_1_174' title='bbox 924 2158 1041 2216; x_wconf 89' lang='lat' dir='ltr'><strong>dolendi</strong></span> <span class='ocrx_word' id='word_1_175' title='bbox 1064 2156 1222 2216; x_wconf 80' lang='lat' dir='ltr'><strong>discrimen</strong></span> <span class='ocrx_word' id='word_1_176' title='bbox 1244 2175 1293 2215; x_wconf 88' lang='lat' dir='ltr'><strong>ac·</strong></span> 
     </span>
     <span class='ocr_line' id='line_1_21' title="bbox 219 2242 1293 2322; baseline -0.001 -21"><span class='ocrx_word' id='word_1_177' title='bbox 219 2244 414 2302; x_wconf 88' lang='lat' dir='ltr'><strong>commodata.</strong></span> <span class='ocrx_word' id='word_1_178' title='bbox 447 2242 659 2322; x_wconf 81' lang='lat' dir='ltr'><strong>[Praeceperat</strong></span> <span class='ocrx_word' id='word_1_179' title='bbox 680 2245 924 2314; x_wconf 86' lang='lat' dir='ltr'><strong>emendationem,</strong></span> <span class='ocrx_word' id='word_1_180' title='bbox 947 2244 977 2301; x_wconf 91' lang='lat' dir='ltr'><strong>in</strong></span> <span class='ocrx_word' id='word_1_181' title='bbox 999 2261 1058 2300; x_wconf 90' lang='lat' dir='ltr'><strong>una</strong></span> <span class='ocrx_word' id='word_1_182' title='bbox 1080 2243 1187 2301; x_wconf 87' lang='lat' dir='ltr'><strong>vocula</strong></span> <span class='ocrx_word' id='word_1_183' title='bbox 1208 2243 1293 2300; x_wconf 85' lang='lat' dir='ltr'><strong>aber-</strong></span> 
     </span>
     <span class='ocr_line' id='line_1_22' title="bbox 220 2329 1294 2405; baseline 0 -19"><span class='ocrx_word' id='word_1_184' title='bbox 220 2348 303 2396; x_wconf 87' lang='lat' dir='ltr'><strong>rans,</strong></span> <span class='ocrx_word' id='word_1_185' title='bbox 326 2329 481 2397; x_wconf 79' lang='lat' dir='ltr'><strong>Davisius3</strong></span> <span class='ocrx_word' id='word_1_186' title='bbox 510 2329 720 2387; x_wconf 82' lang='lat' dir='ltr'><strong>confirmarunt</strong></span> <span class='ocrx_word' id='word_1_187' title='bbox 742 2330 772 2387; x_wconf 91' lang='lat' dir='ltr'><strong>iu</strong></span> <span class='ocrx_word' id='word_1_188' title='bbox 795 2330 889 2387; x_wconf 86' lang='lat' dir='ltr'><strong>altere</strong></span> <span class='ocrx_word' id='word_1_189' title='bbox 912 2338 995 2405; x_wconf 86' lang='lat' dir='ltr'><strong>parte</strong></span> <span class='ocrx_word' id='word_1_190' title='bbox 1017 2330 1133 2401; x_wconf 67' lang='lat' dir='ltr'><strong>(donat,</strong></span> <span class='ocrx_word' id='word_1_191' title='bbox 1161 2331 1186 2386; x_wconf 81' lang='lat' dir='ltr'><strong>ai</strong></span> <span class='ocrx_word' id='word_1_192' title='bbox 1207 2329 1294 2386; x_wconf 80' lang='lat' dir='ltr'><strong>deleto</strong></span> 
     </span>
     <span class='ocr_line' id='line_1_23' title="bbox 219 2413 770 2493; baseline 0 -21"><span class='ocrx_word' id='word_1_193' title='bbox 219 2419 267 2486; x_wconf 85' lang='lat' dir='ltr'><strong>sit)</strong></span> <span class='ocrx_word' id='word_1_194' title='bbox 290 2415 393 2490; x_wconf 88' lang='lat' dir='ltr'><strong>optimi</strong></span> <span class='ocrx_word' id='word_1_195' title='bbox 417 2414 532 2472; x_wconf 88' lang='lat' dir='ltr'><strong>codices</strong></span> <span class='ocrx_word' id='word_1_196' title='bbox 555 2424 622 2489; x_wconf 88' lang='lat' dir='ltr'><strong>post</strong></span> <span class='ocrx_word' id='word_1_197' title='bbox 644 2413 770 2493; x_wconf 75' lang='lat' dir='ltr'><strong>collati]</strong></span> 
     </span>
    </p>

    <p class='ocr_par' dir='ltr' id='par_1_4' title="bbox 219 2498 1299 3855">
     <span class='ocr_line' id='line_1_24' title="bbox 306 2498 1293 2575; baseline -0.003 -17"><span class='ocrx_word' id='word_1_198' title='bbox 306 2501 346 2558; x_wconf 91' lang='lat' dir='ltr'><strong>X.</strong></span> <span class='ocrx_word' id='word_1_199' title='bbox 368 2501 403 2558; x_wconf 89' lang='lat' dir='ltr'><strong>In</strong></span> <span class='ocrx_word' id='word_1_200' title='bbox 427 2498 520 2559; x_wconf 85' lang='lat' dir='ltr'><strong>Caelii</strong></span> <span class='ocrx_word' id='word_1_201' title='bbox 543 2500 671 2575; x_wconf 89' lang='lat' dir='ltr'><strong>epistula</strong></span> <span class='ocrx_word' id='word_1_202' title='bbox 693 2501 731 2558; x_wconf 90' lang='lat' dir='ltr'><strong>ad</strong></span> <span class='ocrx_word' id='word_1_203' title='bbox 753 2499 925 2560; x_wconf 82' lang='lat' dir='ltr'><strong>Ciceronem</strong></span> <span class='ocrx_word' id='word_1_204' title='bbox 943 2498 993 2572; x_wconf 90' lang='lat' dir='ltr'><strong>(ad</strong></span> <span class='ocrx_word' id='word_1_205' title='bbox 1016 2500 1097 2556; x_wconf 80' lang='lat' dir='ltr'><strong>Fam.</strong></span> <span class='ocrx_word' id='word_1_206' title='bbox 1118 2499 1208 2573; x_wconf 91' lang='lat' dir='ltr'>VIII)</span> <span class='ocrx_word' id='word_1_207' title='bbox 1226 2499 1293 2568; x_wconf 66' lang='grc' dir='ltr'><strong><em>Μ</em></strong></span> 
     </span>
     <span class='ocr_line' id='line_1_25' title="bbox 221 2585 1296 2661; baseline -0.003 -18"><span class='ocrx_word' id='word_1_208' title='bbox 221 2586 293 2643; x_wconf 89' lang='lat' dir='ltr'><strong>haec</strong></span> <span class='ocrx_word' id='word_1_209' title='bbox 316 2602 393 2642; x_wconf 90' lang='lat' dir='ltr'><strong>nunc</strong></span> <span class='ocrx_word' id='word_1_210' title='bbox 415 2585 566 2661; x_wconf 87' lang='lat' dir='ltr'><strong>leguntur:</strong></span> <span class='ocrx_word' id='word_1_211' title='bbox 591 2587 632 2644; x_wconf 81' lang='lat' dir='ltr'><strong>M.</strong></span> <span class='ocrx_word' id='word_1_212' title='bbox 648 2585 779 2644; x_wconf 82' lang='lat' dir='ltr'><strong>Servilius</strong></span> <span class='ocrx_word' id='word_1_213' title='bbox 793 2596 948 2661; x_wconf 85' lang='lat' dir='ltr'><strong>postquam,</strong></span> <span class='ocrx_word' id='word_1_214' title='bbox 971 2594 1001 2642; x_wconf 87' lang='lat' dir='ltr'><strong>ut</strong></span> <span class='ocrx_word' id='word_1_215' title='bbox 1021 2593 1152 2660; x_wconf 83' lang='lat' dir='ltr'><strong>coeperet,</strong></span> <span class='ocrx_word' id='word_1_216' title='bbox 1175 2585 1296 2641; x_wconf 81' lang='lat' dir='ltr'><strong>omnibus</strong></span> 
     </span>
     <span class='ocr_line' id='line_1_26' title="bbox 220 2671 1297 2746; baseline -0.002 -19"><span class='ocrx_word' id='word_1_217' title='bbox 220 2674 247 2728; x_wconf 85' lang='lat' dir='ltr'><strong>in</strong></span> <span class='ocrx_word' id='word_1_218' title='bbox 270 2672 348 2728; x_wconf 85' lang='lat' dir='ltr'><strong>rebus</strong></span> <span class='ocrx_word' id='word_1_219' title='bbox 370 2672 503 2738; x_wconf 84' lang='lat' dir='ltr'><strong>turbarat,</strong></span> <span class='ocrx_word' id='word_1_220' title='bbox 526 2690 582 2739; x_wconf 90' lang='lat' dir='ltr'><strong>nec,</strong></span> <span class='ocrx_word' id='word_1_221' title='bbox 605 2672 679 2746; x_wconf 84' lang='lat' dir='ltr'><strong>qnod</strong></span> <span class='ocrx_word' id='word_1_222' title='bbox 699 2691 751 2728; x_wconf 90' lang='lat' dir='ltr'><strong>non</strong></span> <span class='ocrx_word' id='word_1_223' title='bbox 772 2673 904 2742; x_wconf 69' lang='lat' dir='ltr'><strong>vendunt,</strong></span> <span class='ocrx_word' id='word_1_224' title='bbox 928 2671 1078 2745; x_wconf 76' lang='lat' dir='ltr'><strong>quidquam</strong></span> <span class='ocrx_word' id='word_1_225' title='bbox 1099 2672 1255 2745; x_wconf 79' lang='lat' dir='ltr'><strong>reliquerat,</strong></span> <span class='ocrx_word' id='word_1_226' title='bbox 1270 2671 1297 2743; x_wconf 90' lang='lat'><strong>¹)</strong></span> 
     </span>
     <span class='ocr_line' id='line_1_27' title="bbox 221 2752 1297 2831; baseline -0.001 -18"><span class='ocrx_word' id='word_1_227' title='bbox 221 2752 397 2830; x_wconf 69' lang='lat' dir='ltr'><strong>mneimoqns&#39;</strong></span> <span class='ocrx_word' id='word_1_228' title='bbox 413 2757 488 2813; x_wconf 64' lang='lat' dir='ltr'><strong>noar</strong></span> <span class='ocrx_word' id='word_1_229' title='bbox 510 2758 627 2813; x_wconf 83' lang='lat' dir='ltr'><strong>traditus</strong></span> <span class='ocrx_word' id='word_1_230' title='bbox 648 2767 707 2814; x_wconf 84' lang='lat' dir='ltr'><strong>erat</strong></span> <span class='ocrx_word' id='word_1_231' title='bbox 728 2758 879 2829; x_wconf 58' lang='lat' dir='ltr'><strong>innunt)</strong></span> <span class='ocrx_word' id='word_1_232' title='bbox 901 2775 985 2830; x_wconf 83' lang='lat' dir='ltr'><strong>neque</strong></span> <span class='ocrx_word' id='word_1_233' title='bbox 996 2756 1155 2813; x_wconf 71' lang='lat' dir='ltr'><strong>Laterensis</strong></span> <span class='ocrx_word' id='word_1_234' title='bbox 1174 2764 1297 2831; x_wconf 84' lang='lat' dir='ltr'><strong>praetor,</strong></span> 
     </span>
     <span class='ocr_line' id='line_1_28' title="bbox 219 2839 1297 2918; baseline -0.001 -20"><span class='ocrx_word' id='word_1_235' title='bbox 219 2844 374 2918; x_wconf 78' lang='lat' dir='ltr'><strong>postulante</strong></span> <span class='ocrx_word' id='word_1_236' title='bbox 384 2842 535 2911; x_wconf 82' lang='lat' dir='ltr'><strong>Pausania,</strong></span> <span class='ocrx_word' id='word_1_237' title='bbox 558 2843 631 2898; x_wconf 79' lang='lat' dir='ltr'><strong>nobis</strong></span> <span class='ocrx_word' id='word_1_238' title='bbox 648 2845 783 2917; x_wconf 64' lang='lat' dir='ltr'><strong>perorna</strong></span> <span class='ocrx_word' id='word_1_239' title='bbox 810 2840 894 2910; x_wconf 82' lang='lat' dir='ltr'><strong>QUO</strong></span> <span class='ocrx_word' id='word_1_240' title='bbox 915 2841 972 2897; x_wconf 77' lang='lat' dir='ltr'><strong>EA</strong></span> <span class='ocrx_word' id='word_1_241' title='bbox 994 2839 1181 2897; x_wconf 78' lang='lat' dir='ltr'><strong>PECUNIA</strong></span> <span class='ocrx_word' id='word_1_242' title='bbox 1197 2840 1297 2897; x_wconf 84' lang='lat' dir='ltr'><em>PER·</em></span> 
     </span>
     <span class='ocr_line' id='line_1_29' title="bbox 232 2925 1296 3003; baseline -0.001 -19"><span class='ocrx_word' id='word_1_243' title='bbox 232 2926 445 2997; x_wconf 76' lang='lat' dir='ltr'><strong>VENISSET,</strong></span> <span class='ocrx_word' id='word_1_244' title='bbox 467 2929 583 3003; x_wconf 76' lang='lat' dir='ltr'><strong>recipere</strong></span> <span class='ocrx_word' id='word_1_245' title='bbox 598 2928 688 2997; x_wconf 85' lang='lat' dir='ltr'><strong>uoluit,</strong></span> <span class='ocrx_word' id='word_1_246' title='bbox 706 2928 780 3002; x_wconf 83' lang='lat' dir='ltr'><strong>quod</strong></span> <span class='ocrx_word' id='word_1_247' title='bbox 796 2927 894 2995; x_wconf 83' lang='lat' dir='ltr'><strong>Pilius,</strong></span> <span class='ocrx_word' id='word_1_248' title='bbox 917 2928 1082 2983; x_wconf 83' lang='lat' dir='ltr'><strong>necessarius</strong></span> <span class='ocrx_word' id='word_1_249' title='bbox 1101 2925 1186 2983; x_wconf 82' lang='lat' dir='ltr'><strong>Attici</strong></span> <span class='ocrx_word' id='word_1_250' title='bbox 1200 2931 1296 2996; x_wconf 69' lang='lat' dir='ltr'><strong>nostri,</strong></span> 
     </span>
     <span class='ocr_line' id='line_1_30' title="bbox 224 3011 1299 3088; baseline -0.004 -17"><span class='ocrx_word' id='word_1_251' title='bbox 224 3014 259 3071; x_wconf 86' lang='lat' dir='ltr'><strong>de</strong></span> <span class='ocrx_word' id='word_1_252' title='bbox 279 3014 434 3088; x_wconf 69' lang='lat' dir='ltr'><strong>repetendae</strong></span> <span class='ocrx_word' id='word_1_253' title='bbox 455 3032 513 3069; x_wconf 82' lang='lat' dir='ltr'><strong>curn</strong></span> <span class='ocrx_word' id='word_1_254' title='bbox 531 3014 687 3088; x_wconf 79' lang='lat' dir='ltr'><strong>postulauit.</strong></span> <span class='ocrx_word' id='word_1_255' title='bbox 732 3011 887 3088; x_wconf 80' lang='lat' dir='ltr'><strong>Accipiter</strong></span> <span class='ocrx_word' id='word_1_256' title='bbox 908 3030 1006 3085; x_wconf 56' lang='lat' dir='ltr'><strong>nequa</strong></span> <span class='ocrx_word' id='word_1_257' title='bbox 1034 3011 1155 3086; x_wconf 91' lang='lat' dir='ltr'><strong>opinor,</strong></span> <span class='ocrx_word' id='word_1_258' title='bbox 1184 3029 1238 3086; x_wconf 87' lang='lat' dir='ltr'><strong>pro</strong></span> <span class='ocrx_word' id='word_1_259' title='bbox 1267 3030 1299 3076; x_wconf 82' lang='lat' dir='ltr'><strong>ne</strong></span> 
     </span>
     <span class='ocr_line' id='line_1_31' title="bbox 228 3095 1299 3173; baseline -0.003 -18"><span class='ocrx_word' id='word_1_260' title='bbox 228 3129 262 3142; x_wconf 89' lang='lat'>-</span> <span class='ocrx_word' id='word_1_261' title='bbox 288 3099 409 3173; x_wconf 71' lang='lat' dir='ltr'><strong>qmdern,</strong></span> <span class='ocrx_word' id='word_1_262' title='bbox 438 3106 471 3154; x_wconf 88' lang='lat' dir='ltr'><strong>nt</strong></span> <span class='ocrx_word' id='word_1_263' title='bbox 491 3098 530 3154; x_wconf 94' lang='lat' dir='ltr'><strong>ab</strong></span> <span class='ocrx_word' id='word_1_264' title='bbox 552 3116 587 3155; x_wconf 90' lang='lat' dir='ltr'><strong>so</strong></span> <span class='ocrx_word' id='word_1_265' title='bbox 610 3098 748 3172; x_wconf 89' lang='lat' dir='ltr'><strong>apodosis</strong></span> <span class='ocrx_word' id='word_1_266' title='bbox 769 3097 906 3173; x_wconf 73' lang='lat' dir='ltr'><strong>incipiat,</strong></span> <span class='ocrx_word' id='word_1_267' title='bbox 934 3097 986 3153; x_wconf 90' lang='lat' dir='ltr'><strong>sed</strong></span> <span class='ocrx_word' id='word_1_268' title='bbox 1013 3095 1083 3170; x_wconf 89' lang='lat' dir='ltr'><strong>quid</strong></span> <span class='ocrx_word' id='word_1_269' title='bbox 1105 3095 1153 3153; x_wconf 90' lang='lat' dir='ltr'><strong>hic</strong></span> <span class='ocrx_word' id='word_1_270' title='bbox 1175 3105 1246 3172; x_wconf 85' lang='lat' dir='ltr'><strong>egat</strong></span> <span class='ocrx_word' id='word_1_271' title='bbox 1266 3116 1299 3153; x_wconf 84' lang='lat' dir='ltr'><strong>ne</strong></span> 
     </span>
     <span class='ocr_line' id='line_1_32' title="bbox 225 3180 1297 3259; baseline -0.005 -18"><span class='ocrx_word' id='word_1_272' title='bbox 225 3185 409 3259; x_wconf 73' lang='lat' dir='ltr'><strong>-quidem,</strong></span> <span class='ocrx_word' id='word_1_273' title='bbox 432 3202 518 3240; x_wconf 90' lang='lat' dir='ltr'><strong>nemo</strong></span> <span class='ocrx_word' id='word_1_274' title='bbox 540 3182 711 3259; x_wconf 88' lang='lat' dir='ltr'><strong>intellegere</strong></span> <span class='ocrx_word' id='word_1_275' title='bbox 733 3192 845 3259; x_wconf 85' lang='lat' dir='ltr'><strong>potest,</strong></span> <span class='ocrx_word' id='word_1_276' title='bbox 875 3182 1024 3255; x_wconf 89' lang='lat' dir='ltr'><strong>multoque</strong></span> <span class='ocrx_word' id='word_1_277' title='bbox 1048 3180 1158 3251; x_wconf 87' lang='lat' dir='ltr'><strong>minus,</strong></span> <span class='ocrx_word' id='word_1_278' title='bbox 1187 3199 1240 3238; x_wconf 87' lang='lat' dir='ltr'><strong>cnr</strong></span> <span class='ocrx_word' id='word_1_279' title='bbox 1260 3199 1297 3237; x_wconf 91' lang='lat' dir='ltr'><strong>ne</strong></span> 
     </span>
     <span class='ocr_line' id='line_1_33' title="bbox 225 3265 1297 3343; baseline -0.003 -17"><span class='ocrx_word' id='word_1_280' title='bbox 225 3269 394 3327; x_wconf 88' lang='lat' dir='ltr'><strong>Laterensis</strong></span> <span class='ocrx_word' id='word_1_281' title='bbox 421 3268 539 3342; x_wconf 86' lang='lat' dir='ltr'><strong>quidem</strong></span> <span class='ocrx_word' id='word_1_282' title='bbox 567 3286 673 3325; x_wconf 90' lang='lat' dir='ltr'><strong>nomeu</strong></span> <span class='ocrx_word' id='word_1_283' title='bbox 701 3269 743 3325; x_wconf 87' lang='lat' dir='ltr'><strong>rei</strong></span> <span class='ocrx_word' id='word_1_284' title='bbox 771 3267 903 3343; x_wconf 89' lang='lat' dir='ltr'><strong>recipere</strong></span> <span class='ocrx_word' id='word_1_285' title='bbox 930 3265 1071 3336; x_wconf 88' lang='lat' dir='ltr'><strong>voluerit,</strong></span> <span class='ocrx_word' id='word_1_286' title='bbox 1101 3266 1180 3341; x_wconf 89' lang='lat' dir='ltr'><strong>qnod</strong></span> <span class='ocrx_word' id='word_1_287' title='bbox 1202 3265 1297 3324; x_wconf 89' lang='lat' dir='ltr'><strong>Pilius</strong></span> 
     </span>
     <span class='ocr_line' id='line_1_34' title="bbox 224 3351 1296 3429; baseline 0 -19"><span class='ocrx_word' id='word_1_288' title='bbox 224 3354 261 3410; x_wconf 90' lang='lat' dir='ltr'><strong>de</strong></span> <span class='ocrx_word' id='word_1_289' title='bbox 288 3354 347 3412; x_wconf 91' lang='lat' dir='ltr'><strong>alia</strong></span> <span class='ocrx_word' id='word_1_290' title='bbox 375 3373 407 3411; x_wconf 91' lang='lat' dir='ltr'><strong>re</strong></span> <span class='ocrx_word' id='word_1_291' title='bbox 435 3373 499 3410; x_wconf 90' lang='lat' dir='ltr'><strong>eum</strong></span> <span class='ocrx_word' id='word_1_292' title='bbox 528 3354 699 3429; x_wconf 86' lang='lat' dir='ltr'><strong>postularet.</strong></span> <span class='ocrx_word' id='word_1_293' title='bbox 754 3353 892 3411; x_wconf 88' lang='lat' dir='ltr'><strong>Debebet</strong></span> <span class='ocrx_word' id='word_1_294' title='bbox 918 3352 1023 3409; x_wconf 72' lang='lat' dir='ltr'><strong>saltem</strong></span> <span class='ocrx_word' id='word_1_295' title='bbox 1050 3351 1109 3409; x_wconf 91' lang='lat' dir='ltr'><strong>dici</strong></span> <span class='ocrx_word' id='word_1_296' title='bbox 1131 3352 1296 3428; x_wconf 70' lang='lat' dir='ltr'><strong>postulerat,</strong></span> 
     </span>
     <span class='ocr_line' id='line_1_35' title="bbox 225 3434 1296 3514; baseline 0 -18"><span class='ocrx_word' id='word_1_297' title='bbox 225 3439 280 3496; x_wconf 88' lang='lat' dir='ltr'><strong>etsi</strong></span> <span class='ocrx_word' id='word_1_298' title='bbox 312 3458 360 3496; x_wconf 89' lang='lat' dir='ltr'><strong>res</strong></span> <span class='ocrx_word' id='word_1_299' title='bbox 392 3439 485 3496; x_wconf 88' lang='lat' dir='ltr'><strong>nihilo</strong></span> <span class='ocrx_word' id='word_1_300' title='bbox 519 3439 622 3497; x_wconf 88' lang='lat' dir='ltr'><strong>melior</strong></span> <span class='ocrx_word' id='word_1_301' title='bbox 649 3439 741 3499; x_wconf 85' lang='lat' dir='ltr'><strong>fleret.</strong></span> <span class='ocrx_word' id='word_1_302' title='bbox 792 3439 938 3498; x_wconf 88' lang='lat' dir='ltr'><strong>Nimirum</strong></span> <span class='ocrx_word' id='word_1_303' title='bbox 971 3439 1046 3513; x_wconf 87' lang='lat' dir='ltr'><strong>qnod</strong></span> <span class='ocrx_word' id='word_1_304' title='bbox 1078 3446 1123 3495; x_wconf 85' lang='lat' dir='ltr'><strong>est</strong></span> <span class='ocrx_word' id='word_1_305' title='bbox 1155 3437 1188 3506; x_wconf 77' lang='lat' dir='ltr'><strong>Q.</strong></span> <span class='ocrx_word' id='word_1_306' title='bbox 1216 3434 1296 3514; x_wconf 89' lang='lat' dir='ltr'><strong>[cod.</strong></span> 
     </span>
     <span class='ocr_line' id='line_1_36' title="bbox 225 3522 1298 3602; baseline -0.004 -20"><span class='ocrx_word' id='word_1_307' title='bbox 225 3524 304 3584; x_wconf 89' lang='lat' dir='ltr'><strong>Med.</strong></span> <span class='ocrx_word' id='word_1_308' title='bbox 334 3523 389 3602; x_wconf 81' lang='lat' dir='ltr'><strong>q&#39;],</strong></span> <span class='ocrx_word' id='word_1_309' title='bbox 423 3534 543 3599; x_wconf 89' lang='lat' dir='ltr'><strong>totaque</strong></span> <span class='ocrx_word' id='word_1_310' title='bbox 571 3525 708 3602; x_wconf 89' lang='lat' dir='ltr'><strong>periodus</strong></span> <span class='ocrx_word' id='word_1_311' title='bbox 737 3524 780 3582; x_wconf 90' lang='lat' dir='ltr'><strong>sic</strong></span> <span class='ocrx_word' id='word_1_312' title='bbox 810 3524 961 3582; x_wconf 86' lang='lat' dir='ltr'><strong>cohaeret:</strong></span> <span class='ocrx_word' id='word_1_313' title='bbox 996 3522 1128 3580; x_wconf 82' lang='lat' dir='ltr'><strong>Seruilius</strong></span> <span class='ocrx_word' id='word_1_314' title='bbox 1150 3532 1298 3597; x_wconf 83' lang='lat' dir='ltr'><strong>postquam</strong></span> 
     </span>
     <span class='ocr_line' id='line_1_37' title="bbox 228 3610 1296 3686; baseline -0.003 -20"><span class='ocrx_word' id='word_1_315' title='bbox 228 3642 265 3654; x_wconf 93' lang='lat'>-</span> <span class='ocrx_word' id='word_1_316' title='bbox 289 3610 363 3667; x_wconf 85' lang='lat' dir='ltr'><strong>nobis</strong></span> <span class='ocrx_word' id='word_1_317' title='bbox 390 3612 508 3668; x_wconf 85' lang='lat' dir='ltr'><strong>traditus</strong></span> <span class='ocrx_word' id='word_1_318' title='bbox 534 3621 594 3668; x_wconf 89' lang='lat' dir='ltr'><strong>erot</strong></span> <span class='ocrx_word' id='word_1_319' title='bbox 614 3643 670 3680; x_wconf 88' lang='lat'><strong>-,</strong></span> <span class='ocrx_word' id='word_1_320' title='bbox 701 3629 785 3686; x_wconf 85' lang='lat' dir='ltr'><strong>nsque</strong></span> <span class='ocrx_word' id='word_1_321' title='bbox 811 3610 970 3666; x_wconf 82' lang='lat' dir='ltr'><strong>Laterensis</strong></span> <span class='ocrx_word' id='word_1_322' title='bbox 995 3641 1032 3651; x_wconf 92' lang='lat'><em>-</em></span> <span class='ocrx_word' id='word_1_323' title='bbox 1062 3611 1178 3684; x_wconf 87' lang='lat' dir='ltr'><strong>recipere</strong></span> <span class='ocrx_word' id='word_1_324' title='bbox 1204 3610 1296 3676; x_wconf 69' lang='lat' dir='ltr'><strong>uolunt,</strong></span> 
     </span>
     <span class='ocr_line' id='line_1_38' title="bbox 230 3692 1297 3771; baseline -0.003 -19"><span class='ocrx_word' id='word_1_325' title='bbox 230 3694 265 3764; x_wconf 81' lang='lat' dir='ltr'><strong>Q.</strong></span> <span class='ocrx_word' id='word_1_326' title='bbox 292 3697 382 3753; x_wconf 82' lang='lat' dir='ltr'><strong>Pilius</strong></span> <span class='ocrx_word' id='word_1_327' title='bbox 412 3729 450 3739; x_wconf 94' lang='lat'><em>-</em></span> <span class='ocrx_word' id='word_1_328' title='bbox 478 3716 536 3753; x_wconf 87' lang='lat' dir='ltr'><strong>eun</strong></span> <span class='ocrx_word' id='word_1_329' title='bbox 561 3698 715 3770; x_wconf 83' lang='lat' dir='ltr'><strong>postulavit.</strong></span> <span class='ocrx_word' id='word_1_330' title='bbox 769 3695 911 3771; x_wconf 82' lang='lat' dir='ltr'><strong>Ereptum</strong></span> <span class='ocrx_word' id='word_1_331' title='bbox 939 3692 1098 3754; x_wconf 85' lang='lat' dir='ltr'><strong>Servilium</strong></span> <span class='ocrx_word' id='word_1_332' title='bbox 1127 3693 1297 3750; x_wconf 85' lang='lat' dir='ltr'><strong>Laterensis</strong></span> 
     </span>
     <span class='ocr_line' id='line_1_39' title="bbox 225 3778 1296 3855; baseline -0.002 -18"><span class='ocrx_word' id='word_1_333' title='bbox 225 3780 343 3839; x_wconf 85' lang='lat' dir='ltr'><strong>decreto</strong></span> <span class='ocrx_word' id='word_1_334' title='bbox 365 3800 402 3839; x_wconf 86' lang='lat' dir='ltr'><strong>ex</strong></span> <span class='ocrx_word' id='word_1_335' title='bbox 424 3799 482 3838; x_wconf 85' lang='lat' dir='ltr'><strong>uus</strong></span> <span class='ocrx_word' id='word_1_336' title='bbox 504 3780 676 3854; x_wconf 88' lang='lat' dir='ltr'><strong>quaestione</strong></span> <span class='ocrx_word' id='word_1_337' title='bbox 692 3781 788 3839; x_wconf 89' lang='lat' dir='ltr'><strong>Pilius</strong></span> <span class='ocrx_word' id='word_1_338' title='bbox 810 3780 848 3838; x_wconf 85' lang='lat' dir='ltr'><strong>ed</strong></span> <span class='ocrx_word' id='word_1_339' title='bbox 869 3780 993 3838; x_wconf 76' lang='lat' dir='ltr'><strong>alteram</strong></span> <span class='ocrx_word' id='word_1_340' title='bbox 1015 3778 1122 3855; x_wconf 77' lang='lat' dir='ltr'><strong>rapuit.</strong></span> <span class='ocrx_word' id='word_1_341' title='bbox 1167 3779 1296 3854; x_wconf 88' lang='lat' dir='ltr'><strong>Tempo-</strong></span> 
     </span>
    </p>
   </div>
   <div class='ocr_carea' id='block_1_3' title="bbox 210 4046 1359 4457">
    <p class='ocr_par' dir='ltr' id='par_1_5' title="bbox 240 4046 1296 4182">
     <span class='ocr_line' id='line_1_40' title="bbox 240 4046 1295 4116; baseline -0.004 -16"><span class='ocrx_word' id='word_1_342' title='bbox 240 4053 272 4116; x_wconf 66' lang='lat' dir='ltr'><strong>l)</strong></span> <span class='ocrx_word' id='word_1_343' title='bbox 291 4051 332 4100; x_wconf 89' lang='lat' dir='ltr'><strong>Sic</strong></span> <span class='ocrx_word' id='word_1_344' title='bbox 355 4059 421 4099; x_wconf 84' lang='lat' dir='ltr'><strong>recte</strong></span> <span class='ocrx_word' id='word_1_345' title='bbox 439 4048 589 4109; x_wconf 85' lang='lat' dir='ltr'><strong>Lambinus;</strong></span> <span class='ocrx_word' id='word_1_346' title='bbox 615 4049 705 4113; x_wconf 81' lang='lat' dir='ltr'><strong>vulgo:</strong></span> <span class='ocrx_word' id='word_1_347' title='bbox 729 4049 794 4113; x_wconf 80' lang='lat' dir='ltr'><strong>quod</strong></span> <span class='ocrx_word' id='word_1_348' title='bbox 814 4065 860 4098; x_wconf 92' lang='lat' dir='ltr'><strong>non</strong></span> <span class='ocrx_word' id='word_1_349' title='bbox 881 4047 989 4098; x_wconf 71' lang='lat' dir='ltr'><strong>veadmr</strong></span> <span class='ocrx_word' id='word_1_350' title='bbox 1012 4047 1133 4113; x_wconf 64' lang='lat' dir='ltr'><strong>memnon,</strong></span> <span class='ocrx_word' id='word_1_351' title='bbox 1155 4046 1295 4112; x_wconf 79' lang='lat' dir='ltr'><strong>rsls&#39;querot.</strong></span> 
     </span>
     <span class='ocr_line' id='line_1_41' title="bbox 294 4115 1296 4182; baseline -0.002 -16"><span class='ocrx_word' id='word_1_352' title='bbox 294 4117 384 4168; x_wconf 85' lang='lat' dir='ltr'><strong>Latine</strong></span> <span class='ocrx_word' id='word_1_353' title='bbox 401 4118 507 4167; x_wconf 87' lang='lat' dir='ltr'><strong>dicitnr:</strong></span> <span class='ocrx_word' id='word_1_354' title='bbox 526 4116 585 4166; x_wconf 78' lang='lat' dir='ltr'><strong>nrltsl</strong></span> <span class='ocrx_word' id='word_1_355' title='bbox 601 4115 693 4182; x_wconf 79' lang='lat' dir='ltr'><strong>reliqui,</strong></span> <span class='ocrx_word' id='word_1_356' title='bbox 712 4116 777 4182; x_wconf 80' lang='lat' dir='ltr'><strong>qaod</strong></span> <span class='ocrx_word' id='word_1_357' title='bbox 792 4135 838 4168; x_wconf 86' lang='lat' dir='ltr'><strong>non</strong></span> <span class='ocrx_word' id='word_1_358' title='bbox 855 4115 976 4167; x_wconf 72' lang='lat' dir='ltr'><strong>rurdmn</strong></span> <span class='ocrx_word' id='word_1_359' title='bbox 995 4117 1092 4179; x_wconf 87' lang='lat' dir='ltr'><strong>(alicui,</strong></span> <span class='ocrx_word' id='word_1_360' title='bbox 1111 4115 1171 4166; x_wconf 86' lang='lat' dir='ltr'><strong>huie</strong></span> <span class='ocrx_word' id='word_1_361' title='bbox 1188 4116 1228 4166; x_wconf 82' lang='lat' dir='ltr'><strong>rel</strong></span> <span class='ocrx_word' id='word_1_362' title='bbox 1247 4116 1296 4176; x_wconf 86' lang='lat' dir='ltr'><strong>illi,</strong></span> 
     </span>
    </p>

    <p class='ocr_par' dir='ltr' id='par_1_6' title="bbox 245 4185 1300 4318">
     <span class='ocr_line' id='line_1_42' title="bbox 245 4185 1300 4318; baseline -0.004 -13"><span class='ocrx_word' id='word_1_363' title='bbox 245 4258 255 4284; x_wconf 82' lang='lat'>²</span> <span class='ocrx_word' id='word_1_364' title='bbox 288 4187 530 4305; x_wconf 40' lang='grc' dir='ltr'><strong>ὲάοῗὶιέηἳιῗίξιῗωὲῖ</strong></span> <span class='ocrx_word' id='word_1_365' title='bbox 549 4185 1122 4318; x_wconf 45' lang='lat' dir='ltr'><strong>ffqdiiilnnrozimplrfflignaliqnffiqijili</strong></span> <span class='ocrx_word' id='word_1_366' title='bbox 1137 4250 1250 4313; x_wconf 63' lang='lat' dir='ltr'><strong>sundran,</strong></span> <span class='ocrx_word' id='word_1_367' title='bbox 1269 4261 1300 4301; x_wconf 88' lang='lat' dir='ltr'><strong>nt</strong></span> 
     </span>
    </p>

    <p class='ocr_par' dir='ltr' id='par_1_7' title="bbox 260 4254 1297 4388">
     <span class='ocr_line' id='line_1_43' title="bbox 260 4254 1297 4388; baseline -0.004 -15"><span class='ocrx_word' id='word_1_368' title='bbox 260 4254 270 4322; x_wconf 72' lang='grc'><strong>)</strong></span> <span class='ocrx_word' id='word_1_369' title='bbox 294 4272 396 4373; x_wconf 58' lang='lat' dir='ltr'><strong>sinn:</strong></span> <span class='ocrx_word' id='word_1_370' title='bbox 420 4333 454 4374; x_wconf 65' lang='lat' dir='ltr'><strong>en</strong></span> <span class='ocrx_word' id='word_1_371' title='bbox 476 4269 670 4385; x_wconf 54' lang='lat' dir='ltr'><strong>telletum,</strong></span> <span class='ocrx_word' id='word_1_372' title='bbox 695 4338 775 4388; x_wconf 72' lang='lat' dir='ltr'><strong>neque</strong></span> <span class='ocrx_word' id='word_1_373' title='bbox 792 4291 829 4372; x_wconf 77' lang='lat' dir='ltr'><strong>u.</strong></span> <span class='ocrx_word' id='word_1_374' title='bbox 849 4323 969 4373; x_wconf 68' lang='lat' dir='ltr'><strong>semna·</strong></span> <span class='ocrx_word' id='word_1_375' title='bbox 993 4321 1081 4373; x_wconf 67' lang='lat' dir='ltr'><strong>casin</strong></span> <span class='ocrx_word' id='word_1_376' title='bbox 1103 4321 1216 4371; x_wconf 67' lang='lat' dir='ltr'><strong>ennom</strong></span> <span class='ocrx_word' id='word_1_377' title='bbox 1234 4329 1297 4382; x_wconf 67' lang='lat' dir='ltr'><strong>erat,</strong></span> 
     </span>
    </p>

    <p class='ocr_par' dir='ltr' id='par_1_8' title="bbox 210 4390 1359 4457">
     <span class='ocr_line' id='line_1_44' title="bbox 210 4390 1359 4457; baseline -0.005 -13"><span class='ocrx_word' id='word_1_378' title='bbox 210 4438 214 4444; x_wconf 92' lang='lat'><strong>.</strong></span> <span class='ocrx_word' id='word_1_379' title='bbox 293 4394 336 4442; x_wconf 85' lang='lat' dir='ltr'><strong>ssd</strong></span> <span class='ocrx_word' id='word_1_380' title='bbox 350 4394 403 4457; x_wconf 89' lang='lat' dir='ltr'><strong>ipse</strong></span> <span class='ocrx_word' id='word_1_381' title='bbox 417 4394 522 4442; x_wconf 86' lang='lat' dir='ltr'><strong>ardebat</strong></span> <span class='ocrx_word' id='word_1_382' title='bbox 538 4392 641 4453; x_wconf 78' lang='lat' dir='ltr'><strong>invidia,</strong></span> <span class='ocrx_word' id='word_1_383' title='bbox 660 4393 732 4443; x_wconf 88' lang='lat' dir='ltr'><strong>cuins</strong></span> <span class='ocrx_word' id='word_1_384' title='bbox 745 4392 889 4443; x_wconf 85' lang='lat' dir='ltr'><strong>incendium</strong></span> <span class='ocrx_word' id='word_1_385' title='bbox 904 4391 1006 4442; x_wconf 81' lang='lat' dir='ltr'><strong>Caelius</strong></span> <span class='ocrx_word' id='word_1_386' title='bbox 1021 4392 1168 4455; x_wconf 76' lang='lat' dir='ltr'><strong>extinguere</strong></span> <span class='ocrx_word' id='word_1_387' title='bbox 1182 4390 1299 4440; x_wconf 82' lang='lat' dir='ltr'><strong>debebat.</strong></span> <span class='ocrx_word' id='word_1_388' title='bbox 1355 4393 1359 4403; x_wconf 92' lang='lat'>&#39;</span> 
     </span>
    </p>
   </div>
   <div class='ocr_carea' id='block_1_4' title="bbox 0 0 1533 5086">
    <p class='ocr_par' dir='ltr' id='par_1_9' title="bbox 0 0 1533 5086">
     <span class='ocr_line' id='line_1_45' title="bbox 0 0 1533 5086; baseline 0 0"><span class='ocrx_word' id='word_1_389' title='bbox 0 0 1533 5086; x_wconf 95' lang='lat' dir='ltr'><strong> </strong></span> 
     </span>
    </p>
   </div>
  </div>
 </body>
</html>
