3030 5086
468 488 512 534 nn
536 489 616 535 man.
638 489 702 536 nm.
724 489 758 537 nv
782 490 854 537 oar.
878 492 913 540 ro.
929 490 1062 552 (ra-ro.)
1118 534 1120 539 ,
1232 472 1296 539 547

224 675 341 723 sumus.
391 656 545 722 Neutrum
567 676 656 737 vero,
685 658 788 738 inquit
812 657 871 723 ille
914 657 996 722 Nam
1026 665 1058 722 et
1084 677 1104 723 a
1130 664 1162 724 te
1188 657 1296 740 perfici
1330 738 1333 744 Ι

222 761 315 826 istam
337 759 578 840 disputationem
600 759 671 824 volo
699 778 755 825 nec
782 768 838 825 tua
864 759 939 824 mihi
960 761 1060 825 oratio
1083 760 1176 842 longa
1196 761 1295 827 videri

223 868 336 945 potest
380 861 514 942 Optime,
536 862 672 944 inquam.
717 862 799 942 Qudd
821 862 902 928 onim
923 861 998 926 mihi
1018 869 1124 944 potest
1145 880 1216 929 esse
1237 882 1294 945 op·

223 965 320 1030 tatius
342 982 436 1044 quam
457 981 526 1028 oum
543 964 670 1044 Catone,
692 965 827 1030 omnium
844 965 994 1030 virtutum
1010 973 1148 1045 auctore,
1169 967 1210 1031 do
1230 965 1295 1030 vir·

223 1065 342 1131 tutibus
359 1065 541 1147 disputare?
583 1067 635 1132 45.
657 1065 720 1131 Sed
734 1067 868 1148 primum
885 1066 962 1133 illud
977 1067 1059 1147 vide,
1080 1067 1334 1149 granasimnmo

222 1168 307 1233 illam
329 1174 467 1232 vestram
494 1169 694 1247 sententiam,
724 1187 804 1250 quae
830 1166 979 1234 familiam
1006 1169 1104 1248 ducit,
1130 1168 1296 1235 honestum

223 1271 307 1353 quod
329 1269 378 1350 sit,
400 1269 433 1333 id
455 1288 524 1334 esse
545 1270 646 1335 solum
668 1270 783 1335 bonum
804 1270 996 1352 honestoque
1016 1271 1122 1338 vivere
1143 1271 1295 1336 bonorum

222 1371 324 1450 finem,
346 1389 538 1437 communem
559 1370 628 1439 fore
645 1372 732 1438 vobis
754 1390 823 1436 eum
845 1372 997 1452 omnibus,
1018 1373 1071 1453 qui
1092 1373 1125 1438 in
1145 1392 1210 1439 una
1230 1373 1295 1438 vir·

222 1481 289 1540 tute
310 1474 504 1538 constituunt
522 1471 616 1539 finem
636 1474 804 1553 bonorum;
826 1474 973 1555 quodque
993 1473 1112 1554 dicitis,
1133 1474 1295 1540 informari

223 1594 286 1640 non
307 1594 402 1657 posse
424 1576 585 1655 virtutem,
608 1576 634 1640 si
656 1576 841 1672 quidquam,
868 1577 929 1641 nisi
950 1577 1036 1657 qnod
1058 1577 1223 1643 honestum
1243 1577 1294 1659 sit,
1313 1580 1356 1648 10

223 1686 412 1755 numeretur,
433 1678 515 1742 idem
532 1677 653 1743 dicetur
670 1678 710 1742 ab
726 1677 796 1758 illis,
812 1696 891 1759 qnos
906 1680 1000 1743 modo
1018 1678 1183 1744 nominavi.
1215 1678 1294 1744 Mihi
1391 1736 1393 1744 .

222 1786 327 1844 autem
348 1778 479 1860 aequius
501 1779 680 1859 videbatur,
707 1781 863 1846 Zenonem
891 1798 960 1845 oum
982 1779 1151 1847 Polemone
1171 1780 1294 1863 disrep-

295 1990 314 2032 l.
334 1991 355 2032 st
374 1984 456 2033 om.R
491 1988 513 2031 2.
532 1982 676 2034 multimaC
710 1993 753 2032 trra
770 1983 919 2033 materam
937 1983 1114 2049 lerrpamrlr'li
1150 1989 1172 2036 e.
1191 1993 1294 2034 ommam

223 2050 329 2101 r'tlarnR
374 2050 510 2113 7.anss
546 2051 759 2101 bonamrolornll
794 2052 1012 2102 ammaoni,
1056 2053 1294 2104 8.r'nor‘arrr'rt.E

229 2125 265 2172 to.
283 2119 405 2199 quidpiam
424 2119 459 2168 Or
502 2119 673 2182 quodom.L
711 2125 748 2170 ll.
767 2120 835 2170 modo
853 2122 952 2185 proeli

223 2309 272 2368 ubi
300 2328 383 2367 suam
412 2318 523 2384 partem
554 2309 680 2366 maxime
707 2309 867 2386 signifieat,
894 2320 928 2367 ut
949 2313 995 2382 ΙΙ,
1019 2312 1058 2368 85
1082 2315 1202 2387 (nrmiom
1224 2314 1296 2384 lonpi

222 2399 326 2468 ramos)
343 2406 373 2452 et
393 2395 453 2451 ibd.
469 2396 537 2464 104,
560 2394 615 2452 hoc
638 2396 714 2452 libro
727 2396 776 2464 73,
799 2415 836 2452 ne
858 2397 924 2471 quis
946 2396 999 2453 hos
1021 2397 1102 2456 looos
1124 2397 1167 2455 eis
1189 2397 1294 2454 adrer-

223 2481 282 2538 sari
304 2491 396 2556 putet,
420 2498 494 2555 quae
517 2480 554 2536 ad
577 2480 644 2549 §39
669 2481 739 2538 dixi.
788 2481 826 2537 lm
846 2490 944 2538 tamen
968 2482 1045 2556 quod
1063 2481 1168 2541 Cicero
1189 2499 1294 2558 reapse

221 2585 292 2623 snae
320 2566 460 2623 orationis
489 2566 699 2641 longitudinem
728 2566 921 2643 significaret,
950 2566 1025 2626 Cato
1047 2567 1219 2642 respondet:
1246 2585 1294 2624 neo

223 2662 270 2708 trra
297 2653 362 2708 milri
388 2656 473 2708 oratio
500 2663 555 2708 eet.
599 2653 675 2708 Tum
704 2652 734 2708 in
757 2652 835 2722 Erl.,
864 2651 955 2728 Spir.,
984 2652 1062 2712 Gud.
1088 2654 1106 2709 2
1134 2653 1200 2709 miti
1226 2662 1294 2728 post

222 2739 301 2811 lonpa
322 2737 393 2794 reici
417 2735 509 2794 Gzius
531 2737 587 2805 ait3
610 2735 640 2793 in
664 2737 777 2794 duobus
799 2737 937 2812 reliquis,
960 2748 993 2796 nt
1014 2738 1044 2795 in
1067 2738 1129 2797 Erl.
1154 2736 1224 2815 [B],
1247 2736 1293 2795 bis

221 2840 280 2880 vox
303 2822 400 2898 posita
423 2831 495 2879 erat.
793 2869 795 2873 .

308 2908 357 2964 45.
387 2908 444 2964 Sed
466 2909 585 2981 pm'mnm
613 2909 682 2963 illud
709 2905 783 2984 vide)
811 2908 889 2963 Huio
916 2908 1075 2982 respondet
1101 2907 1175 2964 illud
1197 2911 1212 2976 ξ
1236 2908 1292 2964 46:

221 2995 333 3050 Minime
349 3012 410 3049 vero
427 2993 495 3048 illud
506 2993 600 3066 probo.
624 2992 697 3049 Mox
710 2991 787 3067 Spir.
802 2988 873 3071 [non
887 2989 927 3071 B]
945 2993 1019 3049 ducit
1029 2994 1175 3066 familiam.
1198 2991 1292 3048 Panlo

220 3089 288 3154 post
299 3096 353 3154 pro
364 3080 506 3152 informem
516 3077 579 3135 cod.
589 3078 663 3134 Mor.
675 3080 851 3151 eorrsormam'3
867 3077 975 3134 rectius
987 3078 1110 3135 alterum
1124 3077 1159 3133 de
1172 3076 1292 3134 notione

220 3164 433 3221 constituenda.
468 3162 582 3219 Deinde
605 3163 634 3218 in
657 3162 758 3237 aliqua
774 3182 811 3218 ex
831 3162 1009 3220 editionibus
1026 3162 1228 3220 Lambinianie
1247 3180 1293 3218 er·

219 3268 286 3323 rore
309 3250 448 3324 seriptum
472 3259 517 3306 est
539 3249 678 3322 quidpiam
700 3257 729 3305 et
752 3267 769 3304 a
791 3246 922 3305 Grutero
944 3258 1152 3325 propagatum,
1175 3265 1193 3304 a
1214 3246 1291 3306 Gzio

221 3337 336 3407 (eontra
347 3334 431 3393 codd.
445 3334 571 3404 Davisii,
590 3331 790 3408 Oxx.EU1ttr,
808 3351 886 3404 suos,
905 3328 973 3413 [Β])
986 3332 1147 3392 defensum.
1177 3329 1292 3414 [Notis-

219 3420 324 3478 simum
348 3429 401 3488 est,
425 3420 455 3476 in
478 3419 644 3476 huiusmodi
667 3417 838 3475 condicione
860 3419 1001 3494 generali,
1025 3419 1056 3475 in
1079 3436 1138 3495 qua
1160 3418 1232 3476 setis
1253 3417 1293 3475 sit

219 3506 338 3563 omnino
361 3505 408 3561 vel
431 3505 467 3561 de
490 3524 547 3561 uno
570 3503 711 3561 affirmari
734 3507 821 3577 (werra
842 3505 938 3578 r'rpend
949 3503 1078 3577 jornand,
1101 3506 1210 3578 etwas),
1233 3502 1292 3560 diei

218 3593 244 3647 εἰ
264 3593 423 3665 qumquam
446 3591 504 3647 vid.
517 3589 571 3650 Gr.
583 3591 648 3647 Lat.
661 3593 675 3659 ς
688 3591 750 3646 494
763 3591 791 3661 b,
814 3589 900 3647 huius
923 3590 1021 3666 operis
1038 3590 1093 3661 IV,
1107 3589 1157 3664 54,
1175 3591 1213 3656 V,
1227 3585 1291 3664 77]

218 3675 382 3733 Numeremr
405 3676 509 3734 Cicero
532 3675 650 3731 brevius
672 3675 763 3745 dixit,
791 3684 825 3732 nt
846 3684 924 3732 esset
947 3667 1105 3751 ἐγκρίνεται
1127 3676 1211 3747 (wird
1231 3677 1291 3730 mit·

215 3763 357 3835 peruenit),
380 3761 468 3836 quod,
491 3761 520 3817 in
545 3779 603 3834 qno
621 3777 727 3835 genere
745 3770 957 3830 numeraretur,
980 3758 1066 3816 laoile
1088 3777 1126 3815 ex
1149 3758 1291 3817 orationis

218 3847 407 3904 cohaerentia
429 3845 599 3921 apparebat.
645 3845 833 3918 (Lambinusr
854 3849 882 3902 r'n
904 3847 979 3902 horris
1000 3848 1174 3918 numeretur.)

305 3934 378 3988 Mili
398 3943 485 3988 autem
506 3933 619 4006 nequino
641 3931 782 3987 videbatur
804 3929 872 4006 oet.)
892 3931 1029 3988 Debebat
1047 3930 1128 3986 Zeno
1150 3929 1180 3986 in
1202 3946 1292 3986 eausa

217 4034 283 4074 oum
306 4017 468 4075 Polemone
491 4015 682 4091 disceptanda
711 4034 729 4071 a
756 4016 958 4075 communibus
984 4013 1078 4071 initiis
1100 4014 1291 4092 progrediens

218 4103 273 4175 (ita
295 4112 327 4159 ut
350 4104 378 4160 in
403 4103 458 4159 hoo
474 4102 596 4176 antiqua
613 4100 715 4159 schola
732 4111 871 4171 maneret,
894 4100 1035 4176 quamdiu
1050 4100 1164 4175 liceret)
1181 4099 1291 4169 videre,

219 4189 270 4245 ubi
292 4189 417 4264 primum
441 4187 642 4244 controversia
664 4194 846 4251 nasceretur,
874 4204 949 4251 non,
978 4185 1056 4260 quod
1078 4183 1164 4254 feeit,
1188 4184 1291 4242 relicta

219 4273 317 4331 stetim
332 4284 430 4329 vetere
442 4273 552 4343 schola,
571 4292 586 4328 e
604 4290 662 4346 qua
672 4271 848 4348 profecerat,
866 4289 931 4329 oum
943 4271 1085 4329 Aristone
1096 4280 1127 4327 et
1136 4270 1291 4347 Pyrrhone

219 4370 249 4415 et
271 4360 415 4416 similibus
438 4369 519 4416 stans
542 4366 571 4414 et
593 4358 629 4414 iis
651 4376 683 4413 se
705 4357 877 4434 adiungens,
900 4357 1013 4426 iisdem,
1037 4356 1143 4430 quibos
1165 4354 1224 4427 illi,
1246 4354 1291 4413 uti

218 4445 398 4521 argumentis
421 4456 450 4502 et
471 4443 625 4501 sententiis
642 4445 688 4516 (ut
709 4441 789 4512 facit,
812 4459 877 4500 enm
900 4442 950 4513 ait,
973 4442 1128 4499 honestum
1147 4441 1225 4517 qnod
1242 4439 1291 4512 sit,

1036 4555 1086 4606 ³5*
