3030 5086
507 400 551 446 nn
574 398 654 446 uun.
678 399 741 444 um.
764 398 775 443 r
797 390 871 446 cae.
893 401 923 446 re
946 396 1078 458 (es-⁴5.)
1290 378 1332 444 93

252 567 498 649 circumcisaque
519 565 673 632 inanitate
691 566 774 631 omni
790 573 822 631 et
838 582 955 644 errore,
979 571 1111 629 naturae
1126 562 1241 629 finibus
1258 582 1331 630 oon·

253 677 362 735 tentus
379 661 447 735 sine
463 667 658 750 aegritudine
674 667 776 749 possit
791 672 824 732 et
839 666 907 732 sine
923 673 1008 731 metu
1024 666 1137 731 vivere.
1170 667 1221 731 45.
1245 669 1332 747 Quae

253 778 306 836 est
327 771 409 836 enim
436 776 492 835 aut
513 769 619 834 utilior·
645 769 764 833 autad
787 768 865 833 bene
887 767 1055 833 vivendum
1076 768 1182 849 aptior
1203 768 1331 849 partitio

253 891 350 954 quem
373 871 435 950 illa,
457 890 518 953 qua
542 878 688 936 est0usus
704 869 881 952 Epicurus?
915 869 968 951 qui
990 888 1086 935 unum
1107 888 1205 950 genus
1227 871 1333 952 posuit

256 993 366 1039 earum
387 973 601 1055 cupiditatum,
623 990 704 1054 quae
725 976 830 1037 essent
851 976 884 1036 et
904 971 1063 1037 naturales
1080 981 1114 1048 et
1129 972 1331 1050 necessariae,
1349 969 1370 1034 5

255 1076 399 1154 alterum,
423 1093 505 1156 quae
526 1073 686 1139 naturales
708 1082 814 1139 essent
835 1089 892 1137 nec
913 1079 1018 1138 tamen
1040 1073 1245 1152 necessariae,
1267 1080 1331 1139 ter-

255 1177 343 1256 tium,
366 1195 447 1258 qnae
469 1194 526 1242 nec
547 1176 709 1241 naturales
731 1193 787 1240 nec
809 1175 1017 1254 necessariae;
1040 1193 1171 1257 quarum
1194 1193 1233 1240 ea
1249 1175 1330 1240 ratio
1384 1214 1389 1221 -

255 1286 320 1357 est,
347 1287 383 1343 ut
402 1277 599 1344 necessariae
626 1295 683 1343 nec
705 1295 803 1359 opera
825 1276 920 1341 multa
944 1294 1000 1342 nec
1022 1276 1164 1358 impensa
1185 1277 1331 1359 explean-

254 1389 323 1458 tur;
347 1399 386 1445 ne
407 1379 566 1444 naturales
589 1379 714 1462 quidem
732 1378 832 1443 multa
848 1378 1039 1457 desiderant,
1060 1387 1231 1459 propterea
1247 1379 1330 1461 quod

327 1575 349 1617 4,
354 1565 426 1634 [que
443 1583 456 1616 e
473 1583 517 1615 usu
536 1565 655 1630 Epr'ercrua
673 1563 726 1632 A¹J
763 1564 875 1627 poser'tE
912 1568 934 1611 5.
953 1571 975 1613 et
993 1563 1139 1630 (priun)oru
1163 1565 1207 1613 st,
1244 1569 1258 1614 6
1286 1531 1335 1614 nou¹

256 1636 376 1685 maenio
412 1639 434 1684 9.
454 1651 496 1684 aec
514 1632 676 1683 natmaleeln
712 1650 750 1696 qur
749 1631 884 1681 multaE

256 1791 350 1847 secuti
373 1800 472 1859 erant,
504 1801 648 1865 proponat
673 1788 760 1864 patulo
783 1789 879 1845 miuus
902 1797 980 1844 recte
1004 1798 1033 1844 et
1055 1788 1191 1863 exerupla
1214 1808 1331 1865 perver-

256 1876 373 1932 sissime
394 1875 637 1949 interpretatione
660 1874 697 1931 ad
721 1892 783 1929 earu
807 1872 1016 1930 accommodet.
1051 1874 1149 1931 Latini
1168 1874 1264 1931 solent
1281 1875 1331 1932 ad·

256 1960 363 2018 iectivo
387 1958 509 2016 subiecti
533 1959 676 2016 unitatem
693 1957 873 2035 significare;
896 1957 970 2015 nihil
988 1968 1086 2014 tamen
1104 1958 1249 2034 prohibet,
1273 1979 1331 2035 qno

256 2045 353 2102 prinus
376 2044 548 2101 adverbium
572 2044 673 2100 eodem
697 2043 785 2101 modo
807 2053 927 2118 ponant,
952 2062 1010 2117 quo
1033 2054 1149 2108 tontum,
1173 2047 1266 2113 neod03
1289 2046 1332 2102 ita

256 2130 355 2187 unitas
378 2128 502 2186 subiecti
525 2128 561 2185 ad
585 2139 677 2186 toturn
701 2127 884 2184 enuntiatum
908 2126 1094 2185 transfertur.
1129 2128 1234 2202 Itaque
1254 2130 1331 2204 quod

255 2214 335 2273 infre
356 2213 462 2281 11,·45
486 2223 545 2271 est:
569 2234 619 2269 uon
642 2214 693 2270 sibi
713 2214 814 2269 secoli
835 2223 941 2279 oratum,
965 2213 994 2269 id
1017 2214 1053 2270 de
1076 2212 1134 2273 Off.
1157 2215 1184 2284 1,
1209 2215 1248 2271 22
1272 2225 1330 2271 est:

255 2320 309 2356 noa
331 2300 405 2356 nobis
427 2301 512 2356 solum
534 2302 593 2356 uati
612 2317 718 2367 suorum
742 2295 794 2355 cfr.
821 2298 867 2354 hic
891 2298 947 2368 111,
972 2299 1026 2355 63:
1048 2302 1175 2356 immanes
1197 2301 1330 2374 quaedam

151 2404 157 2414 ·
255 2386 355 2442 Ικειίαε
376 2385 429 2441 sibi
449 2385 534 2441 solum
555 2395 634 2441 natue
656 2393 726 2452 sunt,
749 2390 779 2439 et
790 2383 878 2448 Tusc.
891 2382 946 2451 IV,
960 2385 1015 2440 44:
1037 2403 1121 2458 raeque
1142 2403 1204 2441 vero
1225 2387 1332 2442 solam

254 2471 343 2527 douc
365 2469 499 2525 libidinem
521 2470 644 2538 undant,
666 2469 715 2526 scd
736 2469 824 2542 ipsum
846 2469 915 2524 illud
934 2487 1038 2541 penus
1061 2470 1178 2526 libidinis
1199 2472 1239 2528 ad
1260 2491 1332 2527 sunr-

254 2575 328 2611 mcm
349 2557 488 2610 ruditatem
510 2574 567 2611 esse
589 2556 681 2611 dimne
702 2572 720 2608 α
741 2560 842 2608 natura
864 2553 966 2609 datram.

342 2638 483 2710 inanitate)
500 2632 684 2707 Κενοδοξίαν
701 2637 832 2712 appellat
846 2637 989 2713 Epicurus
1007 2638 1085 2713 apud
1103 2639 1190 2715 Diog.
1207 2639 1247 2707 X
1265 2641 1331 2698 149.

344 2725 393 2780 45.
431 2721 508 2790 Quae
530 2733 568 2780 est
586 2726 653 2780 enim
672 2724 810 2779 udlior-
828 2722 952 2797 partitio)
972 2722 1136 2780 Tricesima
1153 2735 1199 2781 est
1211 2725 1332 2800 Epicuri

222 2821 229 2832 ·
255 2809 404 2867 sententia
432 2807 510 2905 apud
540 2806 629 2887 Diog
658 2807 705 2877 X
738 2807 811 2863 149:
849 2804 916 2862 Τῶν
945 2799 1109 2901 ἐπιθυμιῶν
1138 2801 1170 2864 αἱ
1197 2803 1250 2881 μέν
1278 2801 1331 2868 sior

257 2883 379 2989 φυσικαὶ
402 2881 450 2948 καὶ
461 2883 639 2989 ἀναγκαῖαι,
663 2884 695 2947 ui
719 2881 749 2949 di
772 2879 894 2987 peccaui
917 2909 965 2946 και
989 2880 1040 2945 οὐκ
1056 2882 1235 2986 ἀναγκαῖαι
1246 2886 1278 2949 ui
1301 2884 1331 2950 δὲ

256 2964 325 3032 οὗτε
348 2965 469 3048 φυσικαὶ
493 2962 560 3045 οὔτε
583 2967 749 3050 ἀναγκαῖαι,
773 2964 849 3030 ἀλλὰ
865 2965 949 3050 παρὰ
968 2963 1050 3046 κενὴν
1068 2962 1157 3043 δόξαν
1174 2962 1330 3050 γινόμεναι.

257 3060 353 3118 Addit
380 3060 515 3117 deinde
508 3079 570 3134 ipse
593 3060 741 3136 Diogenes
764 3057 909 3132 exempla.
955 3058 1005 3115 Ad
1034 3059 1204 3134 primariam
1235 3061 1331 3158 biper-

257 3144 329 3202 titae
357 3122 510 3203 divisionis
538 3143 677 3213 formam,
712 3163 798 3218 quarn
828 3142 932 3202 Cicero
955 3145 1001 3213 II,
1026 3144 1065 3200 26
1095 3145 1277 3218 postulat.
1269 3164 1330 3220 ipse

257 3229 331 3286 haec
358 3240 511 3287 revocarat
538 3229 684 3304 Epicurus
712 3229 741 3285 iu
771 3248 816 3304 ep.
845 3229 881 3285 ad
911 3229 1043 3285 Menoec.
1073 3229 1151 3303 apud
1180 3230 1267 3306 Diog.
1290 3231 1331 3295 X,

262 3315 329 3372 127.
386 3315 525 3372 Pluribus
558 3313 663 3372 Cicero
698 3317 772 3371 hanc
806 3313 980 3369 divisionem
1014 3332 1032 3370 a
1066 3314 1165 3371 multis
1198 3326 1330 3373 veterum
1409 3355 1411 3359 ψ

258 3411 515 3457 commemoratam
539 3401 663 3473 exponit
685 3401 774 3457 Tusc.
797 3399 834 3464 V,
860 3399 899 3454 93
922 3417 985 3472 sqq.

343 3496 368 3542 et
394 3482 545 3563 naturales)
568 3484 662 3542 Gzius
690 3484 806 3553 scribit,
838 3484 945 3539 multos
973 3484 1088 3540 codices
1116 3493 1235 3559 tresque
1263 3504 1331 3543 euos

259 3568 393 3627 omittere
404 3581 441 3638 ιη
460 3588 555 3640 uerno,
575 3569 651 3643 quod
667 3570 766 3637 sciam,
784 3568 968 3642 superiorum
987 3568 1145 3643 quidquam
1164 3583 1329 3628 annotarat.

343 3674 458 3729 quorum
491 3674 523 3712 ea
551 3658 620 3710 ratio
648 3653 700 3729 est)
731 3654 777 3709 De
811 3653 953 3710 orationis
986 3652 1083 3711 forma
1115 3653 1145 3710 in
1174 3656 1273 3712 verbis
1301 3676 1332 3712 ue

258 3743 396 3797 naturales
418 3741 525 3814 quidem
547 3741 630 3796 multo
652 3740 808 3795 desiderarat
829 3738 867 3794 ab
890 3738 1024 3795 instituto
1048 3757 1135 3796 cursu
1151 3738 1332 3797 deflectentis

260 3823 353 3880 dixi
344 3845 374 3881 rn
397 3843 461 3881 exc.
484 3824 572 3897 I(ad
592 3829 606 3894 §
626 3825 688 3896 23),
712 3824 769 3881 IX.

341 3920 484 3984 propterea
517 3911 591 3985 quod
622 3913 683 3984 ipsa
710 3911 823 3983 uotiua)
855 3908 1036 4004 Epicurus'
1028 3927 1057 3964 rn
1086 3917 1191 4004 quarte
1219 3909 1332 3967 decima

259 3995 404 4090 senteptia
426 3995 527 4086 (Diog.
552 3995 592 4064 X,
616 3995 701 4089 144)·
721 3985 826 4067 Ospa
849 4010 966 4064 φυσεως
987 3989 1116 4058 πλοῦτος
1138 3981 1186 4048 καὶ
1209 4010 1332 4088 ωρισταιι

257 4066 306 4134 καὶ
325 4064 499 4153 εὐπόριστός
516 4071 601 4144 ἐστιν,
626 4068 641 4132 ὁ
659 4069 689 4136 di
706 4074 764 4135 coia
781 4074 869 4134 κενῶν
887 4070 1025 4143 duitoo'
999 4094 1039 4140 ere
1056 4062 1177 4152 ἄπειρον
1195 4069 1332 4145 ἐκπίπτει,

259 4174 288 4218 et
310 4163 340 4219 in
363 4181 409 4235 ep
434 4161 621 4221 adMenoec
640 4165 769 4255 (5130lr
795 4151 841 4218 Το
863 4180 917 4236 paea
936 4151 1136 4231 φυσικόνπᾶν
1159 4148 1332 4234 εὐπόριστόν

214 4279 225 4303 0
260 4263 328 4304 rosc.
351 4239 386 4302 τὸ
410 4236 451 4303 di
463 4238 545 4303 aevia
563 4233 768 4345 δυσπόριστον..
805 4245 879 4317 (Cir.
899 4246 987 4302 'susc
1006 4244 1024 4300 l.
1042 4264 1076 4312 c,
1100 4246 1150 4302 ubi
1170 4245 1331 4304 tollendum

259 4342 304 4388 est
321 4350 411 4407 grave
430 4332 575 4387 mendum.
603 4331 709 4388 Editur
721 4332 798 4388 enim
811 4332 884 4400 §942
901 4350 999 4406 eaeque
1016 4332 1164 4405 uoluptates
1180 4333 1331 4403 crapulatum
