3030 5086
415 518 458 564 nu
482 518 561 564 unu.
584 517 647 562 um.
671 518 692 564 v
715 516 787 563 cle.
808 521 847 564 aa.
863 517 994 581 (as-cr.)
1178 498 1241 563 723

167 705 398 767 consensusque
431 687 602 763 virtutum,
641 685 704 750 tale
738 694 786 751 est
818 686 895 750 illud
929 687 1031 766 ipsum
1063 686 1241 763 honestum;

167 791 293 871 quando
315 789 442 869 quidem
464 788 628 853 honestum
650 795 706 852 aut
726 789 796 869 ipsa
813 789 912 853 virtus
934 795 983 852 est
1005 795 1061 852 aut
1083 806 1134 852 res
1153 794 1243 869 gesta

167 893 298 970 virtute3
320 891 433 971 quibus
456 891 549 954 rebus
565 891 630 954 vita
652 891 848 955 consentiens
866 872 1095 970 virtutibusque
1112 908 1241 970 respou-

168 996 247 1059 dens
275 1003 360 1057 recta
387 1003 420 1058 et
446 993 579 1057 honesta
612 1000 644 1056 et
670 1001 817 1058 constans
851 999 883 1056 et
909 999 1041 1057 naturae
1068 1009 1243 1074 congruens

168 1097 336 1160 existimari
365 1102 478 1177 potest.
528 1097 579 1159 67.
608 1097 709 1176 litque
735 1095 813 1159 baec
840 1094 1014 1158 coniunctio
1042 1092 1282 1174 condrsioqueb

169 1198 317 1261 virtutum
339 1205 443 1261 tamen
470 1217 491 1261 a
517 1196 711 1277 philosophis
733 1197 853 1262 ratione
876 1198 1012 1277 quadam
1034 1196 1243 1278 distinguitur.

168 1300 248 1364 b'am
272 1318 340 1364 cum
359 1300 404 1363 ita
421 1299 584 1379 copulatae
601 1317 820 1379 connexaeque
837 1299 908 1378 sint
929 1308 965 1364 ut
982 1317 1090 1364 omnes
1108 1298 1245 1362 omnium

169 1403 339 1482 participes
361 1402 424 1467 sint
446 1420 501 1465 nec
522 1399 585 1464 alia
607 1401 646 1464 ab
669 1401 732 1465 alia
752 1402 852 1481 possit
873 1402 1026 1482 separari,
1049 1408 1243 1481 tamenpro-

169 1505 270 1584 prium
294 1522 383 1568 suum
406 1503 555 1583 cuiusque
577 1521 690 1566 munus
713 1510 774 1579 est,
804 1509 839 1566 ut
860 1502 1009 1568 fortitudo
1031 1503 1063 1567 iu
1084 1501 1244 1567 laboribus

169 1606 376 1688 periculisque
399 1611 558 1682 cernatur,
586 1605 793 1685 temperantia
821 1605 852 1668 in
880 1604 1166 1686 praetermittendis
1188 1622 1244 1667 vo·
1263 1607 1305 1671 10
1333 1634 1338 1642 ·

169 1707 357 1788 luptatibus,
385 1706 553 1787 prudentia
579 1706 611 1770 in
633 1707 755 1771 delectu
777 1706 928 1771 bonorum
950 1706 1170 1785 etmalorum,
1197 1705 1244 1769 iu-

170 1811 255 1874 stitia
275 1810 308 1873 in
331 1827 388 1873 suo
411 1809 521 1890 cuique
544 1808 718 1873 tribuendo.
753 1811 884 1888 Quando
903 1809 998 1891 igitur
1014 1809 1096 1873 inest
1110 1809 1141 1871 in
1161 1807 1244 1872 omni

170 1913 286 1976 virtute
302 1930 378 1975 cura
395 1912 545 1991 quaedam
564 1911 653 1992 quasi
671 1909 758 1975 foras
774 1921 920 1991 spectans
936 1911 1075 1991 aliosque
1091 1919 1245 1991 appetens

170 2020 264 2095 atque
282 2014 498 2093 complectens,
521 2012 626 2076 existit
640 2013 727 2089 illud,
750 2020 785 2076 ut
801 2014 900 2092 amici,
919 2019 955 2078 ut
973 2012 1098 2092 frames,
1119 2019 1155 2077 ut
1170 2031 1244 2094 pro-

170 2117 287 2197 pinqui,
306 2124 340 2178 ut
357 2114 476 2194 affines,
493 2125 528 2178 ut
544 2114 635 2194 cives,
653 2121 688 2178 ut
703 2133 811 2192 omnes
827 2115 961 2196 denique
974 2115 1134 2196 (quoniam
1151 2133 1245 2179 unam
1264 2117 1305 2182 15

171 2218 350 2282 societatem
368 2217 527 2280 bominum
544 2235 614 2281 esse
625 2212 781 2297 volumus)
792 2223 922 2298 propter
939 2235 973 2281 se
991 2216 1156 2297 expetendi
1173 2216 1243 2281 sint

171 2320 264 2399 Atqui
287 2338 395 2383 eorum
418 2317 492 2382 nihil
514 2325 563 2381 est
584 2318 650 2382 eius
673 2319 804 2399 generis,
825 2328 861 2383 ut
882 2319 975 2382 sitin
997 2317 1059 2383 fine
1080 2326 1175 2399 atque
1192 2337 1244 2383 ex·

244 2511 262 2555 l,
282 2522 441 2567 fermentoque
459 2505 482 2552 E
518 2510 539 2551 2
560 2504 657 2566 quondo
676 2504 772 2567 quadE
814 2509 835 2555 3.
856 2505 879 2553 in
898 2506 965 2553 rebus
984 2504 1117 2555 LPCROr.
1160 2508 1182 2552 6.
1202 2503 1244 2552 di-

169 2573 342 2637 stinqr'qr'turE
397 2577 417 2620 7.
438 2590 602 2636 connexaeque
619 2582 672 2621 sunt
692 2573 781 2623 LPCR
829 2582 850 2622 tl.
867 2573 997 2637 partecipes
1014 2581 1069 2622 sunt
1086 2589 1127 2622 nec
1145 2573 1176 2621 ab
1193 2571 1246 2621 alia

170 2641 260 2690 aliaL
311 2646 332 2689 9.
352 2642 467 2689 minnsE
515 2646 554 2692 13.
570 2640 671 2698 torrisll
727 2647 761 2690 15.
782 2642 877 2704 quando
895 2641 1027 2692 LPCROr.
1065 2659 1136 2690 unum
1153 2641 1244 2690 om.L

176 2715 212 2758 16,
231 2709 335 2758 voluntas
353 2727 404 2758 esse
421 2710 536 2757 bominum
556 2712 576 2755 ll
622 2709 669 2757 sint
686 2709 776 2760 om.C
834 2714 869 2758 17.
890 2712 967 2773 Atque
986 2710 1120 2759 LPCROr.
1162 2709 1186 2758 t'n
1204 2726 1245 2758 ex-

170 2787 242 2828 tremo
261 2780 305 2825 LR

198 2935 200 2939 ’
256 2935 352 3007 quibus
380 2934 459 2989 rebels
486 2937 541 2989 vite
568 2934 744 3007 corasentr'ena)
774 2934 898 2992 Secutus
926 2952 989 2990 sum
1014 2934 1090 3004 Eri,
1122 2935 1157 2990 de
1186 2953 1244 3007 quo

171 3020 264 3077 Gzius
287 3030 378 3076 tacet.
407 3037 471 3073 curn
500 3018 563 3093 ipse
588 3022 634 3085 „in
657 3018 781 3074 deletam
806 3020 924 3075 mallet“
955 3028 987 3075 ut
1009 3020 1044 3075 de
1069 3019 1144 3093 Spir.
1168 3028 1244 3076 cete·

170 3107 268 3179 risque
296 3105 387 3160 libere
410 3103 553 3177 suspicari
577 3104 678 3171 liceet3
709 3100 832 3184 [omittit
859 3105 948 3160 etiam
970 3100 1019 3183 B].
1065 3105 1124 3162 Res
1146 3115 1244 3160 autem

171 3191 274 3249 Cicero
307 3190 378 3245 dicit
406 3207 469 3245 eas.
503 3207 578 3262 quae
607 3189 716 3245 virtute
749 3200 903 3265 gerantur,
936 3190 974 3246 ad
1007 3208 1080 3263 quas
1113 3189 1244 3266 singulas

171 3277 276 3332 transit
298 3295 315 3330 a
332 3275 448 3349 generis
465 3274 520 3346 (rei
542 3274 668 3330 alicuius
691 3275 825 3348 honestae)
842 3276 1127 3338 commemoratione,
1151 3275 1244 3331 multo

171 3362 266 3417 minus
288 3360 370 3426 dure,
394 3359 531 3432 quoniam
554 3359 673 3415 additur
695 3378 800 3416 nomeu
817 3361 929 3432 (reboo),
952 3379 1041 3435 quam
1063 3361 1093 3416 iu
1116 3379 1151 3418 eo
1168 3360 1243 3429 loco,

170 3465 256 3520 quem
285 3465 300 3500 e
326 3445 404 3501 libro
432 3446 448 3501 I
475 3445 511 3500 de
535 3445 625 3520 Legg.
653 3445 774 3520 ascripsi
803 3445 840 3502 ad
863 3447 909 3510 ΙΙ,
935 3448 983 3502 61.
1028 3447 1084 3503 His
1112 3445 1244 3503 honestis

169 3531 316 3588 consentit
338 3541 367 3586 et
389 3530 548 3586 virtutibus
571 3529 730 3604 respondet
752 3533 814 3587 vita
835 3532 967 3588 honesta.

257 3617 305 3673 67.
330 3635 515 3689 corrnenueque
536 3614 602 3692 sint)
626 3615 676 3672 Sic
697 3625 776 3673 recte
799 3615 894 3686 Crat,
918 3617 1006 3684 vict,
1031 3617 1117 3683 Dav„
1141 3614 1243 3686 Gaius,

169 3711 199 3758 et
221 3702 375 3757 confirmat
394 3701 482 3756 etiam
499 3701 577 3775 Spir.
597 3695 668 3780 [B];
691 3703 780 3758 ceteri
803 3713 873 3758 mant.
907 3702 1001 3758 Paulo
1025 3710 1093 3777 post
1115 3712 1144 3758 ut
1165 3703 1246 3776 (post

168 3789 336 3858 mortuaest)
359 3787 477 3842 uberius
500 3805 560 3842 rem
585 3787 753 3843 declarandi
776 3786 835 3843 vim
857 3788 956 3856 habet,
980 3796 1013 3843 ut
1029 3786 1139 3844 frustra
1152 3787 1243 3844 Devi-

170 3873 230 3929 sius
252 3875 369 3928 cernitur
392 3872 479 3927 scribi
502 3871 639 3928 voluerit.

259 3957 374 4024 Qrtarrdo
401 3961 481 4030 ipitur
503 3961 583 4031 inest)
607 3955 685 4013 Gud.
712 3960 725 4012 1
751 3968 852 4031 quanto
873 3967 926 4028 est,
956 3976 1014 4014 om.
1038 3959 1132 4030 ἱρέων,
1161 3957 1242 4014 Mon.

169 4047 295 4117 quonium
318 4046 399 4115 ἱρέων
421 4053 469 4108 est,
492 4038 535 4111 Εξ
557 4046 683 4115 qnoniam
705 4052 744 4098 cot
766 4046 854 4116 ἐρίων,
877 4043 945 4102 Bas.
960 4044 1091 4116 quomodo
1108 4052 1147 4099 cst
1162 4045 1244 4116 ἐρίων

168 4130 219 4202 (cal
247 4148 299 4201 pro
327 4133 394 4183 inest
421 4128 509 4183 etiam
537 4126 617 4186 Gud.
643 4128 674 4189 ἓ,
699 4127 849 4200 vindob).
895 4128 941 4184 Ex
964 4128 1066 4203 paucis
1089 4128 1243 4185 deterioris

168 4213 298 4270 familiae
322 4213 472 4269 codicibus
494 4216 620 4286 quoniam
642 4231 785 4287 reponere
807 4213 902 4282 nolui;
926 4214 985 4269 vid.
1008 4213 1045 4269 ad
1064 4215 1119 4280 21;
1142 4223 1244 4269 contra

168 4300 256 4373 paulo
281 4309 347 4374 post
370 4299 431 4354 Erl.
457 4297 501 4375 [et
522 4296 563 4375 B]
587 4297 681 4371 parui.

253 4386 339 4458 Atqui
367 4404 457 4440 eornm
485 4385 551 4440 nibil
579 4393 619 4440 est
645 4386 701 4439 due
726 4387 831 4457 ponens
857 4383 929 4456 cet.)
952 4382 1057 4442 Omnis
1085 4383 1133 4440 hic
1160 4384 1242 4441 locus

989 4497 1038 4549 ⁴⁶*
