3030 5086
659 418 855 466 auderanno.
1190 399 1295 465 LXIII

218 588 382 670 exigamus
403 590 608 670 (quamquam
629 587 792 667 vellemne,
820 588 920 652 minus
947 585 1055 652 leviter
1077 589 1117 652 de
1138 592 1294 668 sectarum

216 696 416 779 proprietate
447 703 479 761 et
511 694 690 762 discrimIm
715 696 899 773 iudicasset,
933 692 1141 776 quemfecit,
1174 702 1209 757 ut
1236 694 1295 758 hoc

217 810 307 884 utar,
331 804 368 885 V,
391 805 461 885 76),
493 803 590 885 idque
618 820 713 868 unum
741 820 928 884 quaeramus
960 801 991 867 iu
1025 801 1080 867 tali
1108 801 1294 883 praesertim

219 911 380 978 scribendi
407 918 561 992 tempore,
594 911 664 993 ipsa
691 929 745 983 ea,
779 928 859 992 qnae
886 927 904 974 e
931 907 1122 975 Graecomm
1148 908 1236 974 libris
1263 909 1294 973 in

218 1019 349 1084 brevius
381 1024 555 1097 contrade,
588 1018 743 1083 interdum
776 1025 926 1084 exornata
953 1017 1121 1096 rhetorice,
1154 1016 1294 1097 exponit,

103 1136 117 1159 ⁰
218 1127 343 1192 sanem
363 1124 497 1193 fideliter
518 1133 551 1192 et
571 1134 715 1191 accurate
736 1126 915 1192 reddiderit

308 1236 328 1318 ξ
350 1235 378 1300 3.
422 1234 532 1316 Neque
559 1234 639 1298 euim
665 1235 839 1315 putandum
865 1240 928 1314 est,
964 1234 1047 1315 quod
1075 1231 1229 1298 nonnullis
1262 1231 1295 1295 in

218 1347 358 1407 mentem
379 1341 478 1419 venit,
504 1347 551 1406 tot
578 1341 671 1406 huius
699 1342 821 1421 generis
843 1341 939 1407 hbroe
961 1349 1024 1406 mm
1047 1340 1133 1406 brevi
1154 1347 1296 1419 tempore

220 1449 358 1531 scriptos
381 1467 451 1514 esse
473 1448 705 1530 reputantibus,
734 1448 896 1515 materiam
923 1449 1019 1514 multo
1041 1456 1114 1513 aute
1135 1446 1295 1512 collectam

220 1554 328 1623 udas
372 1556 480 1622 Cicero
503 1557 584 1621 euim
606 1555 681 1622 inde
703 1558 742 1622 ab
764 1556 973 1622 adulesoentia
995 1555 1135 1621 Graecae
1157 1553 1294 1636 philoso-

220 1664 318 1746 phiae
338 1663 545 1747 cognitionem
565 1672 735 1744 paraverat
756 1664 798 1729 ad
819 1665 952 1730 oratoris
974 1683 1064 1729 usum
1094 1668 1125 1728 et
1151 1663 1192 1727 ad
1218 1659 1294 1724 lihe-

221 1771 321 1836 ralem
341 1771 457 1852 ingenii
479 1771 609 1850 cultum,
639 1788 701 1836 nou
724 1771 880 1838 scribendi
902 1772 1047 1850 consilio,
1074 1769 1158 1853 qnod
1179 1768 1208 1833 ei
1230 1768 1296 1832 seni

224 1879 271 1944 rei
298 1877 441 1959 publicae
468 1896 560 1943 casus
587 1885 619 1943 et
645 1879 805 1945 domestici
833 1881 1017 1957 attulerunt,
1046 1896 1145 1959 neque
1172 1875 1295 1941 intimos

223 1992 381 2051 sectarum
410 2000 551 2051 recessus
584 1995 799 2068 perecmtatus
827 1995 897 2053 erat
923 1987 1152 2070 singularumve
1179 1983 1296 2048 formas

222 2094 265 2158 ad
288 2092 366 2157 anis
388 2094 515 2157 modum
537 2111 605 2158 cnm
629 2094 790 2159 notionum
811 2075 1004 2176 proprietate
1021 2093 1176 2158 subtiliter
1192 2090 1296 2154 auimo

223 2201 400 2282 descriptas
411 2198 545 2265 tenebat
580 2201 657 2266 Cum
668 2202 763 2284 igitur
773 2201 910 2266 animum
926 2203 968 2267 ad
982 2200 1177 2266 scribendum
1194 2215 1295 2279 appu·

223 2306 313 2372 lisset
328 2325 399 2372 cum
410 2306 610 2373 festinatIoue
622 2310 757 2390 quadam
772 2318 804 2374 et
814 2313 904 2391 qnasi
915 2318 1014 2390 aestu
1031 2307 1147 2374 doloris
1159 2315 1190 2371 et
1200 2303 1295 2368 mole-

226 2414 358 2480 stiarum
380 2415 565 2480 oblivionem
587 2418 785 2498 quaereus,¹)
805 2436 904 2499 neque
926 2417 1059 2482 habehat
1074 2420 1295 2498 praeparatam

225 2521 389 2586 materiam
411 2521 471 2586 niti
493 2524 644 2587 communi
668 2524 803 2605 quadam
829 2545 850 2590 a
872 2525 1050 2590 doctoribus
1077 2530 1109 2588 et
1129 2521 1218 2587 libris
1241 2537 1296 2584 no·

225 2628 296 2693 uda
318 2646 420 2711 neque
447 2647 516 2693 eam
539 2630 680 2696 studIose
702 2631 904 2713 conquisitam
926 2633 1074 2697 diuturna
1095 2628 1297 2695 meditatione

225 2737 381 2814 versabat,
399 2737 463 2817 sed,
481 2737 563 2819 quod
581 2738 612 2802 in
629 2738 691 2802 alla
709 2739 863 2804 scribendi
882 2740 1062 2805 condicione
1077 2737 1212 2802 fortasse
1224 2735 1296 2799 fidei

224 2850 257 2907 et
279 2842 432 2908 cantionis
454 2862 549 2909 causa
565 2844 699 2925 lecisset,
721 2847 753 2911 in
775 2847 905 2929 singulis
923 2847 1064 2928 partibus
1080 2842 1297 2927 philosophiae

224 2950 417 3031 singulisque
440 2951 620 3032 disciplinis,
643 2971 721 3034 quas
738 2964 807 3018 erat
824 2961 1023 3033 tractaturus,
1045 2972 1139 3017 unum
1156 2951 1222 3016 iere
1240 2950 1296 3014 ali-

223 3076 317 3140 quem
340 3058 399 3123 sihi
421 3057 514 3140 elegit
537 3060 660 3138 durem,
690 3079 781 3142 qnem
809 3070 992 3144 sequeretur
1014 3070 1045 3126 et
1066 3059 1296 3141 exprimeret.'²)

223 3165 318 3242 Quod
340 3166 495 3246 quomodo
517 3167 699 3247 instituerit,
727 3188 827 3250 nuper
854 3170 1024 3234 clarissimo
1046 3166 1186 3248 exemplo
1207 3172 1296 3247 pate·

223 3271 340 3336 factum
363 3280 413 3337 est
432 3273 464 3337 ih
486 3273 564 3338 libro
586 3274 688 3354 primo
711 3277 750 3340 de
771 3283 885 3342 natnna
906 3279 1048 3354 deorum,
1070 3275 1196 3340 inventa
1215 3274 1297 3338 iuter
1382 3332 1385 3341 .

223 3378 472 3444 Herculaneusia
499 3381 656 3446 volnmIna
683 3384 834 3465 particula
861 3384 969 3465 scripti
996 3383 1131 3449 Phaedri
1153 3381 1296 3463 Epicurei

222 3479 291 3566 napi
319 3487 399 3547 θεῶν
429 3487 492 3571 [vel
520 3490 624 3570 potius
651 3489 821 3557 Philodami
848 3485 913 3569 περὶ
942 3487 1111 3573 ceordaic}
1156 3493 1297 3572 Apparet

255 3770 278 3835 ι)
297 3774 333 3822 hd
352 3776 426 3823 httlc.
446 3774 502 3835 llll,
524 3777 563 3835 14,
582 3774 611 3826 3:
632 3777 699 3824 Totos
717 3776 769 3824 dier
785 3777 863 3826 scribo
881 3783 942 3836 cat.;
966 3776 1029 3834 lllll,
1049 3777 1088 3838 10,
1108 3777 1134 3828 l:
1159 3777 1229 3835 Quod
1247 3776 1297 3824 uisi

295 3858 358 3907 mihi
375 3859 420 3908 hoc
437 3859 540 3908 oeniuet
557 3859 585 3907 iu
604 3865 716 3919 meatem,
734 3861 841 3910 seribere
858 3863 905 3911 isto
925 3863 1004 3910 nescio
1017 3876 1088 3925 quoe,
1105 3875 1154 3924 quo
1168 3875 1206 3909 me
1218 3868 1296 3909 certe·

295 3956 354 3999 rem,
372 3957 423 3992 nou
441 3944 569 4001 heduam
590 3943 640 3994 lbd.
659 3944 700 4002 26,
718 3945 744 3997 2:
766 3946 894 4008 liquidem,
913 3946 1028 3996 credibile
1045 3960 1096 3995 uon
1114 3951 1155 4002 est,
1173 3953 1297 4008 quantum

295 4027 414 4084 umbem·
431 4027 494 4090 quin
512 4029 588 4077 etiam
605 4029 814 4097 noctihusauilu'l
830 4032 896 4080 euim
913 4032 1001 4080 somni.

255 4114 277 4168 ¹)
296 4112 332 4161 hd
351 4116 423 4163 attic.
443 4112 499 4172 llll,
518 4113 563 4173 52,
582 4113 612 4174 3,
632 4118 675 4176 qul
697 4116 770 4165 locus
789 4120 826 4166 sto
845 4117 1067 4181 interpungendns
1085 4123 1136 4167 est:
1159 4117 1194 4165 De
1211 4116 1296 4177 linquo

297 4197 385 4245 lutino
402 4199 483 4246 semri
501 4211 524 4246 es
543 4198 630 4246 animi.
667 4202 787 4251 (atticum
807 4215 928 4251 securum
952 4215 1009 4252 esse
1028 4204 1111 4262 lubet,
1136 4202 1295 4265 respondeus

296 4285 351 4332 elus
376 4283 546 4333 admonitioni
570 4285 664 4343 allent.)
705 4285 785 4334 Dices:
808 4287 857 4345 oui
879 4286 942 4335 tolio
965 4288 1112 4337 colueritis?
1134 4280 1294 4355 Ἀπόγραφα

293 4373 363 4424 sunu
381 4367 477 4416 minore
495 4367 579 4416 labore
595 4370 673 4432 fiunt:
690 4370 765 4418 uerbo
783 4376 881 4421 tontum
899 4374 983 4435 offero,
1001 4373 1091 4436 quibus
1107 4373 1212 4421 abundo,
