3030 5086
498 490 542 535 ar
566 490 645 536 nnn.
668 489 731 536 nm.
754 491 777 536 v
799 490 871 537 car.
894 493 931 540 15.
951 493 1010 547 rea.)
1226 471 1289 537 683

217 665 360 738 apparet.
404 658 498 722 Parvi
520 658 601 723 enim
622 659 723 739 primo
746 667 818 724 ortu
839 658 885 723 sic
906 659 1019 737 iacent,
1040 666 1200 739 tamquam
1222 676 1289 723 om-

217 761 290 824 nino
314 761 381 824 sine
403 760 506 824 animo
529 761 604 839 sint3
627 778 696 825 oum
713 770 816 827 autam
832 761 960 842 paulum
976 759 1132 825 fimnitatis
1150 760 1289 840 accessit,

218 871 248 927 et
265 863 369 926 animo
387 870 518 927 utuntur
533 874 565 926 et
581 863 732 941 sensibus,
751 863 999 945 conitunturque.
1022 881 1092 927 sese
1107 872 1142 927 ut
1159 863 1289 944 erigant,

217 973 249 1029 et
271 964 413 1028 manibus
435 973 573 1042 otiantur,
595 970 627 1027 et
649 982 703 1029 eos
725 972 906 1047 agnoscunt,
928 984 947 1029 a
970 965 1081 1046 quibus
1101 965 1289 1043 educantur;

217 1066 331 1132 deinde
352 1065 535 1146 aequalibus
556 1066 751 1131 delectantur
771 1068 963 1148 libenterque
992 1085 1026 1131 se
1053 1084 1123 1131 cum
1150 1066 1188 1131 iis
1215 1066 1330 1132 con-5

215 1176 348 1250 gregant
377 1168 516 1248 dantque
543 1186 577 1233 se
604 1170 645 1232 ad
674 1169 842 1234 ludendum
864 1167 1111 1250 fabellarumque
1132 1154 1290 1233 auditione

217 1270 381 1347 ducuntur,
404 1270 505 1351 deque
526 1289 571 1350 eo,
594 1272 678 1351 quod
700 1271 777 1352 ipsis
798 1280 936 1352 superat,
958 1271 1027 1336 aliis
1049 1268 1218 1351 gratificari
1237 1289 1291 1335 vo·

217 1372 293 1451 lunt,
315 1372 628 1452 animadvertuntque
644 1391 691 1451 ea,
713 1391 793 1454 quae
815 1373 898 1437 domi
919 1372 1007 1451 fiunt,
1029 1373 1192 1453 curiosius
1215 1373 1291 1437 inci-

216 1474 367 1555 piuntque
395 1475 594 1538 commentari
621 1474 741 1556 aliquid
773 1484 803 1539 et
830 1475 965 1555 discere,
998 1483 1179 1553 eteorum,
1211 1492 1290 1556 quos

216 1576 336 1654 vident,
359 1575 468 1639 volunt
490 1594 550 1639 non
572 1577 719 1658 ignorare
740 1577 879 1656 nonina,
907 1577 1083 1658 quibusque
1104 1577 1199 1642 rebus
1220 1595 1291 1641 curn
1310 1578 1353 1643 10

217 1678 398 1759 aequalibus
420 1678 594 1758 decertant,
623 1679 648 1742 si
671 1679 824 1756 vicerunt,
852 1678 986 1744 efferunt
1007 1698 1042 1744 se
1057 1679 1191 1758 laetitia,
1219 1678 1292 1743 uicti

217 1780 419 1845 debilitantur
440 1780 622 1861 adiurasque
643 1781 823 1860 demittunt;
852 1801 985 1862 quorum
1012 1782 1079 1845 sine
1106 1799 1201 1846 eausa
1222 1779 1293 1845 fieri

286 1938 310 1981 2.
328 1932 454 1981 accesserit
472 1932 605 1984 LPGROr.
651 1938 674 1981 3.
693 1942 718 1983 ut
734 1951 786 1983 eece
804 1933 914 1985 PCROr.
960 1941 982 1986 4.
1002 1943 1099 1984 uteretur
1116 1948 1202 1983 omnen
1236 1950 1291 1999 coq-

217 2003 354 2050 aorcuntlt
409 2006 422 2047 5
450 2000 591 2065 libenterque
611 2030 641 2039 -
661 2001 777 2052 ducerentur
794 2003 892 2053 Nonius
909 2020 934 2068 p.
949 2008 995 2052 113
1014 2014 1039 2052 et
1059 2008 1103 2052 191
1141 2002 1177 2051 lie
1194 2002 1217 2051 F.
1236 2008 1292 2061 (aut

217 2070 273 2133 lib)
292 2070 357 2120 LPC
376 2071 440 2120 Non.
458 2070 500 2121 Or.
538 2075 559 2119 6,
578 2069 681 2133 daretque
700 2100 730 2109 -
749 2071 865 2122 ducuntur
882 2072 946 2122 Non.
967 2089 989 2136 p,
1002 2077 1050 2119 282
1091 2075 1112 2119 7.
1129 2070 1291 2137 qiorijicaril'

217 2144 241 2187 8.
260 2138 430 2203 aduertuetque
449 2140 471 2188 u
505 2138 665 2202 curiosiusque
683 2139 796 2203 incipiunt
814 2141 834 2188 1.
875 2146 910 2191 10.
929 2139 1008 2189 volunt
1026 2156 1077 2191 om.
1096 2140 1117 2191 C
1135 2138 1216 2189 nolunt
1233 2146 1291 2193 lom.

218 2207 312 2266 uoan
348 2225 398 2256 cum
417 2223 464 2258 om.
481 2207 525 2255 ΕΡ
566 2212 601 2255 ll.
619 2226 644 2257 ee
662 2207 760 2257 vicem'nt
778 2209 800 2257 E
817 2209 841 2256 ei
856 2208 949 2258 vincuat
968 2209 1057 2260 LPCR
1092 2208 1191 2272 victique
1208 2207 1291 2257 debili·

217 2283 343 2339 tanturque
361 2278 384 2325 R
422 2281 450 2324 rt
478 2276 578 2335 animoa,
596 2291 645 2328 om.
665 2293 717 2340 que,
737 2277 759 2324 E

218 2399 327 2455 bestias
351 2398 468 2463 dixerit,
491 2398 557 2454 dein
582 2399 741 2456 bestiarum
764 2398 985 2457 similitudinem
1008 2399 1037 2456 in
1056 2398 1223 2456 hominibus
1240 2416 1292 2474 ap·

218 2503 320 2559 parere
343 2484 429 2540 dicat.
474 2486 569 2541 Primo
590 2495 649 2541 ortu
672 2485 715 2541 sic
737 2485 845 2541 dicitur
866 2496 898 2541 ut
917 2491 1007 2560 priano
1029 2494 1153 2560 aspectu,
1176 2485 1293 2541 adventu

218 2590 273 2625 meo
295 2567 363 2648 [Gr.
389 2571 452 2626 Lat.
475 2570 564 2639 §276
583 2580 642 2627 not.
656 2566 698 2648 2].
744 2570 839 2646 Supra
867 2572 902 2627 lt·
927 2580 954 2627 et
978 2569 1055 2627 infra
1079 2570 1117 2626 59
1142 2568 1292 2644 praeposi·

218 2655 326 2711 tionem
351 2654 454 2712 Cicero
477 2655 598 2712 addidit.

304 2751 326 2796 et
350 2742 471 2795 terratribus
494 2741 616 2813 atteratur)
641 2740 690 2798 Sic
712 2759 765 2815 pro
788 2759 838 2807 oo,
868 2740 946 2814 quod
974 2741 1004 2796 in
1027 2740 1178 2797 codicibus
1201 2738 1293 2814 scrip·

220 2835 280 2879 tum
303 2834 357 2891 est,
381 2834 500 2880 artaretur.
523 2826 661 2882 scribitur
683 2825 740 2881 iam
764 2825 793 2881 in
818 2824 862 2887 ed.
886 2826 1019 2893 Iuntina,
1043 2836 1104 2882 tum
1127 2823 1207 2900 apud
1229 2824 1293 2881 Ma·

220 2909 333 2965 nntium
357 2918 386 2964 et
411 2909 593 2967 Lambinum.
616 2929 690 2983 qnos
713 2909 843 2968 Orellius
865 2911 928 2967 iure
951 2919 1068 2966 secutus
1090 2920 1144 2967 est.
1188 2909 1293 2982 Neque

219 2993 297 3050 enim
320 2994 453 3050 nituntur
475 2995 568 3069 pueri.
592 3006 622 3051 ut
646 2995 781 3051 manibus
804 3004 932 3053 utantur.
955 2995 1006 3051 sed
1029 3013 1133 3070 reapse
1151 2994 1188 3051 iis
1207 3004 1294 3050 utun-

219 3087 276 3143 tur,
300 3097 364 3135 cum
389 3098 448 3149 eas,
472 3080 606 3153 quamvis
629 3081 740 3136 incerto
764 3091 859 3137 motu.
883 3081 939 3136 huc.
962 3080 1032 3137 illuc
1054 3081 1174 3139 iactant.
1220 3080 1294 3145 Nec,

219 3175 250 3220 ut
274 3164 397 3239 pedibus
421 3175 552 3222 ertantur.
576 3166 758 3222 conituntur.
787 3166 837 3222 sed
860 3166 908 3223 hic
931 3166 994 3241 ipse
1016 3166 1123 3241 pedum
1145 3183 1216 3222 ueue
1239 3175 1293 3235 est,

219 3249 298 3325 quod
320 3269 351 3306 se
374 3251 486 3326 erigere
510 3262 661 3308 conantur.
706 3249 786 3328 [Sese
808 3261 837 3308 ut
858 3252 947 3308 etiam
973 3249 1020 3328 B.]

305 3337 455 3409 quibusque
483 3338 575 3410 rebus)
603 3337 686 3394 verbi
715 3355 817 3402 cerusa,
847 3337 1000 3406 luctando.
1030 3336 1186 3395 currendo:
1217 3335 1294 3392 dieo.

220 3421 289 3494 quia
312 3421 419 3477 iniuria
442 3423 540 3479 multis
563 3423 683 3498 placuit,
707 3422 784 3496 quod
805 3423 967 3480 Lambinus
990 3421 1122 3497 scripsit:
1145 3422 1296 3496 quibusque

220 3508 254 3562 de
271 3507 363 3569 redum
381 3526 438 3563 non
451 3509 653 3582 significantur
670 3508 737 3564 lites
748 3519 799 3564 aut
815 3509 919 3584 iurgia.
953 3508 1068 3564 Deinde
1080 3525 1145 3564 curn
1158 3507 1296 3563 ederetur

222 3596 334 3649 cirrcrort.
359 3593 512 3649 Ernestins
535 3595 622 3650 scribi
647 3593 749 3649 maluit
772 3597 890 3651 vicerint.
913 3594 991 3668 quod
1014 3593 1077 3650 Erl.
1096 3601 1125 3649 et
1143 3592 1220 3667 Spir.
1239 3589 1295 3669 [B]

220 3678 409 3746 confirurant3
432 3696 484 3734 cur
506 3683 624 3735 vicerunt
646 3679 821 3754 scripserim.
845 3679 1025 3736 declaratum
1049 3688 1093 3736 est
1115 3675 1204 3752 paulo
1227 3688 1296 3735 ante

224 3763 272 3835 (ad
295 3765 396 3835 §tin
425 3781 491 3819 nam
522 3765 599 3838 qnod
630 3765 670 3821 ibi
699 3765 734 3821 de
756 3784 814 3821 cum
838 3765 983 3840 particula
1005 3764 1082 3831 dixi,
1112 3763 1190 3820 idem
1214 3762 1249 3819 de
1272 3767 1298 3820 ei

221 3847 407 3904 iudicandum
431 3868 504 3915 esse,
527 3850 640 3906 ostendi
664 3860 693 3905 ct
715 3851 885 3908 confirmavi
905 3851 935 3907 in
953 3850 1003 3907 illa
1016 3848 1138 3908 Catonis
1155 3859 1183 3905 et
1201 3847 1297 3905 Laelii

154 3986 156 3991 .
221 3932 413 4007 praefatione.
458 3934 588 3992 Senecae
610 3935 747 4010 exempla
769 3936 882 4009 aliquot
905 3935 1063 4010 collegerat
1086 3935 1110 3992 Ι.
1130 3935 1164 3991 F.
1179 3932 1297 3992 Grono-

222 4019 287 4075 vius
304 4020 341 4075 ad
354 4020 448 4093 Epist.
466 4023 533 4079 114.
557 4021 592 4076 dc
614 4030 746 4095 tompore
764 4021 847 4078 verbi
863 4039 963 4097 agens,
989 4021 1104 4077 modum
1127 4038 1185 4076 non
1208 4018 1297 4076 attin·

222 4122 303 4178 gens.
343 4105 438 4161 Panlo
460 4116 528 4161 ante
551 4107 615 4163 cod.
634 4107 709 4163 Mor.
731 4109 904 4163 corrrmeutnrr'
923 4108 1029 4181 aliquid
1044 4109 1140 4180 jecere
1161 4115 1186 4162 et
1207 4124 1296 4161 eorum

222 4201 278 4246 oet.
324 4188 401 4266 [Que
428 4201 494 4264 post
521 4197 624 4249 caimos
646 4211 702 4248 orn.
726 4192 813 4249 etiarn
837 4193 877 4253 B:
905 4192 1005 4265 itaqua
1029 4189 1165 4247 Baiterus
1192 4190 1222 4247 in
1251 4189 1296 4245 ed.

223 4275 293 4332 min.
317 4276 449 4349 scripsit:
473 4280 534 4334 rr'cti
554 4281 655 4333 caimos
678 4279 825 4334 ‹lerrrittuut
869 4278 965 4335 Multo
988 4276 1171 4351 probabilius
1193 4285 1236 4333 eet
1259 4274 1296 4331 ad

223 4361 395 4417 debilitentur
416 4362 574 4437 ascriptum
606 4381 670 4419 ense
697 4366 800 4419 orrimoa
826 4366 965 4421 deraittuat
992 4372 1041 4419 aut
1064 4361 1102 4419 ad
1124 4362 1298 4419 debilitantur

223 4449 311 4502 urrime
333 4447 492 4523 ascriptum
516 4450 656 4505 elcmittrurt
677 4447 846 4523 factumque
867 4446 994 4525 caliace]
