3030 5086
299 475 363 539 636
691 491 736 537 nu
759 489 890 537 mamus
912 490 984 537 son.

300 659 401 725 nentia
414 659 503 723 estin
514 657 674 739 principiis
687 657 890 735 naturalibus
903 665 992 721 tanta
1003 657 1087 722 sitin
1098 656 1212 723 finibus
1224 659 1383 723 bonorum

299 761 515 840 malorumque
537 760 764 824 dissimilitudo.
810 758 869 822 Alii
893 777 1017 823 rursum
1039 759 1149 824 iisdem
1173 779 1193 824 a
1214 758 1384 841 principiis

300 859 534 927 omnoofficium
547 861 682 926 referent
694 868 749 924 aut
760 861 1000 940 advoluptatem
1012 861 1121 924 autad
1133 880 1193 925 non
1207 861 1382 926 dolendum

300 970 355 1028 sut
365 964 407 1027 ad
419 963 521 1043 prima
532 961 584 1026 illa
597 963 766 1027 secundum
779 969 923 1026 naturam
936 961 1114 1027 obtinenda.
1150 962 1199 1026 20.
1218 962 1384 1044 Expositis

261 1066 282 1131 b
299 1064 361 1129 iem
384 1065 478 1145 igitur
495 1082 550 1128 sex
566 1065 606 1128 de
622 1082 741 1128 summo
760 1063 842 1128 bono
860 1063 1031 1142 sententiis,
1055 1063 1148 1128 trium
1165 1064 1384 1144 proximarum

370 1239 392 1284 2.
413 1251 495 1283 rursus
505 1233 639 1283 Lt‘cttOr.
676 1239 698 1281 3.
718 1235 821 1296 reserant
837 1234 901 1283 non
930 1251 976 1282 non
995 1232 1094 1282 dolendi
1106 1237 1162 1298 [pro
1181 1232 1215 1282 od
1232 1250 1278 1283 noa
1296 1233 1385 1283 dalen-

301 1301 406 1362 darell]
444 1308 465 1351 b.
485 1303 555 1367 ἱρέων
573 1302 619 1351 iam
638 1302 684 1351 ER
717 1301 855 1366 proximare
873 1302 894 1349 l:

300 1458 419 1533 scripsit
442 1458 533 1514 enim:
564 1460 745 1533 adipiscendi.
768 1461 873 1516 etiarnsi
894 1477 944 1513 non
967 1459 1135 1532 adipiscare,
1158 1456 1241 1514 cuins
1263 1458 1386 1515 coniec-

300 1553 384 1600 turae
407 1543 436 1599 in
460 1544 541 1599 editt.
566 1542 645 1601 oxC
669 1543 839 1619 propagatis
858 1543 957 1617 (etiam
975 1560 1002 1599 a.
1026 1542 1118 1614 1480)
1142 1552 1275 1599 servatae
1292 1560 1387 1618 prae·

300 1629 439 1685 stantiam
464 1629 594 1686 Orellins
622 1629 768 1686 intellexit
797 1637 827 1684 et
854 1639 973 1684 secutus
1001 1637 1060 1696 cst3
1091 1644 1144 1683 nec
1172 1636 1269 1684 tamen
1299 1638 1385 1685 recte

301 1732 365 1770 eam
389 1732 407 1769 a
429 1713 529 1771 codice
547 1714 580 1773 C.
596 1714 738 1789 Stephani
758 1713 923 1770 confirmari
947 1711 1071 1789 putavit.
1115 1712 1238 1769 Beierus
1260 1731 1384 1788 quoqne

301 1798 350 1871 (nd
374 1798 432 1858 Off.
457 1801 514 1859 111.
542 1801 599 1856 119
624 1801 748 1874 pole),
772 1798 841 1873 quid
866 1796 1090 1857 desideraretur.
1114 1797 1236 1855 viderat.

388 1885 446 1942 Atii
471 1905 579 1941 rursum
607 1886 699 1941 iisdem
729 1905 746 1940 a
770 1882 929 1961 praecipies)
957 1881 1092 1964 [Bursian
1120 1883 1207 1939 etiam
1238 1884 1277 1952 133
1312 1883 1384 1940 edd.

301 1967 422 2049 rursus]
467 1971 553 2027 Alter
576 1970 622 2026 hic
645 1979 691 2026 est
713 1970 784 2025 ordo
807 1968 894 2025 trium
919 1970 1036 2031 linium.
1067 1968 1117 2041 qui
1140 1987 1176 2024 ex
1201 1968 1260 2024 illis
1283 1969 1383 2026 tribus

301 2056 459 2131 generibus
472 2055 631 2130 primorum
645 2055 903 2111 irritamentorum
918 2055 1060 2121 oriuntur,
1074 2071 1139 2110 cum
1153 2071 1210 2110 non
1223 2053 1385 2110 adhibetur

301 2141 353 2198 illa
372 2141 485 2198 bonesti
503 2140 630 2197 fallacia.
649 2140 699 2197 sed
718 2140 824 2196 bonum
843 2139 871 2194 in
891 2140 955 2213 ipsa
973 2137 1129 2215 adeptione
1147 2148 1176 2194 ct
1193 2139 1384 2213 possessione

302 2228 379 2295 eius,
409 2227 486 2300 quod
515 2227 641 2300 primum
665 2234 836 2301 appetatur,
865 2226 999 2298 ponitur,
1029 2243 1086 2280 non
1114 2223 1144 2280 in
1173 2224 1288 2280 actione
1315 2224 1384 2281 eius

302 2330 391 2368 causa
414 2312 501 2367 etiam
525 2310 635 2367 frustra
657 2319 802 2385 suscepta.
844 2309 902 2367 Sed
922 2311 1110 2386 neglegenter
1127 2318 1156 2366 et
1173 2327 1311 2384 perverse
1330 2309 1383 2368 Ci-

302 2415 370 2454 cero
393 2416 429 2452 ex
453 2397 603 2472 superiore
626 2396 728 2452 ordine
752 2396 799 2452 bic
817 2396 971 2452 admiscuit
989 2396 1078 2453 officii
1099 2394 1274 2452 mentionem
1293 2398 1384 2467 (omae

302 2484 418 2557 osticium
442 2484 582 2555 reserent),
610 2491 656 2544 ut,
686 2481 741 2537 nisi
770 2481 927 2557 diligenter
948 2483 1097 2549 attendas,
1125 2479 1213 2537 facile
1240 2480 1383 2537 aberrare

302 2568 406 2644 possis,
430 2577 462 2622 ut
484 2567 634 2623 aberravit
656 2567 807 2623 Merolius.
853 2568 929 2624 Nam
954 2566 1081 2624 officium
1106 2566 1142 2622 ad
1166 2565 1218 2621 has
1240 2583 1288 2623 res
1310 2583 1383 2622 con·

302 2652 466 2726 sequendas
489 2662 518 2708 et
536 2653 676 2708 tenendas
700 2652 786 2708 etiarn
811 2653 977 2728 superiores
1000 2651 1183 2718 referebant,
1207 2651 1256 2724 qui
1280 2650 1383 2708 omnia

302 2757 402 2794 eruum
426 2755 515 2794 causa
532 2737 666 2794 iacienda
684 2737 841 2812 putabant3
865 2739 915 2794 sed
939 2737 967 2793 in
987 2738 1046 2794 illis
1063 2736 1225 2804 sentonliis,
1249 2736 1382 2793 simodo

245 2813 249 2819 ⁵
302 2824 380 2880 ullae
403 2841 468 2879 esse
492 2833 625 2898 possent,
655 2822 790 2879 sufficere
817 2822 1003 2880 indicabatur
1030 2823 1066 2879 ad
1096 2840 1240 2878 summum
1270 2821 1381 2878 bonurn

302 2909 392 2965 oflicii
421 2908 501 2964 illius
524 2907 698 2983 perfunctio.
744 2908 893 2965 Notabilis
915 2919 959 2965 est
983 2908 1112 2964 brevitas
1135 2907 1291 2975 orationis,
1321 2925 1385 2981 que

303 2993 406 3052 (icero
431 2995 503 3049 baec
525 2995 560 3049 ab
582 2996 675 3050 iisdem
695 2996 837 3068 principiis
859 2994 967 3051 omisso
990 2992 1146 3069 participio
1165 2994 1289 3067 projecti,
1312 3010 1383 3049 curn

302 3079 367 3154 ipsu
391 3080 481 3135 verbo
504 3082 618 3150 reserent
640 3079 794 3135 coniunxit
817 3079 864 3135 vol
887 3079 985 3153 potins
1007 3080 1142 3136 absolute
1165 3077 1276 3153 posuit,
1306 3096 1385 3152 quo·

304 3165 389 3221 modo
415 3165 503 3240 Legg.
527 3166 587 3222 111.
616 3167 666 3223 14.
696 3183 782 3239 quem
812 3164 906 3220 locum
931 3163 1161 3240 Wesenbergius
1189 3163 1384 3233 demonstret,

303 3249 393 3306 dixit:
416 3250 484 3307 Post
506 3270 523 3306 α
546 3250 731 3324 Theophrasto
750 3250 904 3307 Dernetrins
926 3282 966 3293 -
990 3252 1138 3307 doctrinam
1160 3268 1193 3306 ec
1215 3249 1386 3306 atrabacnlis

303 3338 467 3392 ertnlr'tornm
493 3369 524 3377 -
553 3340 580 3392 ia
602 3337 745 3392 discrimen
767 3338 904 3409 aciemque
922 3337 1062 3410 procluer't.
1102 3331 1175 3415 [Sed
1198 3335 1238 3391 ibi
1263 3334 1387 3391 ridetur

302 3421 397 3477 audiri
416 3440 431 3476 e
450 3421 651 3496 superioribus
669 3415 786 3498 clectus]
822 3421 950 3493 Referent
966 3431 1084 3496 praeter
1103 3438 1182 3476 meos
1194 3419 1276 3476 codd.
1289 3417 1383 3475 etiem

304 3505 462 3583 spir.[1t].
486 3505 564 3563 Gud.
584 3509 610 3573 1,
634 3507 713 3573 Bis..
738 3505 816 3564 Gud.
841 3517 937 3563 autem
963 3507 980 3562 2
1004 3516 1034 3562 et
1056 3505 1114 3565 Ox.
1137 3505 1163 3562 E
1185 3507 1324 3578 referrent,
1349 3512 1387 3560 ut

303 3592 393 3648 mirer
415 3591 450 3647 do
473 3590 579 3647 ceteris
602 3591 803 3659 Oxx.tace1·i;
827 3595 948 3665 reserant
970 3610 1080 3652 omnes.
1103 3590 1200 3659 credo,
1223 3590 1287 3646 edd.
1312 3589 1385 3646 inde

302 3679 339 3733 ab
356 3677 501 3734 Ascensio
518 3679 608 3736 1511.
644 3678 734 3734 Recte
758 3676 888 3734 futurum
913 3677 1041 3752 ponitur,
1065 3695 1130 3734 cum
1154 3676 1385 3743 demonstretur,

302 3781 377 3837 quae
406 3763 569 3819 sententiae
598 3781 661 3819 esse
690 3762 817 3837 possint,
847 3764 930 3837 qnasi
954 3763 1081 3819 nondum
1106 3762 1179 3830 sint3
1209 3760 1261 3817 clr.
1290 3778 1386 3835 supra

303 3852 409 3914 eristen
442 3867 466 3903 v.
495 3848 531 3904 ad
555 3849 617 3917 111,
642 3849 682 3905 28
706 3850 842 3921 (dicetur).
891 3850 1040 3907 oernenda
1068 3847 1172 3907 Cicero
1200 3845 1314 3903 rettulit
1342 3845 1385 3902 ad

302 3953 412 3990 eornm.
437 3952 511 4008 quae
535 3934 600 4007 quis
623 3933 680 3990 iarn
705 3944 879 3991 consecutus
897 3943 982 3993 essct.
1005 3934 1220 4009 possessionem
1238 3940 1267 3988 et
1285 3949 1385 3997 usum,

302 4039 338 4076 ne
368 4039 421 4096 pro
448 4021 627 4092 corrseqnendi
652 4021 744 4076 verbo
773 4021 899 4095 positum
928 4029 1065 4095 putemus
1093 4018 1157 4089 (cfr.
1186 4018 1223 4073 ad
1246 4018 1292 4074 ΙΙ.
1319 4018 1386 4090 71).

302 4105 374 4183 [aar
396 4125 446 4161 non
470 4107 577 4162 dolendi
599 4105 686 4162 eliam
711 4103 763 4182 B.]

389 4192 438 4248 20.
464 4193 607 4266 Erpositis
628 4196 682 4248 inat
699 4193 793 4264 ipitur)
808 4191 857 4249 Sic
869 4186 934 4270 [B.]
953 4189 1169 4248 eCMonutius
1188 4197 1218 4243 et
1240 4185 1387 4261 deinceps

302 4277 400 4332 ceteri.
435 4277 497 4334 Alii
517 4280 561 4351 (ut
581 4279 683 4343 Mars,
707 4277 798 4347 Crat.)
822 4295 886 4331 curn
906 4276 930 4333 R
948 4280 1030 4348 ipitnr
1045 4279 1107 4332 inm.
1131 4273 1208 4350 quod
1233 4272 1328 4332 Gaius
1352 4271 1386 4328 in

302 4373 441 4435 qtntttuor
459 4364 518 4419 suis
536 4383 599 4419 osse
617 4364 671 4431 ait3
696 4362 752 4420 Ox.
767 4362 793 4420 U
811 4362 964 4418 omittebat
983 4365 1073 4433 rpitur.
1108 4358 1269 4420 Carneadis
1292 4358 1387 4415 finem

302 4448 401 4524 attigit
423 4448 527 4507 Cicero
545 4450 586 4515 ll,
606 4449 644 4505 35
663 4459 692 4505 et
710 4450 749 4504 42
768 4459 796 4503 et
815 4465 867 4503 nos
885 4465 974 4523 supra
996 4448 1032 4505 ad
1050 4448 1105 4519 IV,
1127 4448 1173 4505 15.
1199 4448 1204 4457 '
