3030 5086
380 490 423 535 ur
447 489 527 535 usn.
552 489 614 534 nm.
634 490 654 534 r
674 489 747 534 car.
770 491 859 534 o-ro.
880 488 1012 547 (aa-aa.)
1170 471 1233 534 653

155 676 295 737 prorsus,
312 657 448 738 inquam.
483 656 548 720 Etsi
566 676 604 720 oa
621 655 756 735 quidem,
774 674 855 736 quae
871 656 973 720 adhuc
990 655 1105 726 dixisti,
1124 674 1233 736 quam-

155 760 202 822 vis
224 760 264 822 ad
287 768 422 822 aetatem
445 768 529 823 recte
551 760 612 822 isto
636 758 728 823 modo
751 757 937 822 dicerentur.

241 860 279 923 X.
302 860 453 939 Exposita
470 862 573 941 igitur,
597 860 706 940 inquit,
728 859 946 923 terminatione
964 877 1068 924 rerum
1085 868 1231 939 expeten-

156 963 275 1039 darum,
299 980 354 1025 cur
376 962 439 1025 ista
460 981 495 1025 se
517 980 568 1025 res
586 962 631 1025 ita
647 960 771 1040 habeat,
794 970 829 1024 ut
846 961 917 1038 dixi,
940 961 1087 1039 deinceps
1104 961 1234 1024 demon·

156 1064 320 1127 strandum
342 1072 399 1127 cst.
446 1063 654 1142 Quamobrem
678 1063 838 1126 ordiamur
860 1068 899 1126 ab
923 1081 968 1139 eo,
993 1064 1076 1142 quod
1099 1063 1273 1142 primumi>

156 1165 255 1244 posui,
278 1166 361 1246 quod
379 1165 461 1228 idem
479 1182 591 1244 reapse
608 1164 742 1244 primum
761 1175 818 1240 est,
842 1172 876 1227 ut
898 1163 1121 1243 intellegamus,
1144 1182 1235 1227 omne

156 1267 269 1330 animal
298 1286 332 1330 sc
359 1268 461 1346 ipsum
490 1265 627 1347 diligere.
673 1266 763 1344 Quod
791 1283 981 1345 quamquam
1009 1264 1233 1329 dubitationem

157 1387 217 1432 non
240 1367 334 1432 habet
357 1370 420 1448 (est
441 1368 522 1432 euim
545 1366 673 1432 inlisum
696 1367 726 1430 in
750 1367 821 1448 ipsa
844 1377 972 1444 natura,
998 1366 1234 1446 comprehendi-

157 1481 267 1549 turque
284 1470 349 1532 suis
369 1469 519 1549 cuiusque
542 1468 694 1545 sensibus,
718 1469 770 1544 sic,
793 1474 836 1546 ut,
859 1475 967 1531 contra
990 1468 1016 1532 si
1039 1468 1108 1548 quis
1131 1468 1235 1531 dicere

157 1571 239 1648 velit,
261 1590 323 1635 non
340 1571 510 1651 audiatur),
535 1577 646 1646 tamen,
669 1589 708 1634 ne
726 1569 800 1652 quid
818 1569 1115 1649 praetermittamus,
1138 1569 1234 1633 ratio·
1255 1571 1296 1633 10

158 1691 213 1736 nes
235 1691 368 1753 quoquc,
391 1691 446 1736 cur
468 1670 526 1735 hoc
550 1672 595 1735 ita
617 1671 667 1748 sit,
689 1671 865 1735 afferendas
887 1680 973 1751 puto.
1019 1672 1068 1734 28.
1092 1670 1160 1734 Etsi
1183 1669 1235 1750 qui

157 1784 262 1854 potest
282 1773 418 1854 intellegi
440 1780 496 1837 aut
518 1771 662 1853 cogitari,
691 1790 761 1836 esse
787 1772 914 1853 aliquod
936 1773 1065 1849 animal,
1094 1772 1178 1853 quod
1200 1788 1235 1834 se

157 1876 279 1940 oderit?
302 1877 365 1939 Res
382 1875 463 1940 euim
482 1883 667 1938 concurrent
684 1874 869 1937 contrariae.
892 1874 972 1937 Nam
989 1892 1058 1937 cum
1075 1873 1235 1954 appetitus

225 2050 240 2092 3
267 2045 343 2108 inquit
361 2044 451 2094 omli
486 2043 718 2093 detenniaattbnec
763 2051 785 2093 4.
805 2060 844 2092 ras
861 2060 887 2092 ae
903 2043 990 2092 babeat
1008 2042 1042 2090 ita
1061 2042 1081 2090 [ι
1099 2059 1125 2092 aa
1143 2060 1181 2091 res
1199 2043 1235 2090 t'ta

156 2132 182 2160 se
203 2113 290 2162 habeta
309 2114 329 2163 C
383 2119 404 2162 5,
424 2111 492 2160 modo
514 2112 572 2177 (pro
591 2111 703 2176 primum)
722 2110 743 2160 C
796 2115 819 2162 6.
839 2128 864 2160 rc
887 2112 918 2159 ab
934 2129 960 2160 se
980 2110 1070 2161 EPCR
1093 2127 1118 2159 re
1136 2128 1153 2159 a
1170 2108 1235 2159 sela

159 2186 179 2230 7.
199 2180 268 2246 dr'lr'gyr‘
284 2182 306 2229 E
351 2186 372 2229 9.
393 2198 437 2244 que
455 2196 494 2229 om
523 2195 609 2228 omnes
644 2188 668 2228 nt
687 2177 776 2230 om.P
835 2185 870 2227 10,
888 2179 1090 2243 prenrnmmnsss
1143 2184 1181 2228 lt.
1200 2179 1235 2227 ita

158 2266 205 2299 om.
226 2250 247 2299 C
282 2248 340 2312 qaid
357 2248 424 2297 ELP
443 2247 534 2312 quidem
554 2248 575 2298 C
616 2253 650 2298 13,
671 2246 720 2295 odit
738 2247 759 2294 P
794 2264 836 2295 cur
854 2249 911 2311 (pro
929 2251 991 2310 cnm)
1012 2249 1032 2296 li

157 2389 237 2462 prius
250 2390 282 2449 1..
306 2388 410 2444 deinde
429 2388 470 2445 M.
484 2386 667 2445 Ciceronem.
703 2386 762 2445 Sed
786 2397 818 2443 ut
840 2387 984 2454 omittam,
1008 2387 1048 2443 M.
1061 2385 1234 2444 Ciceronem

155 2474 191 2529 de
214 2492 273 2529 una
295 2472 400 2529 aetatis
423 2472 703 2529 commemoratione
725 2471 913 2548 respondere,
937 2490 1031 2545 neque
1050 2471 1145 2546 ipsum
1166 2489 1233 2545 pro·

156 2578 261 2614 nomen
285 2559 327 2615 sic
350 2559 386 2614 ad
409 2557 542 2614 diversos
566 2557 642 2614 trahi
665 2567 772 2632 potest,
797 2576 900 2631 neque.
924 2575 976 2613 cur
998 2568 1059 2613 tum
1079 2556 1171 2632 magis
1191 2557 1233 2613 M.

157 2643 261 2701 Cicero
289 2662 376 2717 quam
400 2652 451 2699 aut
473 2642 509 2715 Q.
532 2653 584 2699 aut
606 2643 726 2700 Atticus
748 2643 952 2717 intellegatur,
981 2652 1119 2716 apparet;
1147 2650 1177 2696 et
1205 2641 1234 2696 in

159 2730 290 2784 Marcum
313 2728 442 2784 omnium
467 2728 586 2784 minime
604 2727 660 2784 hoc
677 2727 764 2797 cadit,
788 2728 838 2801 qui
853 2730 978 2802 'praeter
999 2737 1113 2783 ceteros
1132 2725 1233 2781 harum

158 2813 388 2887 disputationum
413 2813 525 2886 peritus
547 2830 604 2869 non
629 2813 736 2869 iniuria
755 2812 904 2868 inducitur
918 2814 944 2884 (5
959 2813 986 2877 6,
1000 2812 1029 2879 7,
1043 2813 1092 2874 76.
1107 2812 1143 2866 81
1159 2815 1236 2883 cet).

158 2898 275 2954 Dicent.
298 2898 420 2954 alteram
444 2916 561 2971 quoque
584 2916 645 2953 rem
664 2897 822 2972 specialem
840 2896 1008 2972 significari.
1031 2895 1082 2952 sod
1100 2896 1235 2952 substau-

159 2984 220 3040 tivo
232 2983 340 3039 Latino
357 2991 515 3048 carentem,
535 2982 590 3039 hac
608 2982 768 3038 sententia:
791 2985 847 3038 acin
858 2983 937 3038 Alter
953 2982 1010 3037 und
1027 2981 1077 3037 der
1094 2980 1238 3037 Unrstuud.

159 3070 226 3124 class
248 3079 354 3124 ercet.
401 3066 460 3125 Sed
484 3067 627 3123 orationis
651 3066 866 3122 inconcinnitas
889 3084 983 3140 ncque
1006 3065 1121 3121 tollitur
1143 3083 1238 3138 neque

161 3153 317 3220 minuitur;
348 3162 376 3208 et
405 3151 459 3207 hoc
488 3152 583 3225 ipsum
607 3151 731 3207 alterum
755 3160 877 3224 propter
898 3160 1024 3207 aetatem
1053 3148 1173 3207 accidit.
1202 3149 1238 3205 ds

159 3256 218 3311 qua
241 3255 299 3294 una
320 3236 523 3310 respondetur.
568 3236 674 3309 Itaque
692 3243 742 3291 aut
760 3234 865 3293 Cicero
889 3235 963 3292 male
986 3234 1105 3310 scripsit
1127 3243 1179 3291 aut
1201 3234 1239 3289 ab

140 3319 195 3378 'eo
213 3323 340 3396 positum
358 3333 436 3378 erat:
459 3320 539 3377 iuius
556 3324 623 3377 enim
641 3324 733 3389 aetati,
755 3340 825 3377 ranno
837 3352 876 3362 -
889 3321 1032 3381 audientia,
1055 3322 1155 3376 seruire
1171 3328 1238 3375 cet.

160 3407 282 3474 deinde,
306 3425 370 3462 cum
394 3406 516 3462 exclusa
538 3417 616 3462 esset
638 3406 738 3463 littera
760 3425 773 3461 s
796 3407 953 3476 (audienti),
977 3404 1109 3461 additum
1132 3412 1192 3461 ast:
1215 3413 1241 3459 et

162 3494 229 3548 duic.
276 3490 341 3568 [Sic
364 3492 500 3548 Baitarus
528 3491 558 3547 iu
587 3491 633 3549 ed.
658 3487 746 3567 mim]
790 3491 866 3547 Haec
888 3489 930 3560 (id
954 3498 1014 3559 est,
1044 3489 1120 3545 hanc
1147 3488 1240 3545 totius

161 3576 334 3651 disciplinae
357 3575 585 3651 expositionem)
613 3576 780 3632 necessario
804 3575 954 3631 Manutius
982 3584 1011 3630 et
1035 3575 1111 3631 Dav.
1140 3585 1169 3631 et
1197 3573 1239 3631 sic

162 3661 241 3719 Gud.
268 3663 296 3719 2.
342 3661 402 3718 Hoc
424 3679 512 3716 unam
535 3661 664 3735 aliquam
688 3679 749 3716 rem
780 3669 832 3716 aut
853 3660 962 3717 dictum
986 3659 1105 3733 aliquod
1129 3659 1240 3734 signifi·

162 3759 251 3802 caret.
296 3743 364 3824 [Hic
387 3746 474 3802 ctiam
499 3741 548 3823 B.)

248 3831 320 3906 cap.
341 3833 381 3888 X.
408 3831 706 3905 comprehenditurque)
735 3829 979 3888 Coniunctionem
1004 3828 1101 3890 Crat,
1124 3828 1241 3894 Lamb,

163 3917 256 3973 Gzius
269 3916 458 3982 addiderunt;
477 3915 611 3990 asyndcti
623 3917 718 3992 figura
735 3915 764 3971 in
779 3914 834 3971 hcc
847 3914 1067 3971 continuatione
1079 3912 1241 3987 superioris

161 4002 325 4058 sentcntiae
348 4019 384 4057 ne
407 4001 534 4074 speciem
557 4001 675 4073 quidem
698 4000 797 4058 habet.
843 3998 974 4076 [Alanus
997 4008 1027 4054 et
1050 3998 1187 4054 Baitcrus
1208 4018 1242 4054 oc

161 4087 400 4161 comprehenditur.
445 4085 536 4143 Initio
559 4086 665 4161 capitis
687 4085 776 4142 etiam
801 4084 826 4141 B
848 4084 959 4140 omittit
980 4081 1091 4159 inquit]

249 4173 298 4229 28.
323 4172 492 4244 corrcumm)
511 4170 583 4229 Cod.
601 4171 678 4228 Mor.
697 4180 849 4237 occurrent3
872 4169 949 4226 male
967 4167 1108 4233 Davisius
1131 4165 1241 4225 cccc

163 4260 205 4329 (ot
227 4256 285 4315 Ox.
302 4260 331 4332 χ)
353 4266 548 4313 concurrerent.
594 4255 690 4312 Paulo
717 4263 785 4330 post
813 4254 885 4311 hacc
913 4254 1018 4311 verbs:
1046 4272 1106 4310 cum
1134 4254 1165 4309 id
1191 4271 1241 4308 ma

163 4348 246 4398 consa
268 4345 357 4415 saciet
384 4360 442 4398 non
471 4341 548 4398 hanc
575 4341 686 4398 habent
713 4340 904 4397 sententiam:
937 4343 963 4395 si
990 4339 1100 4414 quando
1129 4339 1159 4394 id
1186 4346 1241 4394 cat.

164 4427 259 4500 (quasi
283 4426 442 4500 aliquando
466 4444 524 4483 non
547 4444 601 4483 sua
617 4443 706 4483 causa
722 4425 753 4482 id
769 4422 869 4487 faciat,
893 4442 951 4498 qno
968 4423 1063 4482 omnis
1079 4423 1242 4499 disputatio
