3030 5086
262 475 324 541 120
647 494 693 541 nn
715 483 849 542 memus
870 496 943 544 non.

261 663 498 744 superstitione,
535 664 705 729 liberamur
736 664 846 730 mortis
879 670 980 743 metu,
1017 683 1080 730 non
1113 666 1337 732 conturbamur

260 765 458 848 ignoratione
486 784 606 845 rerum,
639 784 657 831 e
686 784 749 848 qua
780 765 852 848 ipsa
883 766 1048 845 horribiles
1077 768 1212 834 7777777777
1238 787 1336 850 saepe

260 864 457 946 iomridiues;
480 868 613 949 denique
632 868 729 933 etiam
750 854 864 933 morati
886 868 994 934 melius
1016 869 1142 948 erimus,
1163 888 1231 935 cum
1255 870 1335 935 didi·

260 969 407 1049 serimus,
442 969 518 1052 quid
544 978 659 1035 natura
686 971 851 1047 desideret
902 971 982 1035 Tum
1010 989 1098 1049 vero,
1132 971 1159 1036 si
1192 971 1334 1037 stabilem

221 1068 243 1135 5
262 1071 420 1137 scientiam
443 1090 547 1137 rerum
569 1071 752 1152 tenebimus,
775 1079 901 1137 servata
916 1072 978 1151 illa,
1001 1092 1082 1154 quae
1098 1073 1187 1154 quusi
1204 1072 1337 1154 delapsa

262 1173 303 1239 de
320 1173 405 1239 caelo
423 1179 471 1238 est
487 1175 528 1239 ad
544 1173 751 1256 cognitionem
768 1173 913 1254 omnium,
930 1174 1047 1257 regula,
1064 1177 1105 1240 ad
1123 1193 1215 1256 quam
1233 1175 1337 1241 omnia

260 1273 374 1341 iudicia
407 1294 511 1341 rerum
543 1275 731 1359 dirigentur,
764 1295 934 1358 numquam
966 1276 1057 1342 ullius
1090 1276 1231 1342 oratione
1264 1278 1335 1343 victi

260 1378 415 1443 sententia
441 1378 637 1444 desistemus.
683 1379 733 1443 64.
761 1378 829 1443 Nisi
857 1384 961 1444 autem
988 1397 1091 1444 rerum
1120 1385 1234 1444 natura
1262 1398 1335 1460 per-

260 1485 367 1562 specta
389 1480 463 1559 erit,
491 1479 575 1545 nullo
602 1480 696 1545 modo
724 1479 894 1562 poterimus
922 1499 1069 1547 sensuum
1091 1481 1206 1546 iudicia
1227 1479 1335 1547 defen·

330 1706 351 1751 7.
372 1702 439 1767 717777
458 1701 547 1766 Lepre
562 1701 631 1752 PCR
666 1702 1014 1765 e.qnaea1mca0re
1032 1702 1169 1753 sementiam
1188 1711 1242 1769 lpro
1260 1704 1335 1754 seien-

260 1770 367 1823 remla
404 1774 426 1825 7.
445 1769 618 1836 dr'rr'qunlurE
654 1768 758 1820 riliarll
792 1770 885 1820 ratione
903 1770 947 1823 EC

261 1996 289 2035 re
310 1983 355 2048 sit,
378 1983 515 2036 seientiam
537 1976 593 2053 (Il,
620 1978 682 2051 18),
705 1985 735 2033 77
757 1978 831 2052 ipsa,
854 1989 999 2052 quatenus
1021 1979 1051 2036 in
1074 1978 1191 2036 homine
1214 1990 1268 2050 est,
1292 1979 1337 2036 di·

259 2062 338 2143 citur
360 2065 511 2122 (disserendi
531 2067 601 2120 ratio
622 2073 647 2120 et
668 2066 777 2121 scientia
799 2064 901 2135 (Tusc.
926 2065 962 2135 l',
987 2065 1048 2137 72).

345 2152 466 2206 levamur
493 2152 678 2225 superstitione
704 2147 774 2222 777.)
808 2147 932 2225 Semper
959 2149 1105 2224 Epicurus
1132 2148 1255 2225 physica
1282 2167 1335 2206 sua

260 2232 303 2291 sic
325 2235 434 2303 laudat,
458 2254 515 2294 non
540 2243 572 2293 ut
593 2234 755 2310 cognitioni
777 2234 834 2309 ipsi
857 2243 887 2292 et
907 2233 1089 2292 meditationi
1106 2235 1265 2310 quidquem
1284 2235 1335 2292 tri·

261 2319 332 2377 bunt
354 2339 407 2396 per
429 2338 470 2390 se,
493 2321 544 2378 sed
568 2331 601 2377 77
618 2319 753 2377 miserem
773 2319 854 2376 illam
872 2320 1103 2379 consolationem
1121 2319 1254 2391 extollat,
1278 2340 1336 2396 qua

260 2405 284 2463 si
308 2425 365 2463 non
389 2415 508 2482 egeret,
519 2406 646 2463 libenter
662 2405 784 2481 physice
804 2423 861 2461 non
880 2405 976 2463 minus
993 2424 1080 2481 quarn
1098 2405 1252 2463 dialectice
1268 2407 1335 2464 aliis

260 2490 448 2588 relinqueret:
480 2491 634 2552 Sententia
649 2499 692 2547 est
711 2490 982 2586 decima(Diog.X,
994 2491 1080 2564 147).
1097 2483 1137 2547 Εἰ
1150 2480 1272 2583 μηδεν
1257 2509 1335 2584 quas

260 2567 294 2631 αἱ
292 2593 380 2668 περι
403 2573 461 2632 τῶν
464 2593 643 2674 perrupere
660 2564 789 2648 ὑποψίαι
805 2559 954 2670 ἡνόχλονν
976 2565 1024 2632 καὶ
1049 2567 1082 2631 αἱ
1102 2563 1189 2671 περὶ
1187 2574 1334 2644 θανατοο,

259 2644 299 2754 μή
321 2676 395 2717 ποτε
416 2651 503 2758 πρὸς
513 2649 591 2735 ἡμᾶς
613 2651 665 2734 εἴη,
691 2651 733 2714 ἔτι
754 2652 778 2716 τ’
798 2642 975 2753 ν’δυνόμεθα
991 2662 1068 2717 νοεῖν
1083 2648 1155 2724 τοὺς
1172 2644 1262 2734 ὅρους
1277 2656 1336 2715 τῶν

259 2730 428 2820 ἀλγηδόνων
455 2763 503 2801 και
527 2738 705 2816 ἐπιθυμιῶν,
736 2734 789 2800 οὑκ
816 2729 853 2799 οἲν
880 2732 1109 2818 προσεδεόμεθα
1132 2737 1334 2818 φνσιολομἭας

259 2826 424 2902 (Extrema,
445 2848 521 2904 quae
538 2828 600 2887 fere
617 2847 654 2884 ex
672 2826 831 2886 Gessendii
849 2828 1054 2886 emendatione
1071 2827 1167 2903 posui,
1190 2827 1268 2901 apud
1286 2826 1335 2886 Ci-

258 2930 395 2973 oeronem
414 2915 460 2972 his
478 2915 576 2972 verbis
593 2912 812 2988 exprimuntur:
832 2913 957 2986 Denique
972 2916 1051 2971 elium
1062 2922 1117 2970 cet.
1151 2911 1336 2971 Omittuntur·

258 2999 339 3076 apud
367 3000 575 3072 Plutarchum,
609 2999 677 3056 Non
709 3015 796 3074 posse
824 2997 954 3056 suaviter
981 3006 1037 3056 cet
1072 2999 1090 3055 8
1123 3016 1152 3073 p
1178 2997 1258 3054 1097
1288 2998 1335 3071 Β.)

259 3084 397 3145 Eiusdem
415 3086 595 3183 argumenti
599 3084 749 3177 proxima·
773 3069 871 3141 oia
857 3102 890 3159 ην
911 3101 947 3139 το
937 3069 1151 3177 φοβοόμενον
1168 3067 1277 3138 λόειν
1262 3101 1334 3176 aurp

257 3164 316 3228 τῶν
343 3159 532 3264 κνρ7ωτότονν
558 3159 599 3263 μὴ
626 3156 799 3235 κατειδότα,
833 3161 879 3232 τίς
908 3157 924 3241 ἡ
952 3164 1008 3225 τοῦ
1036 3154 1209 3239 σύμπαντος
1238 3154 1334 3239 piore,

259 3244 359 3311 (mm
344 3241 584 3329 ὑποπτευόμενον
604 3271 633 3308 τι
654 3248 712 3309 τῶν
734 3241 811 3307 κατὰ
832 3242 903 3318 τοὺς
924 3236 1045 3326 μὺθονς
1066 3250 1226 3324 (sententia
1248 3251 1336 3308 debet

258 3356 337 3398 esse:
367 3338 392 3395 si
420 3338 495 3433 quis
514 3348 627 3396 tantum
656 3336 772 3394 fabulas
795 3337 962 3410 suspicione
984 3347 1170 3411 sequeretur3
1201 3334 1298 3413 [sed
1289 3357 1334 3393 rn-

258 3424 389 3482 auditum
413 3432 457 3481 777
480 3409 703 3480 ὑποπτεὺεοθαι
724 3421 939 3493 significatione
961 3423 1073 3490 activa,
1097 3422 1184 3481 scrib.
1203 3421 1333 3479 videtur·

260 3498 361 3565 ἀλλ”
345 3497 555 3580 νπωτττεόομεν
572 3494 609 3564 όν
624 3526 709 3564 τι-
725 3498 885 3604 μόθονς])·
909 3494 985 3565 ὥστε
1008 3497 1060 3563 οὑκ
1083 3493 1116 3581 ἦν
1138 3493 1208 3563 drea
1231 3522 1334 3579 puoto

257 3582 399 3668 loye'oe’
381 3584 524 3666 axspac'ae
544 3581 600 3656 τοὶς
622 3580 731 3666 ἡδονοὶς
752 3580 982 3668 ἀπολαμβάνειν.

343 3678 411 3753 quid
438 3673 551 3756 nutura)
580 3675 630 3734 Sic
658 3675 746 3733 etiam
775 3675 838 3731 cod.
867 3676 945 3734 Vict.
975 3672 1017 3756 [et
1043 3671 1128 3776 adj,
1163 3675 1198 3733 de
1228 3676 1333 3734 ceteris

258 3773 386 3832 tacetur3
411 3761 560 3818 melius
537 3780 578 3818 sre
601 3760 681 3818 notio
703 3759 820 3837 generis
842 3769 871 3817 et
893 3761 1002 3858 gradus
1024 3761 1208 3855 exprimitur.

342 3850 456 3923 delapso
478 3848 512 3903 cle
533 3850 606 3904 coelo
627 3855 725 3903 est·
753 3844 859 3920 requio)
881 3835 941 3901 Τόν
959 3835 1070 3903 κανόνα
1087 3847 1168 3916 dicit,
1192 3847 1332 3905 constitu·

258 3933 366 3991 tionem
391 3932 452 3989 veri
476 3941 506 3988 et
527 3931 610 4001 falsi,
638 3931 697 3988 vid.
720 3931 758 3988 ad
781 3931 831 3987 22.
870 3928 1005 3989 Caelests
1028 3931 1148 4007 Epicuri
1172 3932 1208 3989 de
1230 3933 1333 4031 regula

257 4030 286 4077 ot
313 4018 423 4077 iudicio
451 4017 588 4074 volumen
616 4016 750 4075 Velleius
777 4016 909 4092 appellet
938 4017 951 4073 l
980 4016 1018 4074 N.
1042 4018 1080 4074 D.
1104 4016 1144 4075 43
1167 4011 1331 4091 (διοπετός).

257 4103 332 4183 [Ρ7ο
355 4105 504 4177 diriperae
526 4100 637 4160 Lamb(
652 4105 814 4176 diriperetur,
838 4120 896 4159 non
920 4101 1109 4179 necessario]
1207 4127 1210 4133 ·

343 4192 423 4248 ullius
440 4188 571 4266 oratione)
590 4189 712 4245 Rulione'
723 4187 810 4244 etiam
831 4185 871 4265 [B
889 4185 933 4264 et]
949 4204 967 4261 χ
983 4197 1012 4244 77
1029 4197 1099 4244 7777.
1117 4187 1182 4244 edd.
1227 4187 1331 4260 Itaque

258 4275 287 4331 in
311 4295 367 4350 mg.
394 4274 473 4333 Crat.
497 4283 527 4329 et
549 4291 565 4330 e
587 4274 651 4330 cod.
675 4273 753 4331 Viet.
779 4281 937 4330 annotat-ur
959 4275 1084 4330 oratione.

344 4362 392 4417 st.
422 4379 546 4416 7777777777
573 4357 687 4436 iudicis)
710 4357 904 4434 Pugnandum
934 4367 998 4414 7777
1026 4356 1103 4415 enim
1132 4368 1235 4416 contra
1262 4376 1331 4436 geo·

257 4455 373 4510 metras,
397 4457 591 4515 astronomos,
609 4455 741 4518 ‚celerem
766 4443 824 4500 vid.
847 4443 884 4500 ad
908 4443 957 4500 70.
