3030 5086
509 419 553 466 ur
576 417 652 464 unu.
679 417 741 462 nra.
764 418 776 463 1
798 418 871 464 cae.
895 421 918 470 a.
938 422 1001 478 (rs.)
1249 404 1289 466 41

215 590 259 653 de
274 588 407 653 materie
423 586 648 664 disseruerunt,
664 586 725 649 vim
742 592 774 650 et
790 604 916 651 causam
929 584 1080 651 efficiendi
1092 587 1292 668 reliquerunt

216 690 284 755 Sed
308 689 372 773 hoe
397 706 559 754 commune
587 686 707 766 vitium3
741 687 812 753 illae
838 688 965 768 Epicuri
991 689 1140 769 propriae
1169 691 1292 755 ruinae:

292 847 311 891 1.
334 839 496 909 [deseruerunt
514 839 561 908 Al]
582 840 702 905 efficiendi
717 856 764 889 om.
786 841 806 888 1.
843 846 865 891 2.
886 840 977 906 [vicium
997 840 1026 906 A}

216 964 382 1024 Classenio.
425 965 517 1022 Recte
539 963 628 1019 etiam
653 964 883 1038 Wesenbergius
906 982 988 1019 mens
1011 963 1053 1037 (in
1078 977 1295 1040 programmate

218 1050 333 1108 Danice
355 1049 465 1125 scripto
487 1048 524 1104 de
546 1048 679 1105 oratioue
697 1047 838 1106 Caeliana
859 1067 888 1122 p.
904 1047 956 1120 21)
979 1047 1008 1104 in
1032 1058 1105 1105 orat.
1129 1069 1182 1124 pro
1206 1050 1292 1108 Reae.

217 1138 290 1193 Am.
305 1135 345 1191 83
361 1133 504 1190 restitnit:
527 1134 728 1207 unumquidque
744 1143 852 1206 tanqam
870 1133 948 1206 (coll.
964 1133 1063 1191 Divin.
1084 1135 1113 1191 in
1126 1133 1213 1193 Caec.
1227 1136 1291 1209 45).

218 1220 280 1279 Sed
297 1229 409 1277 restant
425 1219 493 1276 alia.
527 1219 562 1277 In
582 1218 737 1275 rhetoricis
754 1218 790 1274 ad
804 1219 932 1274 Herenn.
947 1219 986 1275 ΙΙ.
1000 1220 1039 1274 46
1059 1220 1155 1275 editur
1172 1220 1293 1277 vitiose:

218 1317 250 1362 ut
261 1307 520 1380 quodqueprirnum,
533 1303 611 1378 quod
623 1314 701 1359 recte
714 1303 897 1377 improbatur
908 1305 986 1378 apud
999 1302 1060 1362 Cic.
1076 1305 1111 1360 dc
1124 1305 1188 1362 lnv.
1202 1306 1227 1374 Ι,
1239 1306 1293 1376 19;

218 1390 256 1447 de
273 1390 338 1448 Inv.
361 1390 386 1457 1,
399 1390 439 1445 28
463 1389 606 1445 retinetur
623 1388 762 1444 uitiosum
780 1391 843 1460 (etsi
858 1391 936 1444 semel
953 1392 1159 1463 unumquodque
1180 1392 1295 1464 dicetur)

217 1485 323 1532 eontra
333 1474 398 1532 cod.
411 1475 612 1531 Turicensem.
650 1474 722 1529 Mox
743 1475 907 1546 reliquerunt
928 1485 988 1530 est:
1010 1493 1061 1529 non
1078 1485 1240 1540 tractarunt,
1263 1486 1296 1532 ut

216 1560 275 1628 IV,
290 1562 317 1616 7.
340 1559 377 1615 de
389 1559 479 1634 Legg.
492 1560 518 1626 I,
533 1561 560 1619 6.
600 1559 692 1616 Cuueu
707 1560 847 1631 efficiendi,
870 1577 945 1632 quae
963 1559 1081 1634 proprie
1098 1569 1152 1621 eet.
1175 1570 1295 1635 propter

217 1662 307 1718 qnam
331 1644 397 1718 quis
419 1644 531 1717 aliquid
554 1643 673 1712 efficiat,
697 1644 793 1700 minus
816 1643 933 1718 proprie
956 1663 1010 1718 pro
1032 1647 1159 1718 efficiente
1176 1645 1293 1705 dicitur.

306 1731 368 1787 illue
385 1730 503 1804 Epicuri
516 1733 646 1804 properae
661 1733 769 1784 ruinae:
791 1739 877 1785 censet
898 1732 978 1798 eninr)
997 1730 1163 1786 Pronomen
1187 1733 1238 1793 ille,
1261 1741 1295 1788 ut

218 1832 318 1890 saepe,
341 1814 507 1889 explicatur
528 1814 675 1872 sententia
696 1832 749 1888 per
770 1816 838 1870 euim
860 1813 1006 1879 subiecta
1029 1814 1088 1871 vid.
1111 1816 1147 1871 ad
1170 1817 1229 1884 111,
1243 1818 1293 1876 26.

218 1900 285 1957 Nec
302 1912 398 1956 tamen
411 1899 571 1974 explicatio
588 1899 639 1956 illa
651 1899 745 1974 prima
757 1899 904 1955 sententia
914 1899 1092 1973 absolvitur3
1109 1901 1294 1974 nequeenim

218 1985 283 2042 nlla
304 1984 390 2042 ruina
406 1995 460 2049 eet,
483 1985 538 2041 etei
555 2003 679 2060 pravum
697 1994 750 2043 eet
773 1984 851 2056 quod
865 1984 1009 2058 Epicurus
1026 1994 1140 2042 atomos
1157 1986 1294 2043 deorsum

217 2069 292 2128 ferri
320 2078 418 2145 putat.
447 2070 552 2126 nedum
581 2069 680 2144 plures
703 2069 821 2137 ruinae;
849 2080 917 2125 suut
945 2088 997 2125 eae
1020 2070 1048 2125 in
1073 2089 1189 2135 eorum,
1218 2089 1294 2144 quae

216 2155 400 2221 adiciuntur,
429 2155 633 2229 repugnantia.
678 2154 728 2211 Fit
755 2155 809 2209 hoc
836 2154 981 2210 interdum
1011 2155 1089 2228 apud
1112 2155 1294 2224 Ciceronem,

216 2250 263 2310 ut,
280 2239 413 2297 oratioue
430 2258 487 2295 non
500 2240 599 2296 statim
612 2248 693 2295 recto
709 2258 796 2295 cursu
808 2257 843 2295 eo
856 2239 1070 2313 progrediente.
1088 2259 1146 2312 quo
1159 2240 1294 2307 debebat,

216 2324 366 2400 particula
378 2324 538 2381 sententias
556 2335 732 2381 connectens
744 2324 865 2398 iuncpta
877 2324 1019 2390 videatur,
1038 2324 1063 2380 si
1075 2325 1111 2381 ad
1124 2344 1188 2380 eam
1201 2326 1294 2382 solam

217 2409 396 2467 sententiam
415 2407 570 2478 referatur,
593 2409 623 2465 in
641 2427 700 2482 qua
718 2409 816 2485 posita
833 2409 880 2466 sit.
904 2410 1088 2482 maximeque
1111 2409 1167 2465 hoc
1190 2411 1296 2467 accidit

217 2494 251 2551 iu
274 2495 311 2551 iis
332 2493 493 2569 particulis.
516 2513 591 2568 quae
608 2494 796 2551 conclusivae
813 2494 957 2551 dicuntur.
980 2498 1079 2568 itaque.
1103 2514 1197 2568 qnare,
1220 2496 1296 2552 aliis.

219 2580 314 2636 Velut
330 2580 419 2636 Tusc.
443 2579 484 2636 11.
498 2582 536 2636 62
560 2579 584 2635 si
607 2579 680 2636 haec
703 2580 766 2636 sola
788 2579 883 2653 legas:
909 2580 1004 2653 [eaquae
1025 2599 1128 2654 seraper
1145 2582 1295 2653 Africanus

218 2665 389 2722 Socraticum
399 2665 599 2739 Xenophontem
616 2667 642 2719 in
659 2664 781 2720 aeronibus
799 2664 920 2724 habebut.
940 2664 1014 2721 nihil
1031 2666 1070 2720 sit
1088 2665 1124 2720 ad
1142 2667 1296 2740 superiora

218 2750 364 2825 ineptiua;
392 2749 436 2805 sin
466 2749 646 2828 perrexeris:
674 2753 751 2806 cuiue
778 2754 804 2807 iu
828 2752 928 2823 primis
955 2751 1086 2805 lnraedubut
1113 2752 1193 2808 illud.
1222 2752 1297 2825 quod

217 2837 328 2903 diceret,
346 2837 450 2891 eosdem
467 2835 571 2890 labores
588 2855 639 2889 non
657 2855 714 2891 esre
729 2854 813 2909 neque
827 2853 925 2907 praenes
935 2837 1091 2909 imperatori
1106 2845 1130 2891 et
1141 2838 1218 2891 rniliu'
1228 2846 1293 2906 cet,

218 2920 374 2995 apparebit
397 2919 452 2977 hoc
475 2919 629 2975 dicendum
652 2919 759 2976 fuisse:
782 2921 879 2992 Itaque
893 2921 1041 2992 Afrr'runua
1065 2921 1195 2976 laudabat
1217 2923 1294 2991 illud,

195 3007 294 3078 'quod
314 3005 464 3078 Xenophon
487 3007 584 3061 diceret
606 3013 661 3061 cet.
709 3005 835 3062 Adiecta
858 3004 1026 3060 observatio
1049 3006 1206 3078 primariae
1229 3025 1295 3061 scn-

219 3091 329 3146 tcntiae
353 3090 447 3146 locum
471 3090 634 3164 occupavit.
682 3091 819 3146 Eiusdem
848 3090 964 3164 generis
993 3091 1048 3146 boc
1077 3099 1122 3145 est
1149 3092 1184 3146 de
1208 3090 1291 3148 Orat.

220 3175 267 3241 ΙΙ,
292 3177 352 3232 217
362 3195 369 3230 :
408 3176 505 3248 Itaque
537 3196 595 3231 cum
630 3178 762 3248 quenulam
798 3175 917 3231 Graecos
950 3178 1092 3249 insumptus
1125 3177 1205 3231 la'hroa
1238 3196 1295 3233 aare

218 3262 343 3316 uidiesent
365 3261 398 3315 cle
420 3261 549 3319 ridiculis.
572 3263 725 3316 uorrnullrun
747 3264 773 3316 in
796 3279 869 3333 aprum
886 3280 1016 3317 uenenum.
1035 3280 1116 3334 posse
1132 3281 1173 3317 nie
1189 3264 1295 3334 aliquid

218 3364 253 3414 eu
275 3349 333 3401 istiu
354 3347 464 3401 (lucere.
509 3344 609 3404 Sensit
632 3346 717 3401 Ern..
747 3344 821 3401 male
845 3346 916 3400 haec
940 3347 1097 3401 cohaerere
1119 3365 1184 3402 cum
1208 3365 1293 3421 supe·

219 3430 354 3487 rioribus.
380 3430 409 3486 in
433 3427 644 3504 quibus'nulla
666 3431 831 3505 significata
853 3442 897 3484 est
919 3449 1008 3486 causa
1031 3431 1198 3487 huiusmodi
1220 3432 1293 3506 spei,

218 3516 268 3571 scd
287 3515 385 3589 potius
397 3516 581 3588 desperandi.
613 3517 704 3571 Recta
721 3516 777 3571 erit
788 3514 947 3579 conclusio,
966 3515 991 3571 si
1007 3519 1097 3589 itaque
1109 3517 1145 3572 ad
1158 3517 1293 3591 proxima
1344 3538 1350 3548 ·

218 3601 380 3657 rettuleris:
411 3604 498 3656 inueru'
524 3611 611 3656 autern
639 3603 754 3658 ridicula
783 3611 807 3657 et
834 3602 908 3655 enisu
937 3604 1021 3657 inulto
1047 3601 1228 3664 Graecumue,-
1252 3633 1290 3643 -·-

218 3687 269 3741 aed
295 3689 344 3759 qui
370 3689 426 3742 eiua
454 3689 494 3741 rer'
514 3689 643 3741 ratione-m
665 3688 804 3759 quondum
825 3689 914 3741 ronan
935 3697 996 3742 erent
1018 3696 1155 3759 artemque
1177 3688 1292 3754 trudere,

217 3774 256 3826 eie
282 3773 380 3826 inardei
405 3775 549 3827 euu'terunt
577 3781 633 3828 cet.
686 3771 794 3827 Eadem
825 3771 900 3829 ratio
928 3781 973 3826 est
1001 3772 1015 3827 I
1044 3762 1146 3828 ua'N.
1178 3771 1215 3830 l).
1241 3771 1291 3840 85,

217 3855 268 3911 ubi
297 3859 387 3929 itaque
414 3856 542 3930 pertinet
570 3855 608 3911 ed
636 3856 700 3911 illa:
729 3860 755 3912 in
784 3857 834 3911 linc
862 3859 900 3911 ito
928 3860 1049 3930 eapositn
1072 3859 1199 3912 enitentia
1221 3865 1292 3920 aunt,

216 3944 265 4014 qui
290 3944 439 3997 eer'etr'rnent
460 3949 515 3998 cet.
546 3939 590 4018 [et
614 3941 648 3996 ¹in
680 3943 762 3998 Verr.
790 3941 844 4007 IV,
872 3942 940 3998 108.
986 3940 1047 3999 Cir.
1079 3940 1157 3996 infra
1184 3940 1220 3996 ad
1251 3941 1292 4009 II,

218 4025 257 4081 90
280 4026 316 4082 de
339 4030 406 4082 eninr
429 4036 458 4081 et
481 4027 569 4083 'Prisc
596 4027 632 4092 V,
657 4027 695 4081 32
720 4027 755 4081 de
779 4022 869 4104 qnam]
920 4026 1056 4082 Handius
1078 4026 1107 4081 in
1131 4027 1219 4083 Turs.
1243 4026 1292 4083 111

216 4129 245 4185 p.
260 4112 321 4167 504
345 4112 374 4167 in
397 4112 453 4167 hoc
476 4122 506 4167 et
528 4111 595 4167 aliis
612 4110 725 4184 aliquot
742 4111 822 4167 locis.
846 4112 896 4183 qui
916 4112 996 4167 nullo
1013 4111 1137 4167 artificio
1155 4112 1291 4186 egebant,

216 4199 306 4271 itaque
328 4196 392 4252 vult
414 4214 495 4252 esse:
523 4199 577 4269 uns
593 4198 694 4266 pleicire
726 4198 822 4252 ll'eise.
852 4197 929 4269 quod
953 4215 1110 4269 numquam
1135 4197 1290 4271 significat.

216 4280 349 4356 Cognata
373 4290 417 4338 est
440 4283 512 4337 baec
534 4282 706 4341 sententiae.
730 4299 804 4355 qnae
829 4281 961 4337 subnecti
985 4282 1120 4347 debebat,
1143 4300 1209 4337 cnm
1233 4281 1293 4355 pri·

217 4366 308 4422 maria
330 4367 509 4441 permutatio
531 4379 581 4423 ant
604 4367 708 4423 saltem
731 4366 863 4440 aequalia
887 4367 1030 4423 connexio
1053 4385 1119 4423 cum
1142 4367 1193 4433 iis,
1216 4384 1292 4439 quae
