<?xml version="1.0" encoding="UTF-8"?>
<!DOCTYPE html PUBLIC "-//W3C//DTD XHTML 1.0 Transitional//EN"
    "http://www.w3.org/TR/xhtml1/DTD/xhtml1-transitional.dtd">
<html xmlns="http://www.w3.org/1999/xhtml" xml:lang="en" lang="en">
 <head>
  <title>
</title>
<meta http-equiv="Content-Type" content="text/html;charset=utf-8" />
  <meta name='ocr-system' content='tesseract 3.04.00' />
  <meta name='ocr-capabilities' content='ocr_page ocr_carea ocr_par ocr_line ocrx_word'/>
</head>
<body>
  <div class='ocr_page' id='page_1' title='image "./mtulliiciceroni35cicegoog/mtulliiciceroni35cicegoog_0493.png"; bbox 0 0 3030 5086; ppageno 0'>
   <div class='ocr_carea' id='block_1_1' title="bbox 438 469 1289 550">
    <p class='ocr_par' dir='ltr' id='par_1_1' title="bbox 438 469 1289 550">
     <span class='ocr_line' id='line_1_1' title="bbox 438 469 1289 550; baseline 0.005 -17"><span class='ocrx_word' id='word_1_1' title='bbox 438 487 483 533; x_wconf 84' lang='lat' dir='ltr'>nr</span> <span class='ocrx_word' id='word_1_2' title='bbox 504 486 585 534; x_wconf 76' lang='lat' dir='ltr'>nnn.</span> <span class='ocrx_word' id='word_1_3' title='bbox 607 486 671 533; x_wconf 84' lang='lat' dir='ltr'>ms.</span> <span class='ocrx_word' id='word_1_4' title='bbox 694 487 729 532; x_wconf 91' lang='lat'>111</span> <span class='ocrx_word' id='word_1_5' title='bbox 752 487 825 534; x_wconf 77' lang='lat' dir='ltr'>usn.</span> <span class='ocrx_word' id='word_1_6' title='bbox 848 489 921 537; x_wconf 84' lang='lat' dir='ltr'>o-o.</span> <span class='ocrx_word' id='word_1_7' title='bbox 937 486 1069 550; x_wconf 80' lang='lat' dir='ltr'>(so-ao)</span> <span class='ocrx_word' id='word_1_8' title='bbox 1096 477 1097 480; x_wconf 76' lang='grc'>’</span> <span class='ocrx_word' id='word_1_9' title='bbox 1225 469 1289 537; x_wconf 78' lang='grc'>393</span> 
     </span>
    </p>
   </div>
   <div class='ocr_carea' id='block_1_2' title="bbox 215 654 1329 1449">
    <p class='ocr_par' dir='ltr' id='par_1_2' title="bbox 215 654 1290 1025">
     <span class='ocr_line' id='line_1_2' title="bbox 216 654 1290 737; baseline 0.002 -18"><span class='ocrx_word' id='word_1_10' title='bbox 216 659 248 720; x_wconf 91' lang='lat' dir='ltr'>et</span> <span class='ocrx_word' id='word_1_11' title='bbox 268 655 348 719; x_wconf 91' lang='lat' dir='ltr'>bene</span> <span class='ocrx_word' id='word_1_12' title='bbox 370 656 410 719; x_wconf 87' lang='lat' dir='ltr'>de</span> <span class='ocrx_word' id='word_1_13' title='bbox 431 672 501 719; x_wconf 88' lang='lat' dir='ltr'>sese</span> <span class='ocrx_word' id='word_1_14' title='bbox 517 655 664 735; x_wconf 89' lang='lat' dir='ltr'>iudicare,</span> <span class='ocrx_word' id='word_1_15' title='bbox 686 662 828 720; x_wconf 85' lang='lat' dir='ltr'>statuens</span> <span class='ocrx_word' id='word_1_16' title='bbox 845 654 920 720; x_wconf 88' lang='lat' dir='ltr'>nihil</span> <span class='ocrx_word' id='word_1_17' title='bbox 941 673 1036 737; x_wconf 88' lang='lat' dir='ltr'>posse</span> <span class='ocrx_word' id='word_1_18' title='bbox 1058 655 1129 721; x_wconf 89' lang='lat' dir='ltr'>mali</span> <span class='ocrx_word' id='word_1_19' title='bbox 1152 655 1290 721; x_wconf 86' lang='lat' dir='ltr'>inuidere</span> 
     </span>
     <span class='ocr_line' id='line_1_3' title="bbox 215 755 1289 839; baseline 0.001 -18"><span class='ocrx_word' id='word_1_20' title='bbox 215 756 357 839; x_wconf 81' lang='lat' dir='ltr'><strong>sapienti.</strong></span> <span class='ocrx_word' id='word_1_21' title='bbox 390 756 437 820; x_wconf 83' lang='lat' dir='ltr'>Ex</span> <span class='ocrx_word' id='word_1_22' title='bbox 454 774 516 837; x_wconf 90' lang='lat' dir='ltr'>quo</span> <span class='ocrx_word' id='word_1_23' title='bbox 538 755 726 839; x_wconf 81' lang='lat' dir='ltr'>intellegitur</span> <span class='ocrx_word' id='word_1_24' title='bbox 746 757 828 821; x_wconf 90' lang='lat' dir='ltr'>idem</span> <span class='ocrx_word' id='word_1_25' title='bbox 845 757 930 836; x_wconf 91' lang='lat' dir='ltr'>illud,</span> <span class='ocrx_word' id='word_1_26' title='bbox 952 756 1051 822; x_wconf 86' lang='lat' dir='ltr'>solum</span> <span class='ocrx_word' id='word_1_27' title='bbox 1074 756 1188 822; x_wconf 91' lang='lat' dir='ltr'>bonum</span> <span class='ocrx_word' id='word_1_28' title='bbox 1211 775 1289 837; x_wconf 70' lang='lat' dir='ltr'>essa</span> 
     </span>
     <span class='ocr_line' id='line_1_4' title="bbox 215 858 1289 940; baseline 0.002 -18"><span class='ocrx_word' id='word_1_29' title='bbox 215 860 298 939; x_wconf 89' lang='lat' dir='ltr'>quod</span> <span class='ocrx_word' id='word_1_30' title='bbox 321 859 485 923; x_wconf 89' lang='lat' dir='ltr'>honestum</span> <span class='ocrx_word' id='word_1_31' title='bbox 508 859 557 935; x_wconf 87' lang='lat' dir='ltr'>sit,</span> <span class='ocrx_word' id='word_1_32' title='bbox 578 859 673 940; x_wconf 87' lang='lat' dir='ltr'>idque</span> <span class='ocrx_word' id='word_1_33' title='bbox 694 877 764 924; x_wconf 90' lang='lat' dir='ltr'>esse</span> <span class='ocrx_word' id='word_1_34' title='bbox 780 859 869 924; x_wconf 88' lang='lat' dir='ltr'>beate</span> <span class='ocrx_word' id='word_1_35' title='bbox 886 858 999 939; x_wconf 83' lang='lat' dir='ltr'>vivere,</span> <span class='ocrx_word' id='word_1_36' title='bbox 1022 858 1162 939; x_wconf 78' lang='lat' dir='ltr'>honeste,</span> <span class='ocrx_word' id='word_1_37' title='bbox 1183 860 1289 940; x_wconf 86' lang='lat' dir='ltr'>idest,</span> 
     </span>
     <span class='ocr_line' id='line_1_5' title="bbox 215 960 556 1025; baseline 0 -1"><span class='ocrx_word' id='word_1_38' title='bbox 215 978 284 1024; x_wconf 80' lang='lat' dir='ltr'>oum</span> <span class='ocrx_word' id='word_1_39' title='bbox 307 961 422 1025; x_wconf 88' lang='lat' dir='ltr'>virtute</span> <span class='ocrx_word' id='word_1_40' title='bbox 443 960 556 1025; x_wconf 87' lang='lat' dir='ltr'>vivere.</span> 
     </span>
    </p>

    <p class='ocr_par' dir='ltr' id='par_1_3' title="bbox 216 1061 1329 1449">
     <span class='ocr_line' id='line_1_6' title="bbox 300 1061 1329 1144; baseline 0.002 -18"><span class='ocrx_word' id='word_1_41' title='bbox 300 1061 355 1126; x_wconf 83' lang='lat' dir='ltr'>IX.</span> <span class='ocrx_word' id='word_1_42' title='bbox 378 1063 427 1126; x_wconf 86' lang='lat'>30.</span> <span class='ocrx_word' id='word_1_43' title='bbox 450 1063 516 1127; x_wconf 89' lang='lat' dir='ltr'>Nec</span> <span class='ocrx_word' id='word_1_44' title='bbox 538 1081 612 1126; x_wconf 87' lang='lat' dir='ltr'>vero</span> <span class='ocrx_word' id='word_1_45' title='bbox 633 1063 758 1144; x_wconf 78' lang='lat' dir='ltr'>ignoro,</span> <span class='ocrx_word' id='word_1_46' title='bbox 788 1062 893 1127; x_wconf 89' lang='lat' dir='ltr'>varias</span> <span class='ocrx_word' id='word_1_47' title='bbox 914 1062 1171 1144; x_wconf 91' lang='lat' dir='ltr'>philosophorum</span> <span class='ocrx_word' id='word_1_48' title='bbox 1192 1061 1329 1129; x_wconf 82' lang='lat' dir='ltr'>luisse5</span> 
     </span>
     <span class='ocr_line' id='line_1_7' title="bbox 216 1164 1290 1247; baseline 0.002 -20"><span class='ocrx_word' id='word_1_49' title='bbox 216 1164 397 1240; x_wconf 79' lang='lat' dir='ltr'>sententiae,</span> <span class='ocrx_word' id='word_1_50' title='bbox 419 1182 526 1228; x_wconf 88' lang='lat' dir='ltr'>eorum</span> <span class='ocrx_word' id='word_1_51' title='bbox 549 1165 628 1244; x_wconf 88' lang='lat' dir='ltr'>dieo,</span> <span class='ocrx_word' id='word_1_52' title='bbox 650 1166 704 1245; x_wconf 88' lang='lat' dir='ltr'>qui</span> <span class='ocrx_word' id='word_1_53' title='bbox 726 1182 878 1229; x_wconf 88' lang='lat' dir='ltr'>summum</span> <span class='ocrx_word' id='word_1_54' title='bbox 902 1165 1025 1244; x_wconf 91' lang='lat' dir='ltr'>bonum,</span> <span class='ocrx_word' id='word_1_55' title='bbox 1047 1165 1133 1247; x_wconf 91' lang='lat' dir='ltr'>quod</span> <span class='ocrx_word' id='word_1_56' title='bbox 1148 1165 1290 1230; x_wconf 89' lang='lat' dir='ltr'>ultimum</span> 
     </span>
     <span class='ocr_line' id='line_1_8' title="bbox 216 1264 1289 1349; baseline 0.002 -21"><span class='ocrx_word' id='word_1_57' title='bbox 216 1264 350 1346; x_wconf 90' lang='lat' dir='ltr'>appello,</span> <span class='ocrx_word' id='word_1_58' title='bbox 366 1265 398 1328; x_wconf 93' lang='lat' dir='ltr'>in</span> <span class='ocrx_word' id='word_1_59' title='bbox 414 1265 517 1329; x_wconf 88' lang='lat' dir='ltr'>animo</span> <span class='ocrx_word' id='word_1_60' title='bbox 534 1272 696 1347; x_wconf 85' lang='lat' dir='ltr'>ponerent.</span> <span class='ocrx_word' id='word_1_61' title='bbox 729 1268 817 1345; x_wconf 83' lang='lat' dir='ltr'>Quae</span> <span class='ocrx_word' id='word_1_62' title='bbox 833 1284 1019 1348; x_wconf 89' lang='lat' dir='ltr'>quamquam</span> <span class='ocrx_word' id='word_1_63' title='bbox 1036 1266 1147 1332; x_wconf 86' lang='lat' dir='ltr'>vitiose</span> <span class='ocrx_word' id='word_1_64' title='bbox 1163 1266 1289 1349; x_wconf 89' lang='lat' dir='ltr'>quidam</span> 
     </span>
     <span class='ocr_line' id='line_1_9' title="bbox 216 1367 1290 1449; baseline 0.002 -19"><span class='ocrx_word' id='word_1_65' title='bbox 216 1367 317 1431; x_wconf 80' lang='lat' dir='ltr'>secuti</span> <span class='ocrx_word' id='word_1_66' title='bbox 336 1374 418 1446; x_wconf 85' lang='lat' dir='ltr'>sunt,</span> <span class='ocrx_word' id='word_1_67' title='bbox 435 1374 613 1433; x_wconf 90' lang='lat' dir='ltr'>tamennon</span> <span class='ocrx_word' id='word_1_68' title='bbox 629 1368 721 1432; x_wconf 90' lang='lat' dir='ltr'>modo</span> <span class='ocrx_word' id='word_1_69' title='bbox 736 1367 774 1431; x_wconf 89' lang='lat' dir='ltr'>iis</span> <span class='ocrx_word' id='word_1_70' title='bbox 787 1367 894 1447; x_wconf 90' lang='lat' dir='ltr'>tribus,</span> <span class='ocrx_word' id='word_1_71' title='bbox 911 1369 964 1449; x_wconf 91' lang='lat' dir='ltr'>qui</span> <span class='ocrx_word' id='word_1_72' title='bbox 976 1369 1122 1435; x_wconf 76' lang='lat' dir='ltr'>virtmem</span> <span class='ocrx_word' id='word_1_73' title='bbox 1137 1388 1159 1432; x_wconf 89' lang='lat' dir='ltr'>a</span> <span class='ocrx_word' id='word_1_74' title='bbox 1169 1387 1290 1433; x_wconf 90' lang='lat' dir='ltr'>summo</span> 
     </span>
    </p>
   </div>
   <div class='ocr_carea' id='block_1_3' title="bbox 213 1536 1292 1877">
    <p class='ocr_par' dir='ltr' id='par_1_4' title="bbox 213 1536 1292 1877">
     <span class='ocr_line' id='line_1_10' title="bbox 289 1536 1288 1603; baseline 0.005 -18"><span class='ocrx_word' id='word_1_75' title='bbox 289 1541 307 1585; x_wconf 87' lang='grc'>1.</span> <span class='ocrx_word' id='word_1_76' title='bbox 327 1537 392 1588; x_wconf 76' lang='lat' dir='ltr'>rec</span> <span class='ocrx_word' id='word_1_77' title='bbox 427 1537 487 1587; x_wconf 79' lang='lat' dir='ltr'>mati</span> <span class='ocrx_word' id='word_1_78' title='bbox 499 1555 571 1602; x_wconf 79' lang='lat' dir='ltr'>pomo</span> <span class='ocrx_word' id='word_1_79' title='bbox 588 1537 684 1587; x_wconf 84' lang='lat' dir='ltr'>LPMR</span> <span class='ocrx_word' id='word_1_80' title='bbox 708 1536 794 1586; x_wconf 83' lang='lat' dir='ltr'>malam</span> <span class='ocrx_word' id='word_1_81' title='bbox 809 1538 920 1601; x_wconf 81' lang='lat' dir='ltr'>posseC</span> <span class='ocrx_word' id='word_1_82' title='bbox 954 1537 1176 1602; x_wconf 63' lang='lat' dir='ltr'>supreminentem</span> <span class='ocrx_word' id='word_1_83' title='bbox 1194 1539 1214 1588; x_wconf 91' lang='lat' dir='ltr'>P</span> <span class='ocrx_word' id='word_1_84' title='bbox 1235 1554 1288 1603; x_wconf 76' lang='lat' dir='ltr'>sap.</span> 
     </span>
     <span class='ocr_line' id='line_1_11' title="bbox 217 1604 1292 1671; baseline 0.002 -17"><span class='ocrx_word' id='word_1_85' title='bbox 217 1619 264 1654; x_wconf 91' lang='lat' dir='ltr'>om.</span> <span class='ocrx_word' id='word_1_86' title='bbox 286 1605 306 1654; x_wconf 86' lang='lat' dir='ltr'>C</span> <span class='ocrx_word' id='word_1_87' title='bbox 344 1611 358 1654; x_wconf 77' lang='lat'>2</span> <span class='ocrx_word' id='word_1_88' title='bbox 386 1605 412 1654; x_wconf 77' lang='lat' dir='ltr'>id</span> <span class='ocrx_word' id='word_1_89' title='bbox 428 1616 462 1655; x_wconf 75' lang='lat' dir='ltr'>est</span> <span class='ocrx_word' id='word_1_90' title='bbox 480 1607 536 1671; x_wconf 87' lang='lat' dir='ltr'>(pro</span> <span class='ocrx_word' id='word_1_91' title='bbox 554 1606 625 1670; x_wconf 79' lang='lat' dir='ltr'>idem)</span> <span class='ocrx_word' id='word_1_92' title='bbox 644 1607 667 1654; x_wconf 79' lang='grc' dir='ltr'><strong>Ε</strong></span> <span class='ocrx_word' id='word_1_93' title='bbox 702 1611 717 1653; x_wconf 80' lang='grc'>3</span> <span class='ocrx_word' id='word_1_94' title='bbox 744 1605 838 1655; x_wconf 79' lang='lat' dir='ltr'>honeste</span> <span class='ocrx_word' id='word_1_95' title='bbox 856 1622 906 1654; x_wconf 80' lang='lat' dir='ltr'>om.</span> <span class='ocrx_word' id='word_1_96' title='bbox 925 1607 946 1654; x_wconf 82' lang='lat' dir='ltr'>E</span> <span class='ocrx_word' id='word_1_97' title='bbox 966 1614 989 1656; x_wconf 83' lang='lat' dir='ltr'>et</span> <span class='ocrx_word' id='word_1_98' title='bbox 1005 1606 1099 1656; x_wconf 67' lang='lat' dir='ltr'>donate</span> <span class='ocrx_word' id='word_1_99' title='bbox 1117 1607 1192 1657; x_wconf 81' lang='lat' dir='ltr'>Mea</span> <span class='ocrx_word' id='word_1_100' title='bbox 1226 1614 1248 1656; x_wconf 83' lang='lat' dir='ltr'>et</span> <span class='ocrx_word' id='word_1_101' title='bbox 1265 1604 1292 1656; x_wconf 81' lang='lat' dir='ltr'>r&#39;d</span> 
     </span>
     <span class='ocr_line' id='line_1_12' title="bbox 216 1673 1289 1739; baseline 0.003 -17"><span class='ocrx_word' id='word_1_102' title='bbox 216 1690 267 1722; x_wconf 82' lang='lat' dir='ltr'>cum</span> <span class='ocrx_word' id='word_1_103' title='bbox 285 1674 369 1724; x_wconf 66' lang='lat' dir='ltr'>uidete</span> <span class='ocrx_word' id='word_1_104' title='bbox 387 1683 422 1723; x_wconf 77' lang='lat' dir='ltr'>eat</span> <span class='ocrx_word' id='word_1_105' title='bbox 440 1679 496 1739; x_wconf 88' lang='lat' dir='ltr'>(pro</span> <span class='ocrx_word' id='word_1_106' title='bbox 515 1673 541 1723; x_wconf 82' lang='lat' dir='ltr'>r&#39;d</span> <span class='ocrx_word' id='word_1_107' title='bbox 556 1682 591 1724; x_wconf 77' lang='lat' dir='ltr'>eu</span> <span class='ocrx_word' id='word_1_108' title='bbox 608 1691 628 1724; x_wconf 90' lang='lat' dir='ltr'>c.</span> <span class='ocrx_word' id='word_1_109' title='bbox 647 1674 717 1738; x_wconf 68' lang='lat' dir='ltr'>ulla</span> <span class='ocrx_word' id='word_1_110' title='bbox 753 1679 776 1722; x_wconf 69' lang='grc'>6.</span> <span class='ocrx_word' id='word_1_111' title='bbox 795 1690 873 1723; x_wconf 78' lang='lat' dir='ltr'>uanus</span> <span class='ocrx_word' id='word_1_112' title='bbox 891 1675 947 1738; x_wconf 83' lang='lat' dir='ltr'>(pro</span> <span class='ocrx_word' id='word_1_113' title='bbox 964 1675 1048 1723; x_wconf 66' lang='lat' dir='ltr'>narras</span> <span class='ocrx_word' id='word_1_114' title='bbox 1060 1674 1091 1738; x_wconf 84' lang='lat' dir='ltr'>P)</span> <span class='ocrx_word' id='word_1_115' title='bbox 1128 1679 1149 1724; x_wconf 74' lang='grc'>8,</span> <span class='ocrx_word' id='word_1_116' title='bbox 1169 1692 1289 1725; x_wconf 76' lang='lat' dir='ltr'>eonem-</span> 
     </span>
     <span class='ocr_line' id='line_1_13' title="bbox 213 1741 1291 1807; baseline 0.003 -17"><span class='ocrx_word' id='word_1_117' title='bbox 213 1751 327 1807; x_wconf 80' lang='lat' dir='ltr'>ponerem</span> <span class='ocrx_word' id='word_1_118' title='bbox 349 1742 448 1792; x_wconf 83' lang='lat' dir='ltr'>Nonius</span> <span class='ocrx_word' id='word_1_119' title='bbox 470 1758 493 1806; x_wconf 66' lang='lat' dir='ltr'>p,</span> <span class='ocrx_word' id='word_1_120' title='bbox 512 1747 559 1791; x_wconf 78' lang='grc'>417</span> <span class='ocrx_word' id='word_1_121' title='bbox 583 1741 727 1807; x_wconf 78' lang='lat' dir='ltr'>(appellunt)</span> <span class='ocrx_word' id='word_1_122' title='bbox 787 1745 808 1793; x_wconf 86' lang='grc'>7.</span> <span class='ocrx_word' id='word_1_123' title='bbox 832 1759 894 1806; x_wconf 78' lang='lat' dir='ltr'>quos</span> <span class='ocrx_word' id='word_1_124' title='bbox 916 1759 1059 1806; x_wconf 79' lang='lat' dir='ltr'>quarnpuarn</span> <span class='ocrx_word' id='word_1_125' title='bbox 1081 1741 1201 1794; x_wconf 80' lang='lat' dir='ltr'>LPMCR</span> <span class='ocrx_word' id='word_1_126' title='bbox 1225 1746 1291 1807; x_wconf 77' lang='lat' dir='ltr'>(lues</span> 
     </span>
     <span class='ocr_line' id='line_1_14' title="bbox 217 1809 903 1877; baseline -0.001 -18"><span class='ocrx_word' id='word_1_127' title='bbox 217 1826 360 1874; x_wconf 77' lang='lat' dir='ltr'>quamquam</span> <span class='ocrx_word' id='word_1_128' title='bbox 379 1810 422 1861; x_wconf 83' lang='lat' dir='ltr'>Or,</span> <span class='ocrx_word' id='word_1_129' title='bbox 458 1809 548 1875; x_wconf 76' lang='lat' dir='ltr'>quidem</span> <span class='ocrx_word' id='word_1_130' title='bbox 569 1811 590 1858; x_wconf 75' lang='lat' dir='ltr'>t:</span> <span class='ocrx_word' id='word_1_131' title='bbox 626 1817 648 1861; x_wconf 78' lang='grc'>8,</span> <span class='ocrx_word' id='word_1_132' title='bbox 667 1810 703 1858; x_wconf 75' lang='lat' dir='ltr'>tu</span> <span class='ocrx_word' id='word_1_133' title='bbox 723 1810 903 1877; x_wconf 60' lang='lat' dir='ltr'>[emarcus</span> 
     </span>
    </p>
   </div>
   <div class='ocr_carea' id='block_1_4' title="bbox 216 1965 1367 4431">
    <p class='ocr_par' dir='ltr' id='par_1_5' title="bbox 216 1965 1293 2385">
     <span class='ocr_line' id='line_1_15' title="bbox 302 1965 1291 2043; baseline 0.003 -21"><span class='ocrx_word' id='word_1_134' title='bbox 302 1968 385 2042; x_wconf 78' lang='lat' dir='ltr'>idque</span> <span class='ocrx_word' id='word_1_135' title='bbox 412 1985 469 2023; x_wconf 78' lang='lat' dir='ltr'>ease</span> <span class='ocrx_word' id='word_1_136' title='bbox 495 1967 569 2024; x_wconf 81' lang='lat' dir='ltr'>beate</span> <span class='ocrx_word' id='word_1_137' title='bbox 594 1969 694 2036; x_wconf 74' lang='lat' dir='ltr'>mirere,</span> <span class='ocrx_word' id='word_1_138' title='bbox 724 1965 842 2043; x_wconf 75' lang='lat' dir='ltr'>honeste)</span> <span class='ocrx_word' id='word_1_139' title='bbox 871 1967 936 2037; x_wconf 86' lang='lat' dir='ltr'>Sic,</span> <span class='ocrx_word' id='word_1_140' title='bbox 965 1977 997 2025; x_wconf 91' lang='lat' dir='ltr'>ut</span> <span class='ocrx_word' id='word_1_141' title='bbox 1024 1966 1157 2024; x_wconf 78' lang='lat' dir='ltr'>ediderat</span> <span class='ocrx_word' id='word_1_142' title='bbox 1183 1965 1291 2038; x_wconf 82' lang='lat' dir='ltr'>Aldus,</span> 
     </span>
     <span class='ocr_line' id='line_1_16' title="bbox 217 2049 1291 2129; baseline 0 -19"><span class='ocrx_word' id='word_1_143' title='bbox 217 2050 364 2111; x_wconf 80' lang='lat' dir='ltr'>Gruterus</span> <span class='ocrx_word' id='word_1_144' title='bbox 386 2050 439 2129; x_wconf 88' lang='lat' dir='ltr'>[ex</span> <span class='ocrx_word' id='word_1_145' title='bbox 462 2049 506 2127; x_wconf 88' lang='lat' dir='ltr'>A]</span> <span class='ocrx_word' id='word_1_146' title='bbox 529 2060 557 2108; x_wconf 88' lang='lat' dir='ltr'>et</span> <span class='ocrx_word' id='word_1_147' title='bbox 581 2052 722 2109; x_wconf 79' lang='lat' dir='ltr'>Davisius</span> <span class='ocrx_word' id='word_1_148' title='bbox 743 2051 847 2125; x_wconf 87' lang='lat' dir='ltr'>tacite,</span> <span class='ocrx_word' id='word_1_149' title='bbox 870 2051 964 2111; x_wconf 85' lang='lat' dir='ltr'>Gzius</span> <span class='ocrx_word' id='word_1_150' title='bbox 986 2072 1002 2110; x_wconf 87' lang='lat' dir='ltr'>e</span> <span class='ocrx_word' id='word_1_151' title='bbox 1025 2051 1105 2111; x_wconf 88' lang='lat' dir='ltr'>Gud.</span> <span class='ocrx_word' id='word_1_152' title='bbox 1128 2053 1147 2110; x_wconf 76' lang='lat'><strong>2</strong></span> <span class='ocrx_word' id='word_1_153' title='bbox 1170 2062 1200 2109; x_wconf 88' lang='lat' dir='ltr'>et</span> <span class='ocrx_word' id='word_1_154' title='bbox 1222 2051 1291 2110; x_wconf 84' lang='lat' dir='ltr'>Bas.</span> 
     </span>
     <span class='ocr_line' id='line_1_17' title="bbox 218 2137 1293 2213; baseline 0.001 -19"><span class='ocrx_word' id='word_1_155' title='bbox 218 2138 254 2194; x_wconf 88' lang='lat' dir='ltr'>Id</span> <span class='ocrx_word' id='word_1_156' title='bbox 275 2137 467 2213; x_wconf 86' lang='lat' dir='ltr'>praeponitur</span> <span class='ocrx_word' id='word_1_157' title='bbox 489 2155 554 2194; x_wconf 87' lang='lat' dir='ltr'>cum</span> <span class='ocrx_word' id='word_1_158' title='bbox 574 2137 700 2212; x_wconf 88' lang='lat' dir='ltr'>quodam</span> <span class='ocrx_word' id='word_1_159' title='bbox 718 2138 857 2212; x_wconf 85' lang='lat' dir='ltr'>pondere,</span> <span class='ocrx_word' id='word_1_160' title='bbox 881 2138 928 2195; x_wconf 90' lang='lat' dir='ltr'>cui</span> <span class='ocrx_word' id='word_1_161' title='bbox 952 2138 1056 2194; x_wconf 89' lang='lat' dir='ltr'>deinde</span> <span class='ocrx_word' id='word_1_162' title='bbox 1079 2137 1205 2196; x_wconf 83' lang='lat' dir='ltr'>adicitur</span> <span class='ocrx_word' id='word_1_163' title='bbox 1226 2137 1293 2212; x_wconf 85' lang='lat' dir='ltr'>ipsa</span> 
     </span>
     <span class='ocr_line' id='line_1_18' title="bbox 217 2216 1292 2293; baseline 0 -14"><span class='ocrx_word' id='word_1_164' title='bbox 217 2241 278 2280; x_wconf 86' lang='lat' dir='ltr'>res:</span> <span class='ocrx_word' id='word_1_165' title='bbox 301 2216 410 2280; x_wconf 71' lang='lat' dir='ltr'>honeste</span> <span class='ocrx_word' id='word_1_166' title='bbox 430 2255 470 2266; x_wconf 89' lang='lat'>-</span> <span class='ocrx_word' id='word_1_167' title='bbox 493 2225 592 2292; x_wconf 58' lang='lat' dir='ltr'>vivam</span> <span class='ocrx_word' id='word_1_168' title='bbox 616 2223 674 2281; x_wconf 88' lang='lat' dir='ltr'>vid.</span> <span class='ocrx_word' id='word_1_169' title='bbox 693 2222 730 2279; x_wconf 85' lang='lat' dir='ltr'>ad</span> <span class='ocrx_word' id='word_1_170' title='bbox 744 2223 781 2293; x_wconf 91' lang='lat' dir='ltr'>V,</span> <span class='ocrx_word' id='word_1_171' title='bbox 798 2223 846 2279; x_wconf 87' lang='lat'>19.</span> <span class='ocrx_word' id='word_1_172' title='bbox 879 2223 915 2281; x_wconf 90' lang='lat' dir='ltr'>In</span> <span class='ocrx_word' id='word_1_173' title='bbox 927 2223 1008 2282; x_wconf 88' lang='lat' dir='ltr'>Oxx.</span> <span class='ocrx_word' id='word_1_174' title='bbox 1021 2223 1158 2282; x_wconf 89' lang='lat' dir='ltr'>omnibus</span> <span class='ocrx_word' id='word_1_175' title='bbox 1175 2222 1292 2281; x_wconf 86' lang='lat' dir='ltr'>videtur</span> 
     </span>
     <span class='ocr_line' id='line_1_19' title="bbox 216 2306 802 2385; baseline 0.003 -20"><span class='ocrx_word' id='word_1_176' title='bbox 216 2306 308 2366; x_wconf 82' lang='lat' dir='ltr'>fuisse</span> <span class='ocrx_word' id='word_1_177' title='bbox 331 2318 355 2364; x_wconf 85' lang='lat' dir='ltr'>et</span> <span class='ocrx_word' id='word_1_178' title='bbox 377 2309 482 2365; x_wconf 78' lang='lat' dir='ltr'>honeste</span> <span class='ocrx_word' id='word_1_179' title='bbox 505 2307 582 2382; x_wconf 89' lang='lat' dir='ltr'>Spir.</span> <span class='ocrx_word' id='word_1_180' title='bbox 607 2306 663 2385; x_wconf 90' lang='lat' dir='ltr'>[B]</span> <span class='ocrx_word' id='word_1_181' title='bbox 685 2316 719 2364; x_wconf 93' lang='lat' dir='ltr'>ut</span> <span class='ocrx_word' id='word_1_182' title='bbox 740 2308 802 2367; x_wconf 81' lang='lat' dir='ltr'>Erl.</span> 
     </span>
    </p>

    <p class='ocr_par' dir='ltr' id='par_1_6' title="bbox 216 2390 1295 3919">
     <span class='ocr_line' id='line_1_20' title="bbox 303 2390 1292 2472; baseline -0.002 -21"><span class='ocrx_word' id='word_1_183' title='bbox 303 2392 376 2467; x_wconf 85' lang='lat' dir='ltr'>Cap.</span> <span class='ocrx_word' id='word_1_184' title='bbox 398 2394 456 2464; x_wconf 87' lang='lat' dir='ltr'>IX,</span> <span class='ocrx_word' id='word_1_185' title='bbox 481 2392 530 2449; x_wconf 77' lang='lat'>30,</span> <span class='ocrx_word' id='word_1_186' title='bbox 568 2391 644 2461; x_wconf 82' lang='lat' dir='ltr'>Quae</span> <span class='ocrx_word' id='word_1_187' title='bbox 665 2412 830 2468; x_wconf 77' lang='lat' dir='ltr'>quamquam</span> <span class='ocrx_word' id='word_1_188' title='bbox 853 2390 956 2472; x_wconf 68' lang='lat' dir='ltr'>vitiem)</span> <span class='ocrx_word' id='word_1_189' title='bbox 979 2391 1084 2470; x_wconf 63' lang='lat' dir='ltr'>[Quae</span> <span class='ocrx_word' id='word_1_190' title='bbox 1107 2392 1185 2468; x_wconf 91' lang='lat' dir='ltr'>quod</span> <span class='ocrx_word' id='word_1_191' title='bbox 1204 2402 1292 2450; x_wconf 88' lang='lat' dir='ltr'>antea</span> 
     </span>
     <span class='ocr_line' id='line_1_21' title="bbox 217 2477 1293 2548; baseline 0 -13"><span class='ocrx_word' id='word_1_192' title='bbox 217 2495 254 2535; x_wconf 84' lang='lat' dir='ltr'>ex</span> <span class='ocrx_word' id='word_1_193' title='bbox 277 2496 335 2536; x_wconf 90' lang='lat' dir='ltr'>uno</span> <span class='ocrx_word' id='word_1_194' title='bbox 358 2478 420 2535; x_wconf 86' lang='lat' dir='ltr'>Erl.</span> <span class='ocrx_word' id='word_1_195' title='bbox 444 2485 615 2543; x_wconf 85' lang='lat' dir='ltr'>annotatum</span> <span class='ocrx_word' id='word_1_196' title='bbox 639 2487 712 2548; x_wconf 84' lang='lat' dir='ltr'>erat,</span> <span class='ocrx_word' id='word_1_197' title='bbox 735 2496 811 2536; x_wconf 90' lang='lat' dir='ltr'>nunc</span> <span class='ocrx_word' id='word_1_198' title='bbox 833 2486 948 2535; x_wconf 89' lang='lat' dir='ltr'>constat</span> <span class='ocrx_word' id='word_1_199' title='bbox 971 2477 1058 2535; x_wconf 87' lang='lat' dir='ltr'>etiam</span> <span class='ocrx_word' id='word_1_200' title='bbox 1081 2477 1153 2536; x_wconf 82' lang='lat' dir='ltr'>inA</span> <span class='ocrx_word' id='word_1_201' title='bbox 1176 2495 1240 2535; x_wconf 87' lang='lat' dir='ltr'>esse</span> <span class='ocrx_word' id='word_1_202' title='bbox 1263 2486 1293 2535; x_wconf 85' lang='lat' dir='ltr'>et</span> 
     </span>
     <span class='ocr_line' id='line_1_22' title="bbox 216 2562 1292 2638; baseline 0 -18"><span class='ocrx_word' id='word_1_203' title='bbox 216 2563 246 2620; x_wconf 88' lang='lat' dir='ltr'>in</span> <span class='ocrx_word' id='word_1_204' title='bbox 266 2563 291 2620; x_wconf 94' lang='lat' dir='ltr'>B</span> <span class='ocrx_word' id='word_1_205' title='bbox 308 2563 393 2638; x_wconf 84' lang='lat' dir='ltr'>(que),</span> <span class='ocrx_word' id='word_1_206' title='bbox 415 2582 474 2621; x_wconf 91' lang='lat' dir='ltr'>non</span> <span class='ocrx_word' id='word_1_207' title='bbox 497 2572 576 2620; x_wconf 89' lang='lat' dir='ltr'>recte</span> <span class='ocrx_word' id='word_1_208' title='bbox 598 2562 726 2621; x_wconf 88' lang='lat' dir='ltr'>refertur</span> <span class='ocrx_word' id='word_1_209' title='bbox 747 2564 785 2620; x_wconf 89' lang='lat' dir='ltr'>ad</span> <span class='ocrx_word' id='word_1_210' title='bbox 806 2567 899 2620; x_wconf 79' lang='lat' dir='ltr'>varios</span> <span class='ocrx_word' id='word_1_211' title='bbox 920 2566 1073 2632; x_wconf 81' lang='lat' dir='ltr'>sententias,</span> <span class='ocrx_word' id='word_1_212' title='bbox 1096 2580 1171 2638; x_wconf 88' lang='lat' dir='ltr'>quae</span> <span class='ocrx_word' id='word_1_213' title='bbox 1193 2572 1292 2621; x_wconf 84' lang='lat' dir='ltr'>tamon</span> 
     </span>
     <span class='ocr_line' id='line_1_23' title="bbox 217 2646 1292 2724; baseline -0.001 -18"><span class='ocrx_word' id='word_1_214' title='bbox 217 2667 318 2706; x_wconf 90' lang='lat' dir='ltr'>omnes</span> <span class='ocrx_word' id='word_1_215' title='bbox 341 2667 430 2706; x_wconf 92' lang='lat' dir='ltr'>unum</span> <span class='ocrx_word' id='word_1_216' title='bbox 454 2656 583 2724; x_wconf 86' lang='lat' dir='ltr'>teneant,</span> <span class='ocrx_word' id='word_1_217' title='bbox 607 2650 742 2705; x_wconf 78' lang='lat' dir='ltr'>universe</span> <span class='ocrx_word' id='word_1_218' title='bbox 766 2649 807 2705; x_wconf 87' lang='lat' dir='ltr'>sic</span> <span class='ocrx_word' id='word_1_219' title='bbox 829 2648 1017 2724; x_wconf 82' lang='lat' dir='ltr'>significatas.</span> <span class='ocrx_word' id='word_1_220' title='bbox 1062 2649 1122 2706; x_wconf 92' lang='lat' dir='ltr'>Pro</span> <span class='ocrx_word' id='word_1_221' title='bbox 1145 2665 1190 2721; x_wconf 88' lang='lat' dir='ltr'>eo,</span> <span class='ocrx_word' id='word_1_222' title='bbox 1213 2646 1292 2723; x_wconf 91' lang='lat' dir='ltr'>quod</span> 
     </span>
     <span class='ocr_line' id='line_1_24' title="bbox 218 2732 1292 2810; baseline 0 -20"><span class='ocrx_word' id='word_1_223' title='bbox 218 2733 378 2792; x_wconf 86' lang='lat' dir='ltr'>deteriores</span> <span class='ocrx_word' id='word_1_224' title='bbox 400 2733 483 2792; x_wconf 85' lang='lat' dir='ltr'>codd.</span> <span class='ocrx_word' id='word_1_225' title='bbox 502 2733 622 2799; x_wconf 80' lang='lat' dir='ltr'>habent,</span> <span class='ocrx_word' id='word_1_226' title='bbox 645 2753 723 2808; x_wconf 83' lang='lat' dir='ltr'>quoa.</span> <span class='ocrx_word' id='word_1_227' title='bbox 749 2734 890 2791; x_wconf 76' lang='lat' dir='ltr'>Davisius</span> <span class='ocrx_word' id='word_1_228' title='bbox 913 2743 942 2791; x_wconf 88' lang='lat' dir='ltr'>et</span> <span class='ocrx_word' id='word_1_229' title='bbox 964 2733 1103 2810; x_wconf 85' lang='lat' dir='ltr'>deinceps</span> <span class='ocrx_word' id='word_1_230' title='bbox 1121 2732 1292 2792; x_wconf 82' lang='lat' dir='ltr'>omnesTh.</span> 
     </span>
     <span class='ocr_line' id='line_1_25' title="bbox 218 2817 1290 2894; baseline 0.001 -18"><span class='ocrx_word' id='word_1_231' title='bbox 218 2819 353 2876; x_wconf 87' lang='lat' dir='ltr'>Bentlaio</span> <span class='ocrx_word' id='word_1_232' title='bbox 370 2837 490 2876; x_wconf 87' lang='lat' dir='ltr'>suasore</span> <span class='ocrx_word' id='word_1_233' title='bbox 508 2818 688 2894; x_wconf 87' lang='lat' dir='ltr'>scripserunt</span> <span class='ocrx_word' id='word_1_234' title='bbox 707 2838 775 2894; x_wconf 80' lang='lat' dir='ltr'>quos</span> <span class='ocrx_word' id='word_1_235' title='bbox 787 2819 877 2894; x_wconf 89' lang='lat' dir='ltr'>(quod</span> <span class='ocrx_word' id='word_1_236' title='bbox 890 2817 984 2877; x_wconf 86' lang='lat' dir='ltr'>Gzius</span> <span class='ocrx_word' id='word_1_237' title='bbox 1005 2817 1082 2877; x_wconf 82' lang='lat' dir='ltr'>falso</span> <span class='ocrx_word' id='word_1_238' title='bbox 1104 2819 1134 2875; x_wconf 90' lang='lat' dir='ltr'>in</span> <span class='ocrx_word' id='word_1_239' title='bbox 1152 2817 1197 2875; x_wconf 88' lang='lat' dir='ltr'>ed.</span> <span class='ocrx_word' id='word_1_240' title='bbox 1209 2817 1290 2878; x_wconf 88' lang='lat' dir='ltr'>Crat.</span> 
     </span>
     <span class='ocr_line' id='line_1_26' title="bbox 217 2903 1292 2981; baseline -0.001 -20"><span class='ocrx_word' id='word_1_241' title='bbox 217 2922 281 2961; x_wconf 86' lang='lat' dir='ltr'>esse</span> <span class='ocrx_word' id='word_1_242' title='bbox 304 2904 401 2976; x_wconf 83' lang='lat' dir='ltr'>dicit),</span> <span class='ocrx_word' id='word_1_243' title='bbox 430 2923 487 2962; x_wconf 92' lang='lat' dir='ltr'>non</span> <span class='ocrx_word' id='word_1_244' title='bbox 516 2904 589 2960; x_wconf 84' lang='lat' dir='ltr'>setis</span> <span class='ocrx_word' id='word_1_245' title='bbox 616 2904 699 2981; x_wconf 81' lang='lat' dir='ltr'>gravi</span> <span class='ocrx_word' id='word_1_246' title='bbox 722 2905 758 2960; x_wconf 89' lang='lat' dir='ltr'>de</span> <span class='ocrx_word' id='word_1_247' title='bbox 781 2922 884 2973; x_wconf 80' lang='lat' dir='ltr'>cansa3</span> <span class='ocrx_word' id='word_1_248' title='bbox 912 2923 979 2960; x_wconf 83' lang='lat' dir='ltr'>narn</span> <span class='ocrx_word' id='word_1_249' title='bbox 1007 2903 1065 2980; x_wconf 84' lang='lat' dir='ltr'>ipsi</span> <span class='ocrx_word' id='word_1_250' title='bbox 1088 2921 1204 2979; x_wconf 87' lang='lat' dir='ltr'>quoque</span> <span class='ocrx_word' id='word_1_251' title='bbox 1227 2921 1292 2960; x_wconf 87' lang='lat' dir='ltr'>sen-</span> 
     </span>
     <span class='ocr_line' id='line_1_27' title="bbox 217 2988 1293 3064; baseline 0.001 -20"><span class='ocrx_word' id='word_1_252' title='bbox 217 2989 374 3046; x_wconf 88' lang='lat' dir='ltr'>tentiarum</span> <span class='ocrx_word' id='word_1_253' title='bbox 391 2998 527 3046; x_wconf 80' lang='lat' dir='ltr'>auctores</span> <span class='ocrx_word' id='word_1_254' title='bbox 545 3007 594 3045; x_wconf 88' lang='lat' dir='ltr'>eas</span> <span class='ocrx_word' id='word_1_255' title='bbox 611 2990 818 3064; x_wconf 88' lang='lat' dir='ltr'>sequebantur.</span> <span class='ocrx_word' id='word_1_256' title='bbox 854 2988 913 3048; x_wconf 89' lang='lat' dir='ltr'>Sed</span> <span class='ocrx_word' id='word_1_257' title='bbox 936 2989 965 3045; x_wconf 92' lang='lat' dir='ltr'>in</span> <span class='ocrx_word' id='word_1_258' title='bbox 985 2989 1121 3046; x_wconf 89' lang='lat' dir='ltr'>omnibus</span> <span class='ocrx_word' id='word_1_259' title='bbox 1138 2988 1184 3046; x_wconf 87' lang='lat' dir='ltr'>his</span> <span class='ocrx_word' id='word_1_260' title='bbox 1201 2989 1293 3064; x_wconf 90' lang='lat' dir='ltr'>scrip·</span> 
     </span>
     <span class='ocr_line' id='line_1_28' title="bbox 217 3073 1293 3149; baseline 0 -19"><span class='ocrx_word' id='word_1_261' title='bbox 217 3074 291 3130; x_wconf 89' lang='lat' dir='ltr'>turis</span> <span class='ocrx_word' id='word_1_262' title='bbox 313 3075 368 3130; x_wconf 93' lang='lat' dir='ltr'>hoc</span> <span class='ocrx_word' id='word_1_263' title='bbox 391 3084 435 3131; x_wconf 91' lang='lat' dir='ltr'>est</span> <span class='ocrx_word' id='word_1_264' title='bbox 457 3075 537 3145; x_wconf 81' lang='lat' dir='ltr'>uitii,</span> <span class='ocrx_word' id='word_1_265' title='bbox 566 3075 644 3149; x_wconf 90' lang='lat' dir='ltr'>quod</span> <span class='ocrx_word' id='word_1_266' title='bbox 667 3075 720 3141; x_wconf 90' lang='lat' dir='ltr'>illi,</span> <span class='ocrx_word' id='word_1_267' title='bbox 742 3094 865 3149; x_wconf 88' lang='lat' dir='ltr'>quorum</span> <span class='ocrx_word' id='word_1_268' title='bbox 889 3093 960 3131; x_wconf 90' lang='lat' dir='ltr'>suae</span> <span class='ocrx_word' id='word_1_269' title='bbox 983 3074 1108 3149; x_wconf 88' lang='lat' dir='ltr'>quisque</span> <span class='ocrx_word' id='word_1_270' title='bbox 1130 3073 1293 3131; x_wconf 86' lang='lat' dir='ltr'>sententiae</span> 
     </span>
     <span class='ocr_line' id='line_1_29' title="bbox 217 3159 1291 3229; baseline 0.002 -14"><span class='ocrx_word' id='word_1_271' title='bbox 217 3168 320 3216; x_wconf 87' lang='lat' dir='ltr'>auctor</span> <span class='ocrx_word' id='word_1_272' title='bbox 342 3169 414 3229; x_wconf 88' lang='lat' dir='ltr'>erat,</span> <span class='ocrx_word' id='word_1_273' title='bbox 437 3161 632 3216; x_wconf 89' lang='lat' dir='ltr'>communiter</span> <span class='ocrx_word' id='word_1_274' title='bbox 655 3161 752 3217; x_wconf 77' lang='lat' dir='ltr'>varias</span> <span class='ocrx_word' id='word_1_275' title='bbox 770 3160 837 3217; x_wconf 88' lang='lat' dir='ltr'>illas</span> <span class='ocrx_word' id='word_1_276' title='bbox 854 3159 1015 3217; x_wconf 88' lang='lat' dir='ltr'>sententiaa</span> <span class='ocrx_word' id='word_1_277' title='bbox 1035 3159 1126 3216; x_wconf 86' lang='lat' dir='ltr'>secuti</span> <span class='ocrx_word' id='word_1_278' title='bbox 1145 3159 1291 3217; x_wconf 86' lang='lat' dir='ltr'>dicuntur.</span> 
     </span>
     <span class='ocr_line' id='line_1_30' title="bbox 218 3243 1293 3320; baseline 0.001 -19"><span class='ocrx_word' id='word_1_279' title='bbox 218 3245 333 3301; x_wconf 86' lang='lat' dir='ltr'>Vereor</span> <span class='ocrx_word' id='word_1_280' title='bbox 355 3244 453 3311; x_wconf 89' lang='lat' dir='ltr'>etiam,</span> <span class='ocrx_word' id='word_1_281' title='bbox 476 3255 507 3301; x_wconf 93' lang='lat' dir='ltr'>ut</span> <span class='ocrx_word' id='word_1_282' title='bbox 527 3249 618 3302; x_wconf 78' lang='lat' dir='ltr'>er&#39;tiose</span> <span class='ocrx_word' id='word_1_283' title='bbox 634 3249 788 3302; x_wconf 73' lang='lat' dir='ltr'>sententium</span> <span class='ocrx_word' id='word_1_284' title='bbox 810 3249 887 3320; x_wconf 79' lang='lat' dir='ltr'>sepul</span> <span class='ocrx_word' id='word_1_285' title='bbox 907 3254 986 3302; x_wconf 87' lang='lat' dir='ltr'>recte</span> <span class='ocrx_word' id='word_1_286' title='bbox 1009 3245 1123 3301; x_wconf 86' lang='lat' dir='ltr'>dicatur</span> <span class='ocrx_word' id='word_1_287' title='bbox 1145 3243 1181 3301; x_wconf 87' lang='lat' dir='ltr'>de</span> <span class='ocrx_word' id='word_1_288' title='bbox 1199 3244 1293 3319; x_wconf 86' lang='lat' dir='ltr'>ipsius</span> 
     </span>
     <span class='ocr_line' id='line_1_31' title="bbox 217 3329 1293 3400; baseline -0.001 -14"><span class='ocrx_word' id='word_1_289' title='bbox 217 3330 380 3386; x_wconf 87' lang='lat' dir='ltr'>sententiae</span> <span class='ocrx_word' id='word_1_290' title='bbox 403 3329 485 3386; x_wconf 77' lang='lat' dir='ltr'>vitio.</span> <span class='ocrx_word' id='word_1_291' title='bbox 530 3329 637 3389; x_wconf 89' lang='lat' dir='ltr'>Omnia</span> <span class='ocrx_word' id='word_1_292' title='bbox 660 3339 740 3388; x_wconf 90' lang='lat' dir='ltr'>recta</span> <span class='ocrx_word' id='word_1_293' title='bbox 763 3339 875 3400; x_wconf 89' lang='lat' dir='ltr'>essent,</span> <span class='ocrx_word' id='word_1_294' title='bbox 902 3330 926 3387; x_wconf 92' lang='lat' dir='ltr'>si</span> <span class='ocrx_word' id='word_1_295' title='bbox 949 3330 1141 3387; x_wconf 84' lang='lat' dir='ltr'>scriberetur:</span> <span class='ocrx_word' id='word_1_296' title='bbox 1174 3329 1293 3399; x_wconf 81' lang='lat' dir='ltr'>Quorum</span> 
     </span>
     <span class='ocr_line' id='line_1_32' title="bbox 218 3414 1295 3490; baseline 0.001 -19"><span class='ocrx_word' id='word_1_297' title='bbox 218 3433 382 3489; x_wconf 79' lang='lat' dir='ltr'>quamquam</span> <span class='ocrx_word' id='word_1_298' title='bbox 416 3418 510 3472; x_wconf 74' lang='lat' dir='ltr'>tritiora</span> <span class='ocrx_word' id='word_1_299' title='bbox 537 3418 649 3490; x_wconf 82' lang='lat' dir='ltr'>quidum</span> <span class='ocrx_word' id='word_1_300' title='bbox 677 3419 761 3473; x_wconf 80' lang='lat' dir='ltr'>secuti</span> <span class='ocrx_word' id='word_1_301' title='bbox 786 3425 856 3473; x_wconf 81' lang='lat' dir='ltr'>eunt.</span> <span class='ocrx_word' id='word_1_302' title='bbox 906 3416 966 3473; x_wconf 87' lang='lat' dir='ltr'>Sed</span> <span class='ocrx_word' id='word_1_303' title='bbox 997 3414 1094 3472; x_wconf 88' lang='lat' dir='ltr'>lenius</span> <span class='ocrx_word' id='word_1_304' title='bbox 1127 3414 1191 3473; x_wconf 86' lang='lat' dir='ltr'>flet:</span> <span class='ocrx_word' id='word_1_305' title='bbox 1229 3414 1295 3484; x_wconf 83' lang='lat' dir='ltr'>Qui</span> 
     </span>
     <span class='ocr_line' id='line_1_33' title="bbox 218 3501 1292 3576; baseline 0.001 -20"><span class='ocrx_word' id='word_1_306' title='bbox 218 3519 384 3575; x_wconf 80' lang='lat' dir='ltr'>quemquam</span> <span class='ocrx_word' id='word_1_307' title='bbox 407 3504 532 3556; x_wconf 79' lang='lat' dir='ltr'>uitiosa</span> <span class='ocrx_word' id='word_1_308' title='bbox 555 3503 721 3575; x_wconf 82' lang='lat' dir='ltr'>quaedum</span> <span class='ocrx_word' id='word_1_309' title='bbox 743 3504 828 3559; x_wconf 75' lang='lat' dir='ltr'>secuti</span> <span class='ocrx_word' id='word_1_310' title='bbox 847 3512 923 3567; x_wconf 78' lang='lat' dir='ltr'>runt,</span> <span class='ocrx_word' id='word_1_311' title='bbox 952 3509 984 3557; x_wconf 88' lang='lat' dir='ltr'>ut</span> <span class='ocrx_word' id='word_1_312' title='bbox 1012 3501 1165 3576; x_wconf 87' lang='lat' dir='ltr'>superiora</span> <span class='ocrx_word' id='word_1_313' title='bbox 1187 3504 1292 3572; x_wconf 76' lang='lat' dir='ltr'>rerba,</span> 
     </span>
     <span class='ocr_line' id='line_1_34' title="bbox 218 3585 1294 3662; baseline 0.001 -20"><span class='ocrx_word' id='word_1_314' title='bbox 218 3585 346 3642; x_wconf 84' lang='lat' dir='ltr'>exclusis</span> <span class='ocrx_word' id='word_1_315' title='bbox 369 3585 477 3643; x_wconf 88' lang='lat' dir='ltr'>Stoicis</span> <span class='ocrx_word' id='word_1_316' title='bbox 505 3586 546 3653; x_wconf 81' lang='lat' dir='ltr'>tin</span> <span class='ocrx_word' id='word_1_317' title='bbox 570 3605 644 3660; x_wconf 90' lang='lat' dir='ltr'>quos</span> <span class='ocrx_word' id='word_1_318' title='bbox 666 3606 719 3662; x_wconf 86' lang='lat' dir='ltr'>per</span> <span class='ocrx_word' id='word_1_319' title='bbox 745 3605 776 3644; x_wconf 85' lang='lat' dir='ltr'>se</span> <span class='ocrx_word' id='word_1_320' title='bbox 799 3605 856 3644; x_wconf 91' lang='lat' dir='ltr'>non</span> <span class='ocrx_word' id='word_1_321' title='bbox 882 3586 978 3643; x_wconf 88' lang='lat' dir='ltr'>minus</span> <span class='ocrx_word' id='word_1_322' title='bbox 999 3586 1130 3659; x_wconf 87' lang='lat' dir='ltr'>cadunt),</span> <span class='ocrx_word' id='word_1_323' title='bbox 1159 3585 1195 3643; x_wconf 86' lang='lat' dir='ltr'>de</span> <span class='ocrx_word' id='word_1_324' title='bbox 1222 3586 1294 3644; x_wconf 87' lang='lat' dir='ltr'>solis</span> 
     </span>
     <span class='ocr_line' id='line_1_35' title="bbox 217 3671 1291 3747; baseline 0.001 -20"><span class='ocrx_word' id='word_1_325' title='bbox 217 3671 339 3745; x_wconf 88' lang='lat' dir='ltr'>reliquis</span> <span class='ocrx_word' id='word_1_326' title='bbox 350 3671 567 3747; x_wconf 82' lang='lat' dir='ltr'>intellegantur.</span> <span class='ocrx_word' id='word_1_327' title='bbox 596 3672 641 3728; x_wconf 87' lang='lat' dir='ltr'>Ex</span> <span class='ocrx_word' id='word_1_328' title='bbox 658 3672 709 3728; x_wconf 93' lang='lat' dir='ltr'>illo</span> <span class='ocrx_word' id='word_1_329' title='bbox 723 3672 799 3728; x_wconf 88' lang='lat' dir='ltr'>onim</span> <span class='ocrx_word' id='word_1_330' title='bbox 818 3691 939 3728; x_wconf 87' lang='lat' dir='ltr'>numero</span> <span class='ocrx_word' id='word_1_331' title='bbox 958 3690 1067 3742; x_wconf 86' lang='lat' dir='ltr'>eorum,</span> <span class='ocrx_word' id='word_1_332' title='bbox 1085 3672 1134 3746; x_wconf 87' lang='lat' dir='ltr'>qui</span> <span class='ocrx_word' id='word_1_333' title='bbox 1148 3689 1291 3729; x_wconf 88' lang='lat' dir='ltr'>summum</span> 
     </span>
     <span class='ocr_line' id='line_1_36' title="bbox 219 3755 1293 3834; baseline 0.001 -22"><span class='ocrx_word' id='word_1_334' title='bbox 219 3755 325 3814; x_wconf 90' lang='lat' dir='ltr'>bonum</span> <span class='ocrx_word' id='word_1_335' title='bbox 354 3757 383 3814; x_wconf 91' lang='lat' dir='ltr'>in</span> <span class='ocrx_word' id='word_1_336' title='bbox 407 3756 506 3813; x_wconf 87' lang='lat' dir='ltr'>animo</span> <span class='ocrx_word' id='word_1_337' title='bbox 529 3767 686 3830; x_wconf 76' lang='lat' dir='ltr'>ponerent,</span> <span class='ocrx_word' id='word_1_338' title='bbox 714 3759 866 3814; x_wconf 83' lang='lat' dir='ltr'>aberrasse</span> <span class='ocrx_word' id='word_1_339' title='bbox 890 3757 1088 3834; x_wconf 84' lang='lat' dir='ltr'>Pyrrhonem,</span> <span class='ocrx_word' id='word_1_340' title='bbox 1110 3756 1293 3827; x_wconf 85' lang='lat' dir='ltr'>Aristonem,</span> 
     </span>
     <span class='ocr_line' id='line_1_37' title="bbox 217 3840 635 3919; baseline 0 -22"><span class='ocrx_word' id='word_1_341' title='bbox 217 3840 342 3898; x_wconf 82' lang='lat' dir='ltr'>Erillum</span> <span class='ocrx_word' id='word_1_342' title='bbox 366 3842 440 3901; x_wconf 82' lang='lat' dir='ltr'>Cato</span> <span class='ocrx_word' id='word_1_343' title='bbox 462 3840 635 3919; x_wconf 72' lang='lat' dir='ltr'>significat]</span> 
     </span>
    </p>

    <p class='ocr_par' dir='ltr' id='par_1_7' title="bbox 217 3926 1367 4431">
     <span class='ocr_line' id='line_1_38' title="bbox 304 3926 1294 4003; baseline 0.003 -22"><span class='ocrx_word' id='word_1_344' title='bbox 304 3929 336 3982; x_wconf 80' lang='lat' dir='ltr'>iis</span> <span class='ocrx_word' id='word_1_345' title='bbox 359 3929 456 4002; x_wconf 69' lang='lat' dir='ltr'>tribus)</span> <span class='ocrx_word' id='word_1_346' title='bbox 481 3927 619 4001; x_wconf 75' lang='lat' dir='ltr'>Epicuro,</span> <span class='ocrx_word' id='word_1_347' title='bbox 643 3927 835 4003; x_wconf 82' lang='lat' dir='ltr'>Hieronymo,</span> <span class='ocrx_word' id='word_1_348' title='bbox 858 3926 1025 3996; x_wconf 79' lang='lat' dir='ltr'>Carneadi;</span> <span class='ocrx_word' id='word_1_349' title='bbox 1048 3926 1133 3983; x_wconf 86' lang='lat' dir='ltr'>alteri</span> <span class='ocrx_word' id='word_1_350' title='bbox 1156 3936 1217 3984; x_wconf 87' lang='lat' dir='ltr'>tres</span> <span class='ocrx_word' id='word_1_351' title='bbox 1234 3926 1294 3984; x_wconf 91' lang='lat' dir='ltr'>Po·</span> 
     </span>
     <span class='ocr_line' id='line_1_39' title="bbox 218 4008 1295 4091; baseline 0.002 -25"><span class='ocrx_word' id='word_1_352' title='bbox 218 4011 305 4080; x_wconf 89' lang='lat' dir='ltr'>lemo,</span> <span class='ocrx_word' id='word_1_353' title='bbox 329 4010 495 4088; x_wconf 83' lang='lat' dir='ltr'>Calliphon,</span> <span class='ocrx_word' id='word_1_354' title='bbox 522 4012 669 4070; x_wconf 86' lang='lat' dir='ltr'>Diodorus</span> <span class='ocrx_word' id='word_1_355' title='bbox 692 4021 774 4081; x_wconf 88' lang='lat' dir='ltr'>sunt;</span> <span class='ocrx_word' id='word_1_356' title='bbox 797 4012 856 4069; x_wconf 86' lang='lat' dir='ltr'>vid.</span> <span class='ocrx_word' id='word_1_357' title='bbox 880 4012 922 4083; x_wconf 92' lang='lat' dir='ltr'>Il,</span> <span class='ocrx_word' id='word_1_358' title='bbox 948 4012 996 4069; x_wconf 80' lang='lat'>35.</span> <span class='ocrx_word' id='word_1_359' title='bbox 1041 4008 1101 4091; x_wconf 87' lang='lat' dir='ltr'>[De</span> <span class='ocrx_word' id='word_1_360' title='bbox 1123 4015 1179 4069; x_wconf 78' lang='lat' dir='ltr'>eine</span> <span class='ocrx_word' id='word_1_361' title='bbox 1200 4014 1295 4087; x_wconf 81' lang='lat' dir='ltr'>aliqua</span> 
     </span>
     <span class='ocr_line' id='line_1_40' title="bbox 218 4093 1294 4176; baseline 0.001 -23"><span class='ocrx_word' id='word_1_362' title='bbox 218 4094 283 4170; x_wconf 82' lang='lat' dir='ltr'>(cfr.</span> <span class='ocrx_word' id='word_1_363' title='bbox 309 4097 360 4170; x_wconf 89' lang='grc'>37)</span> <span class='ocrx_word' id='word_1_364' title='bbox 388 4097 447 4155; x_wconf 79' lang='lat' dir='ltr'>vid.</span> <span class='ocrx_word' id='word_1_365' title='bbox 472 4100 527 4159; x_wconf 88' lang='lat' dir='ltr'>Gr.</span> <span class='ocrx_word' id='word_1_366' title='bbox 552 4099 618 4156; x_wconf 84' lang='lat' dir='ltr'>Lat.</span> <span class='ocrx_word' id='word_1_367' title='bbox 649 4098 742 4168; x_wconf 75' lang='lat'>§494</span> <span class='ocrx_word' id='word_1_368' title='bbox 772 4116 789 4153; x_wconf 92' lang='lat' dir='ltr'>a</span> <span class='ocrx_word' id='word_1_369' title='bbox 817 4107 877 4155; x_wconf 91' lang='lat' dir='ltr'>not.</span> <span class='ocrx_word' id='word_1_370' title='bbox 905 4093 945 4176; x_wconf 92' lang='lat' dir='ltr'>l.]</span> <span class='ocrx_word' id='word_1_371' title='bbox 996 4097 1103 4169; x_wconf 72' lang='lat' dir='ltr'>Stupuit</span> <span class='ocrx_word' id='word_1_372' title='bbox 1129 4098 1250 4171; x_wconf 77' lang='lat' dir='ltr'>ainpulua</span> <span class='ocrx_word' id='word_1_373' title='bbox 1278 4115 1294 4154; x_wconf 87' lang='lat' dir='ltr'>e</span> 
     </span>
     <span class='ocr_line' id='line_1_41' title="bbox 217 4180 1367 4264; baseline 0.002 -27"><span class='ocrx_word' id='word_1_374' title='bbox 217 4180 253 4240; x_wconf 90' lang='lat' dir='ltr'>P.</span> <span class='ocrx_word' id='word_1_375' title='bbox 272 4182 362 4238; x_wconf 85' lang='lat' dir='ltr'>Fabri</span> <span class='ocrx_word' id='word_1_376' title='bbox 386 4183 474 4257; x_wconf 85' lang='lat' dir='ltr'>(apud</span> <span class='ocrx_word' id='word_1_377' title='bbox 498 4184 688 4258; x_wconf 54' lang='lat' dir='ltr'>Inambinum)</span> <span class='ocrx_word' id='word_1_378' title='bbox 710 4183 913 4239; x_wconf 90' lang='lat' dir='ltr'>emendationc</span> <span class='ocrx_word' id='word_1_379' title='bbox 936 4182 1080 4239; x_wconf 87' lang='lat' dir='ltr'>editiones</span> <span class='ocrx_word' id='word_1_380' title='bbox 1102 4182 1170 4239; x_wconf 88' lang='lat' dir='ltr'>inde</span> <span class='ocrx_word' id='word_1_381' title='bbox 1193 4200 1211 4238; x_wconf 86' lang='lat' dir='ltr'>a</span> <span class='ocrx_word' id='word_1_382' title='bbox 1233 4182 1294 4240; x_wconf 90' lang='lat' dir='ltr'>Da·</span> <span class='ocrx_word' id='word_1_383' title='bbox 1363 4255 1367 4264; x_wconf 34' lang='grc' dir='ltr'>Ι</span> 
     </span>
     <span class='ocr_line' id='line_1_42' title="bbox 218 4265 1293 4342; baseline 0.002 -20"><span class='ocrx_word' id='word_1_384' title='bbox 218 4265 294 4324; x_wconf 87' lang='lat' dir='ltr'>visio</span> <span class='ocrx_word' id='word_1_385' title='bbox 317 4267 440 4336; x_wconf 80' lang='lat' dir='ltr'>habent3</span> <span class='ocrx_word' id='word_1_386' title='bbox 469 4287 534 4325; x_wconf 84' lang='lat' dir='ltr'>nam</span> <span class='ocrx_word' id='word_1_387' title='bbox 564 4269 593 4325; x_wconf 91' lang='lat' dir='ltr'>in</span> <span class='ocrx_word' id='word_1_388' title='bbox 623 4269 706 4325; x_wconf 82' lang='lat' dir='ltr'>codd.</span> <span class='ocrx_word' id='word_1_389' title='bbox 735 4268 834 4324; x_wconf 82' lang='lat' dir='ltr'>littera</span> <span class='ocrx_word' id='word_1_390' title='bbox 861 4267 937 4323; x_wconf 90' lang='lat' dir='ltr'>male</span> <span class='ocrx_word' id='word_1_391' title='bbox 965 4267 1113 4342; x_wconf 84' lang='lat' dir='ltr'>geminata</span> <span class='ocrx_word' id='word_1_392' title='bbox 1136 4277 1214 4339; x_wconf 89' lang='lat' dir='ltr'>erat;</span> <span class='ocrx_word' id='word_1_393' title='bbox 1242 4267 1293 4324; x_wconf 85' lang='lat' dir='ltr'>nni</span> 
     </span>
     <span class='ocr_line' id='line_1_43' title="bbox 218 4351 1296 4431; baseline 0.001 -23"><span class='ocrx_word' id='word_1_394' title='bbox 218 4351 320 4408; x_wconf 80' lang='lat' dir='ltr'>virtuti</span> <span class='ocrx_word' id='word_1_395' title='bbox 344 4352 451 4428; x_wconf 79' lang='lat' dir='ltr'>singuli</span> <span class='ocrx_word' id='word_1_396' title='bbox 483 4372 520 4410; x_wconf 88' lang='lat' dir='ltr'>ex</span> <span class='ocrx_word' id='word_1_397' title='bbox 547 4355 641 4411; x_wconf 90' lang='lat' dir='ltr'>tribus</span> <span class='ocrx_word' id='word_1_398' title='bbox 669 4352 854 4431; x_wconf 85' lang='lat' dir='ltr'>philosophis</span> <span class='ocrx_word' id='word_1_399' title='bbox 876 4352 1008 4426; x_wconf 77' lang='lat' dir='ltr'>singulas</span> <span class='ocrx_word' id='word_1_400' title='bbox 1030 4371 1068 4410; x_wconf 87' lang='lat' dir='ltr'>ex</span> <span class='ocrx_word' id='word_1_401' title='bbox 1090 4351 1184 4410; x_wconf 86' lang='lat' dir='ltr'>tribus</span> <span class='ocrx_word' id='word_1_402' title='bbox 1206 4353 1296 4410; x_wconf 89' lang='lat' dir='ltr'>rebus</span> 
     </span>
    </p>
   </div>
   <div class='ocr_carea' id='block_1_5' title="bbox 218 4433 1294 4518">
    <p class='ocr_par' dir='ltr' id='par_1_8' title="bbox 218 4433 1294 4518">
     <span class='ocr_line' id='line_1_44' title="bbox 218 4433 1294 4518; baseline 0.002 -25"><span class='ocrx_word' id='word_1_403' title='bbox 218 4436 401 4497; x_wconf 75' lang='lat' dir='ltr'>addiderant.</span> <span class='ocrx_word' id='word_1_404' title='bbox 448 4440 525 4496; x_wconf 89' lang='lat' dir='ltr'>Tum</span> <span class='ocrx_word' id='word_1_405' title='bbox 548 4442 664 4497; x_wconf 78' lang='lat' dir='ltr'>cuimodi</span> <span class='ocrx_word' id='word_1_406' title='bbox 684 4439 772 4497; x_wconf 82' lang='lat' dir='ltr'>etiem</span> <span class='ocrx_word' id='word_1_407' title='bbox 786 4437 865 4515; x_wconf 85' lang='lat' dir='ltr'>Spir.</span> <span class='ocrx_word' id='word_1_408' title='bbox 878 4433 943 4518; x_wconf 87' lang='grc' dir='ltr'>[Β]</span> <span class='ocrx_word' id='word_1_409' title='bbox 966 4437 1030 4495; x_wconf 86' lang='lat' dir='ltr'>cod.</span> <span class='ocrx_word' id='word_1_410' title='bbox 1053 4439 1079 4497; x_wconf 87' lang='grc' dir='ltr'>Ι.</span> <span class='ocrx_word' id='word_1_411' title='bbox 1101 4437 1134 4496; x_wconf 82' lang='lat' dir='ltr'>F.</span> <span class='ocrx_word' id='word_1_412' title='bbox 1147 4436 1294 4498; x_wconf 79' lang='lat' dir='ltr'>Gronoril</span> 
     </span>
    </p>
   </div>
   <div class='ocr_carea' id='block_1_6' title="bbox 0 0 1524 5086">
    <p class='ocr_par' dir='ltr' id='par_1_9' title="bbox 0 0 1524 5086">
     <span class='ocr_line' id='line_1_45' title="bbox 0 0 1524 5086; baseline 0 0"><span class='ocrx_word' id='word_1_413' title='bbox 0 0 1524 5086; x_wconf 95' lang='lat' dir='ltr'> </span> 
     </span>
    </p>
   </div>
  </div>
 </body>
</html>
