3030 5086
440 492 484 537 nn
509 492 588 537 mxu.
611 492 674 538 urs.
697 493 720 537 u
742 493 815 538 oxu.
839 496 877 543 n.
896 496 959 554 (se.)
1176 476 1239 541 205

163 680 244 742 quos
277 662 354 739 dixi,
392 668 618 741 consequentes
657 671 730 725 sunt
762 659 841 725 fines
874 660 1041 735 bonorum,
1076 661 1238 742 Aristippo

163 763 295 844 simplex
317 763 470 843 voluptas,
494 763 605 827 Stoicis
628 764 803 827 consentire
825 772 964 840 naturae,
987 764 1071 843 quod
1094 781 1163 828 esse
1185 783 1239 828 vo-

163 865 232 930 lunt
248 884 265 930 e
282 865 405 944 virtute,
422 865 454 929 id
472 873 528 943 est,
544 864 674 928 honeste
690 865 803 929 vivere.
821 866 906 946 quod
922 865 966 929 ita
982 865 1240 946 interpretantur,

238 1091 256 1136 l.
275 1103 337 1150 quae
355 1084 444 1136 cinric
470 1086 537 1148 fines
554 1093 608 1135 sunt
626 1086 648 1134 E
685 1090 706 1133 2.
727 1083 806 1136 Stoici
825 1082 891 1151 [nm

163 1293 278 1364 nescio,
307 1312 382 1367 quae
410 1293 469 1349 alia
497 1292 592 1368 prima
614 1293 722 1351 Stoicis
750 1300 837 1366 atque
866 1292 1073 1367 Peripateticis
1103 1304 1132 1350 et
1159 1295 1239 1350 Aca·

164 1379 287 1436 demicis
310 1379 379 1435 dare
402 1378 546 1453 potuerit;
576 1396 642 1433 nem
672 1396 747 1451 quae
775 1377 820 1434 his
849 1378 913 1447 dat,
944 1378 1010 1452 ipsa
1033 1387 1100 1434 sunt
1124 1378 1240 1446 Stoica;

164 1464 217 1521 sed
239 1475 272 1521 ut
294 1464 412 1539 paulurn
436 1463 612 1527 inflecteret,
641 1463 809 1538 postulabat
832 1472 894 1519 tota
915 1463 1123 1538 disputationis
1145 1462 1241 1520 forma

164 1550 309 1606 instituta.
344 1550 390 1606 Ex
413 1548 575 1606 editoribus
592 1549 704 1623 primus
717 1548 870 1604 Ernestius
888 1548 982 1604 locunt
1002 1550 1158 1606 obscurum
1176 1568 1241 1606 esse

165 1643 296 1692 senserat
320 1644 350 1690 et
372 1644 439 1709 post
461 1653 527 1690 eum
551 1634 690 1701 Rothius,
719 1633 769 1707 qui
798 1653 835 1689 ex
859 1632 882 1691 C
911 1643 940 1689 et
962 1633 1043 1702 aliis,
1072 1652 1147 1707 quae
1175 1652 1239 1690 earn

166 1731 344 1793 sequuntur,
373 1719 523 1776 veteribus
556 1719 735 1775 editionibus
769 1719 897 1774 malebat
923 1739 1006 1792 quae,
1041 1738 1099 1793 quo
1128 1719 1242 1776 tollitur

116 1858 120 1864 .
165 1805 318 1862 barbaries
340 1805 370 1861 iu
393 1822 466 1862 voce
488 1814 683 1877 consequentes,
706 1815 805 1860 cetera
823 1804 1009 1859 incommoda
1027 1805 1114 1860 etiarn
1133 1823 1242 1879 augen-

165 1903 228 1959 tur;
253 1890 349 1965 ipsum
372 1889 455 1956 illud,
478 1891 597 1945 omnibus
620 1889 723 1965 primis
745 1882 867 1945 naturae
889 1889 1068 1964 respondere
1090 1890 1163 1946 fines
1185 1890 1242 1946 Pe·

165 1976 396 2052 ripateticorum,
420 1974 626 2049 Calliphontis,
648 1974 783 2043 Diodori,
807 1974 938 2048 ineptum
961 1984 1014 2034 est.
1051 1973 1240 2038 Matthiaeus,

166 2080 231 2119 cum
255 2060 421 2117 distinctius
441 2071 553 2133 partem
572 2060 711 2116 vitiorum
729 2059 852 2128 videret,
877 2058 954 2115 rnala
976 2071 1073 2116 tamen
1098 2060 1243 2116 medicina

167 2148 239 2203 haec
262 2146 360 2202 omnia
378 2146 468 2201 verba
491 2146 554 2202 tolli
579 2146 706 2214 volebat,
730 2163 788 2218 quo
806 2144 885 2202 facto
904 2165 947 2213 ea,
971 2164 1046 2219 qnae
1064 2154 1241 2218 sequuntur,

166 2231 357 2307 pertinebunt
374 2231 410 2286 ad
428 2230 515 2287 illud:
535 2234 626 2305 prr-into
642 2233 701 2286 mse
719 2240 789 2293 surrt,
807 2239 840 2285 ut
857 2229 1008 2286 audiatur:
1022 2233 1140 2304 primunt
1157 2233 1243 2287 visum

166 2327 214 2374 est.
247 2317 341 2390 Atqui
365 2316 473 2374 Stoicis
496 2326 610 2372 naturae
631 2318 767 2371 convenire
789 2333 934 2371 summum
958 2326 985 2371 et
1005 2326 1168 2371 extremum
1187 2323 1242 2385 est,

167 2402 263 2478 prima
290 2413 412 2458 naturae
442 2401 527 2476 longe
551 2401 618 2457 alia.
663 2400 757 2458 Gzius
778 2409 965 2473 consequentes
988 2409 1072 2474 putat
1094 2418 1159 2456 esse
1180 2419 1243 2456 con·

160 2491 265 2562 fumes
287 2487 392 2562 (ipsius
415 2497 460 2543 est
482 2487 625 2560 verbum),
650 2487 704 2542 hoc
722 2493 774 2553 est,
797 2485 1024 2554 consentientes,
1047 2485 1119 2542 satis
1142 2494 1245 2542 contra

166 2572 310 2637 sermonis
328 2590 427 2640 usum3
447 2582 475 2628 et
495 2572 663 2646 discrepant
680 2571 862 2644 aliquantum
875 2569 1033 2644 Calliphon
1052 2579 1081 2626 et
1095 2570 1244 2627 Diodorus

166 2659 204 2714 ab
227 2657 399 2714 Aristotele.
443 2657 491 2724 Et,
514 2667 547 2712 ut
569 2657 702 2731 exposui.
726 2667 787 2711 turn
811 2655 898 2711 etiarn
911 2655 1059 2730 Aristippi
1082 2667 1112 2712 et
1129 2655 1244 2714 Stoico·

167 2762 231 2799 rum
255 2743 329 2799 fines
351 2743 481 2798 intense
504 2742 669 2799 consentire
693 2741 835 2808 dicentur,
858 2759 926 2802 non,
949 2750 982 2796 ut
1003 2740 1053 2796 ille
1075 2749 1175 2816 putat,
1198 2761 1244 2797 re·

166 2846 307 2904 pugnare.
342 2826 471 2884 Omnino
489 2845 547 2883 non
565 2828 662 2902 dgitur
680 2827 728 2882 hic
745 2827 781 2882 de
798 2825 980 2882 diversorum
1000 2826 1241 2901 philosophorum

166 2913 275 2970 finibus
296 2913 374 2969 inter
396 2930 427 2968 se
450 2911 649 2970 conferendis.
673 2912 724 2967 sed
748 2912 783 2967 de
806 2911 966 2985 primorum
991 2921 1020 2967 et
1041 2911 1141 2967 finium
1165 2910 1244 2985 apud

166 2999 283 3055 eosdem
307 2997 500 3072 philosophos
522 2997 737 3053 convenientia.
782 2996 893 3054 Orellio
916 3006 1013 3051 tamen
1038 2995 1131 3053 Gzius
1158 2995 1244 3054 satis·
1269 3047 1271 3050 a

166 3083 274 3141 fecisse
296 3083 426 3151 videtur3
456 3083 528 3139 Otto
552 3101 587 3137 ue
610 3083 810 3139 admonitione
835 3081 951 3154 quidem
975 3081 1133 3154 quidquam
1158 3100 1243 3156 egere

165 3169 292 3244 putavit.
339 3167 476 3245 [Frustra
506 3168 672 3240 nuperrime
696 3166 734 3224 G.
758 3166 920 3224 Schneider
948 3166 976 3222 in
1001 3167 1090 3231 libro,
1120 3167 1169 3240 qui
1199 3166 1261 3222 in»

166 3254 306 3310 scribitur
333 3252 505 3310 Zeitschrift
531 3251 580 3308 fdr
608 3253 660 3308 das
684 3251 974 3327 Gymnasialwesen,
1005 3253 1101 3308 1866.
1136 3272 1163 3326 p.
1183 3252 1242 3307 695

167 3357 249 3436 sqq.
279 3339 374 3394 locum
403 3339 445 3394 sio
468 3338 608 3412 expedire
632 3339 758 3407 studuit
788 3346 819 3393 ut
845 3347 1032 3410 consequentes
1061 3337 1151 3392 vellet
1180 3354 1245 3393 esse

167 3411 449 3513 ἐπιγεννηματικους.
484 3423 561 3479 Nam
580 3442 675 3497 neque
693 3442 853 3496 consequens
863 3424 939 3495 firris
957 3432 990 3478 ut
1006 3430 1085 3478 esset
1103 3414 1244 3496 s'rrrycssq·
1314 3462 1317 3468 .

166 3490 301 3579 ματικός,
325 3507 419 3562 dictus
442 3518 487 3564 est
509 3508 604 3564 dicive
628 3509 724 3583 potuit
741 3507 833 3581 (aliud
856 3517 909 3576 est,
932 3506 1045 3604 aliquid
1063 3523 1245 3578 consequeus

166 3609 233 3648 esse
251 3602 280 3647 et
296 3602 364 3667 post
381 3593 464 3668 oriri)
482 3612 576 3690 neque
595 3586 834 3667 e’urysnsqpu‘rrxu
825 3583 920 3666 τέλη
937 3592 1091 3665 quisquam
1111 3590 1245 3648 Graecus

166 3675 257 3733 fando
280 3678 394 3733 audivit
417 3697 478 3748 nec,
503 3679 526 3735 si
550 3678 620 3753 quid
644 3677 673 3732 id
691 3688 777 3746 esset,
802 3696 877 3750 quae
894 3678 967 3734 haee
984 3687 1062 3733 esset
1079 3676 1245 3751 proprietas

166 3761 269 3818 finium
293 3762 533 3837 philosophorum
551 3782 667 3832 eorum,
691 3762 741 3836 qui
764 3772 832 3818 ante
855 3762 997 3819 nominati
1020 3773 1102 3830 sunt,
1131 3761 1246 3817 intelle·

165 3854 299 3921 geretur,
323 3865 376 3902 nec
398 3850 547 3922 quomodo
570 3848 800 3922 adiungerentur
821 3847 888 3904 illa:
912 3849 1052 3921 An'str'ppo
1076 3879 1112 3889 -
1138 3846 1244 3902 Stoicis.

167 3930 297 3989 Omnino
325 3933 399 3989 nihil
428 3933 613 3991 manifestius
641 3942 685 3987 est
713 3951 800 4005 quarn
824 3933 871 4007 agi
895 3934 930 3988 de
952 3931 1159 3988 convenientia
1186 3930 1245 4006 pri·

167 4034 283 4072 morum
307 4028 336 4074 et
358 4018 458 4074 finium
482 4030 512 4074 et
534 4038 569 4075 eo
592 4018 740 4092 pertinere
762 4016 973 4094 consequentes]

254 4103 284 4158 id
309 4113 362 4173 est,
396 4105 501 4160 honeste
533 4103 631 4175 vivere)
660 4102 889 4176 Interpretatur,
925 4102 1002 4176 quod
1032 4101 1120 4177 paulo
1149 4100 1245 4157 minus

167 4185 277 4243 usitate
299 4187 424 4256 dixerat,
447 4209 461 4244 e
483 4192 587 4258 virtute,
610 4188 639 4244 id
663 4197 717 4257 est,
740 4190 884 4244 secundum
903 4191 1033 4251 uirtutem,
1056 4190 1119 4242 κατ’
1138 4169 1245 4259 ἀρετην

167 4271 240 4345 (vid.
263 4267 300 4328 ad
324 4275 361 4343 V,
387 4276 441 4330 26:
466 4250 624 4347 diripueris·
647 4266 711 4347 ζῆν,
736 4274 814 4346 quod
837 4272 930 4331 Gzius
953 4273 995 4329 ait
1017 4289 1105 4346 saepe
1129 4271 1245 4328 Stoicos

167 4356 276 4424 dicere,
299 4377 385 4415 uerno
409 4358 647 4423 Stoicus,'1rnmo
670 4376 756 4414 nemo
779 4357 912 4416 Graecus
935 4358 1010 4414 dixit
1031 4358 1193 4430 umquam),
1217 4366 1247 4412 et

167 4443 256 4500 simul
268 4442 414 4518 duplicem
426 4442 582 4500 formulam
600 4443 678 4499 idem
692 4443 896 4517 significenten
908 4442 1070 4518 coniungit,
1088 4451 1122 4498 ut
1132 4442 1191 4511 IlI,
1205 4441 1244 4497 ts
