3030 5086
458 489 501 533 aa
526 487 605 533 unu.
629 488 691 533 um.
716 490 745 534 v.
769 488 843 534 cap.
863 492 904 535 ee.
919 487 1052 550 (oo-et.)
1231 470 1294 535 769

217 664 393 719 mercatura
415 663 618 736 quaestuosa,
642 656 722 720 siin
745 655 885 720 maximis
906 655 1001 720 lucris
1024 654 1149 736 paulum
1173 655 1292 736 aliquid

288 830 307 872 1.
332 825 404 941 ageli
422 842 481 874 cura
504 827 560 889 (pro
582 826 727 890 mercatura)
753 826 775 874 F,
815 843 903 890 pamm
929 824 1024 888 aliquid
1046 839 1145 881 omnes,
1169 825 1211 874 Or.
1237 839 1294 874 cum

216 902 276 941 ueta
295 908 350 941 men
373 897 377 941 i

216 1032 304 1105 positi
328 1042 405 1090 sunt·
441 1033 537 1088 Pravo
550 1031 652 1098 Gaius,
676 1032 754 1106 quod
778 1033 806 1088 in
822 1033 888 1088 Bas.
906 1031 1059 1090 etGud.l
1085 1041 1150 1088 erat
1172 1034 1292 1107 respicis,

216 1116 335 1190 scripsit
356 1128 395 1173 cat
417 1120 513 1191 apices:
538 1118 657 1191 pravius
674 1116 805 1176 Orellius
827 1117 972 1174 excidisse
992 1116 1119 1173 fortasse
1137 1125 1221 1190 putat
1239 1118 1292 1183 tre·

216 1201 343 1274 tatar(!),
367 1204 438 1258 laeta
460 1213 513 1271 est,
542 1221 600 1258 non
623 1202 875 1270 animadvertens,
904 1202 934 1257 in
964 1202 1103 1258 ablativis
1126 1201 1186 1257 illis
1208 1219 1294 1276 prae-

216 1286 345 1342 dicatum
369 1305 446 1345 osee,
477 1286 555 1360 quod
583 1288 760 1361 respondeat
788 1286 941 1343 adiectivis
964 1288 1041 1342 beata
1064 1297 1093 1342 et
1116 1296 1293 1359 quaestuosu;

217 1370 264 1426 hic
279 1372 391 1436 nullum
412 1390 499 1427 unum
518 1380 619 1446 aptum
638 1381 716 1439 erat;
740 1374 811 1428 laeta
829 1371 906 1428 enim
925 1372 962 1427 ad
975 1371 1102 1445 speciem
1115 1371 1293 1445 pertinebat.

216 1456 305 1513 Tusc.
325 1458 362 1517 V.
381 1458 419 1513 86
439 1456 590 1514 Cicereia
608 1456 710 1513 eadem
728 1456 947 1531 comparatione
963 1459 1111 1513 cratonem
1120 1458 1295 1530 fructuosam

216 1540 302 1597 dixit.
337 1541 408 1597 Alia
430 1541 651 1615 interpretando
675 1541 775 1598 turbat
796 1541 920 1598 Boiorus
943 1542 980 1597 ad
1004 1539 1062 1599 Off.
1076 1541 1134 1611 ΙΙΙ,
1148 1541 1199 1599 43.
1235 1542 1295 1598 Pro

216 1628 321 1699 aspie-m
337 1626 415 1699 apud
433 1625 594 1682 Gruterum
612 1627 780 1701 typothetes
799 1625 880 1682 dedit
897 1631 998 1701 ipsam3
1021 1625 1051 1683 id
1069 1626 1211 1682 Davisius
1229 1644 1294 1682 cer·

216 1710 315 1785 rigens
327 1711 410 1767 codd.
425 1711 501 1767 Ball.
514 1719 543 1766 et
555 1711 652 1767 Mead.
665 1719 799 1768 auctores
811 1712 892 1778 citat.¹
910 1711 994 1783 qnasi
1009 1712 1038 1767 in
1052 1711 1157 1767 ceteris
1169 1711 1294 1767 alterum

217 1795 264 1856 sit,
288 1793 381 1853 Gaius
404 1805 501 1851 autem
525 1796 587 1852 Erl.
613 1805 642 1851 et
666 1795 743 1870 Spir.
769 1806 806 1859 et,
829 1806 862 1852 ut
885 1814 1001 1870 semper
1022 1796 1135 1869 aliquid
1157 1796 1296 1871 propriae

216 1888 246 1934 et
268 1880 449 1936 incredibilis
472 1880 628 1955 pravitatis
651 1881 768 1951 habeat,
792 1900 849 1956 mg.
863 1880 953 1951 Crat,
976 1881 1006 1936 in
1025 1899 1082 1954 quo
1100 1880 1174 1937 nihil
1191 1880 1295 1936 scribi·

217 1975 273 2021 tur.
291 1965 320 2019 in
339 1974 480 2021 contextu
498 1975 605 2034 autem,
624 1975 656 2022 ut
673 1966 750 2039 apud
769 1984 878 2023 omnes.
913 1966 1007 2022 Paule
1024 1975 1092 2022 ante
1110 1984 1147 2021 ex
1160 1964 1205 2021 ed.
1218 1966 1295 2022 Ven.

223 2050 302 2105 1496
327 2050 422 2118 Mam,
446 2050 566 2119 Lamb.,
594 2050 646 2107 alii
668 2069 725 2106 osae
747 2051 824 2107 beata
847 2059 950 2106 contra
972 2050 1056 2106 codd.
1079 2051 1180 2123 (otiam
1204 2048 1296 2124 Gaii).

300 2155 401 2208 param
423 2137 530 2209 aliquid
551 2133 658 2212 damni)
681 2134 746 2212 [Sic
768 2132 935 2211 edebatur]
958 2136 1049 2192 Recte
1072 2135 1147 2191 hanc
1170 2135 1296 2209 scriptu-

218 2237 280 2274 ram
304 2219 374 2274 Era.
398 2228 428 2275 et
451 2220 585 2276 Bromius
608 2220 763 2276 damnasse
786 2219 931 2281 videntur.
956 2219 1092 2293 quoniam
1112 2239 1215 2295 parum
1237 2238 1296 2276 nen

217 2313 271 2364 est.
295 2304 372 2377 quod
391 2304 438 2360 hic
455 2304 623 2377 requiritur,
647 2325 698 2360 non
716 2307 825 2361 multtum
843 2307 978 2377 (parvum
996 2303 1116 2377 aliquod
1134 2305 1296 2379 damnum),

218 2389 283 2444 aed.
313 2389 390 2462 quod
413 2389 560 2445 sententia
581 2390 770 2445 vehementer
792 2390 919 2463 respuit,
948 2409 999 2444 non
1021 2392 1088 2446 satia
1111 2390 1207 2462 (qnasi
1230 2389 1298 2464 plus

217 2473 315 2528 damni
339 2475 513 2530 contrahere
532 2483 677 2531 mercator
693 2475 814 2548 cupiat).
848 2474 953 2548 Neque
972 2493 1034 2530 sum
1054 2474 1179 2544 nescius,
1203 2492 1297 2548 nuper

217 2577 235 2613 a
257 2558 390 2632 pluribus
413 2559 540 2632 priorem
564 2577 680 2632 quoque
703 2558 946 2634 significationem
975 2559 1044 2614 huic
1067 2559 1132 2615 voci
1155 2559 1297 2615 tributam

217 2660 290 2713 esse,
315 2661 388 2716 quos
406 2644 541 2700 Mosorus
564 2644 601 2699 ad
618 2644 707 2700 Tusc.
720 2645 758 2712 V,
773 2646 810 2699 41
832 2643 971 2700 nominat.
1017 2645 1127 2701 Verum
1151 2643 1195 2699 illi
1217 2653 1298 2700 recte

218 2727 464 2787 animadvertuntt
488 2728 704 2801 Quintilianum
727 2728 818 2784 semol
840 2727 882 2784 ita
904 2747 968 2784 esse
988 2728 1116 2784 locutum
1135 2729 1206 2798 (ΙΙΙ,
1228 2732 1253 2791 1,
1268 2727 1296 2798 5,

218 2812 283 2868 etsi.
301 2813 357 2868 nisi
370 2823 543 2885 sequeretur
554 2816 673 2880 tacitam,
692 2832 749 2869 non
762 2816 879 2871 nantium.
897 2814 1010 2868 servari
1021 2813 1062 2869 ibi
1075 2814 1195 2888 propria
1207 2813 1297 2887 signi·

218 2896 317 2952 ficatio
339 2898 475 2971 poterat),
499 2898 589 2953 semel
611 2898 682 2954 item
702 2898 831 2953 Plinium
845 2898 955 2972 Paneg.
970 2898 1019 2965 ⁶20,
1042 2897 1134 2955 semel
1152 2898 1295 2956 Senecam

219 2981 468 3056 Ep.116.7(nam
481 2982 548 3037 aliis
565 2982 638 3039 locis
655 3001 746 3057 prave
759 2982 945 3056 abutuntur);
964 2982 1040 3038 addo
1058 2983 1144 3038 huius
1163 2982 1299 3056 epae:

221 3065 282 3121 Non
306 3070 355 3140 qui
372 3086 472 3140 parum
495 3067 581 3136 labet,
604 3069 653 3123 sed
674 3071 723 3140 qui
739 3070 804 3141 plats
826 3071 908 3141 cupit,
927 3086 1035 3141 pauper
1056 3076 1143 3122 estet
1164 3067 1232 3135 110,
1247 3067 1296 3122 20.

219 3150 268 3206 Ad
280 3150 453 3208 Ciceronem
471 3161 501 3207 et
518 3152 580 3207 eiua
593 3152 732 3225 aequales
745 3151 954 3226 proximosque
969 3153 1041 3207 haec
1054 3151 1127 3207 nihil
1139 3152 1296 3225 portinent.

220 3236 296 3291 Nem
310 3237 416 3309 quode
429 3237 517 3295 Tusc.
533 3239 569 3300 V,
584 3239 621 3293 41
637 3235 804 3311 proferunt:
822 3256 872 3292 noa
891 3241 939 3310 qai
950 3257 1051 3311 parum
1069 3242 1167 3305 inerat,
1184 3238 1234 3293 sed
1250 3240 1299 3310 qai

219 3323 322 3376 omnino
344 3331 413 3376 meta
435 3333 523 3391 vacat,
546 3322 689 3396 quidquid
707 3330 753 3378 est
769 3321 911 3378 bonorum
930 3330 981 3377 aut
1000 3321 1197 3378 tolerabilium
1215 3320 1295 3377 cedi·

219 3422 295 3471 cum,
319 3406 408 3461 habet
420 3425 520 3479 parva
538 3406 617 3479 quod
633 3416 712 3462 recte
731 3406 866 3462 Klotzius
883 3415 1000 3462 secatus
1019 3414 1077 3474 est3
1101 3424 1167 3462 nam
1186 3424 1296 3481 pervus

219 3499 314 3545 metus
331 3490 512 3565 significatur
529 3510 566 3547 ox
585 3491 685 3566 parvis
702 3491 798 3556 rebus,
817 3509 892 3564 quae
910 3500 1078 3547 metuantur
1089 3490 1234 3565 (corporis
1251 3490 1295 3547 in·

219 3576 379 3631 commodis
397 3584 426 3630 ct
443 3576 595 3649 externis).
632 3575 764 3633 Sallustii
782 3585 879 3632 eutem
892 3576 983 3645 locus,
1003 3576 1052 3649 qui
1071 3576 1101 3631 in
1114 3576 1177 3650 Ing.
1192 3575 1242 3645 85,
1256 3576 1291 3632 31

220 3658 336 3733 legitur,
354 3670 493 3733 quantam
512 3661 619 3718 habeat
637 3662 823 3735 pravitatem,
842 3671 974 3735 apparot,
995 3661 1143 3734 quoniam,
1160 3660 1185 3716 si
1199 3660 1296 3717 Sallu·

219 3744 292 3800 stius
304 3745 484 3819 scripsisset:
497 3766 599 3820 param
610 3748 640 3801 id
644 3749 729 3818 sacre.
742 3764 800 3801 non
813 3746 907 3802 solum
916 3766 1017 3821 panna
1030 3756 1108 3802 esset
1116 3766 1166 3801 non
1174 3748 1295 3814 matham,

219 3829 269 3885 sed
293 3848 346 3903 pro
364 3830 525 3887 adiectivo:
548 3852 599 3885 aaa
621 3850 748 3903 mayenne
770 3832 800 3886 id
814 3833 905 3903 facim
929 3849 1107 3905 quamquam
1126 3831 1181 3886 hoc
1198 3831 1296 3906 ipsum

219 3914 285 3987 quis
304 3914 417 3970 audivit
434 3934 487 3988 pro
505 3935 549 3983 eo,
573 3915 651 3989 quod
669 3925 727 3971 ost:
752 3935 801 3971 nen
819 3919 911 3988 maqm'
925 3918 955 3974 id
970 3913 1067 3989 jacio?
1096 3917 1188 3973 Recte
1205 3915 1297 3991 igitur

219 3999 395 4067 iudicarunt,
419 3999 468 4072 qui
492 4019 529 4056 ox
548 4003 632 4074 parci
652 4002 682 4056 id
703 4009 799 4056 ertum
818 4002 922 4075 paruid
943 4010 1026 4057 etex
1045 4020 1080 4057 eo
1101 4000 1227 4067 lineolae
1244 4000 1296 4057 ad·

219 4083 344 4140 iectione
368 4105 470 4159 parum
497 4088 527 4142 id
553 4084 663 4141 factum
688 4093 875 4159 pataverunt.
925 4086 1086 4142 Praeterea
1113 4104 1171 4142 non
1200 4085 1294 4142 solum

219 4168 394 4244 significatio
407 4170 487 4225 vocis
500 4190 602 4245 parum
614 4169 713 4237 efficit,
732 4180 763 4226 ut
781 4188 816 4226 no
830 4170 902 4226 alibi
920 4171 1038 4244 quidem
1056 4188 1179 4244 usquam
1194 4189 1296 4245 puram
1371 4183 1378 4196 ⁰

218 4255 326 4327 aliquid
347 4255 470 4323 dicatur,
494 4255 545 4311 sed
568 4255 666 4312 obstat
689 4263 794 4311 natura
811 4255 953 4313 adverbii.
977 4256 1055 4330 quod
1074 4273 1140 4311 cum
1159 4255 1295 4311 substen-

218 4338 281 4395 tivo
307 4342 415 4413 aliquid
440 4358 499 4395 non
523 4341 616 4416 magis
639 4340 788 4413 cenauit,
818 4358 905 4414 quam
934 4341 958 4397 si
987 4341 1067 4397 dicas
1095 4344 1163 4396 satis
1190 4341 1297 4414 aliquid

215 4427 352 4498 pecuniae.
399 4424 516 4482 Dicitur
538 4425 643 4483 Latine
662 4427 776 4500 paulum
798 4427 905 4499 aliquid
926 4425 974 4498 (de
997 4425 1081 4484 Orat.
1104 4425 1128 4493 Ι,
1153 4425 1202 4497 95,
1227 4424 1296 4503 [pro

1063 4544 1174 4588 49,
