3030 5086
437 383 480 428 au
505 382 587 428 usu.
612 382 673 428 uua
697 382 708 427 1
731 380 805 428 cur.
831 383 935 429 ιε-ιι.
952 379 1084 444 (sa-ss.)
1236 360 1297 428 105

216 547 358 614 fatemur
385 568 404 615 e
427 550 569 631 corporis
592 550 804 631 voluptatibus
827 562 859 615 et
880 548 1055 629 doloribus;
1084 549 1202 631 (itaque
1224 566 1297 614 cou-
1328 560 1329 563 ’

218 653 313 728 cedo,
340 652 538 733 quodmodo
562 651 701 729 dicebas,
735 652 848 717 cadere
869 670 979 729 causa,
1012 652 1038 716 si
1066 651 1119 733 qui
1142 670 1159 717 e
1180 649 1297 715 uostris

218 752 312 818 aliter
333 753 525 833 existimant,
547 771 627 836 quos
649 753 774 834 quidem
796 753 888 819 video
910 772 981 819 esse
1002 752 1130 832 multus,
1161 753 1217 817 sed
1238 751 1296 815 im·

217 855 368 936 peritum)
390 873 579 937 quamquam
595 863 699 920 autem
717 859 756 919 et'
766 854 915 919 laetitiam
934 854 1024 920 nobis
1041 854 1186 935 voluptas
1202 853 1297 918 animi

217 962 252 1020 et
272 957 445 1022 molestiam
467 956 557 1022 dolor
579 955 706 1036 afferat,
733 975 841 1022 eorum
870 964 974 1022 tamen
1002 961 1169 1037 utrumque
1190 960 1223 1020 et
1244 955 1335 1021 or-5

294 1149 312 1193 Ι.
322 1144 476 1208 soleaturC
502 1133 546 1191 ἰἰο
567 1145 586 1192 lt
627 1149 649 1190 ν.
668 1143 751 1192 cedma
769 1161 858 1194 causae
876 1159 962 1193 omnes
998 1144 1121 1193 oestrr'rC
1161 1148 1182 1190 ³.
1203 1141 1295 1206 qualem

218 1212 311 1260 0111.ss
357 1219 378 1260 t.
402 1220 424 1260 et
443 1213 533 1260 unul]
579 1217 601 1257 5.
630 1219 651 1261 et
673 1210 768 1261 dolores
792 1211 921 1261 caelestium
943 1212 1050 1262 dolorli
1087 1213 1172 1276 afferet
1192 1209 1296 1276 [h']EC

218 1281 322 1343 afferret
341 1279 438 1328 LPMR

219 1435 321 1491 eadem
345 1436 503 1511 Epicurum
527 1436 693 1493 inevitabili
715 1436 887 1512 implicabat
909 1436 1117 1512 repugnantia
1141 1453 1206 1492 curu
1230 1453 1297 1509 pro·

220 1520 313 1596 priam
342 1522 488 1595 quandam
518 1530 547 1578 et
575 1532 740 1597 separatam
769 1521 858 1578 animi
887 1521 1068 1595 voluptatem
1097 1530 1127 1578 et
1154 1519 1296 1576 laetitiam

219 1605 379 1662 induceret.
429 1606 633 1679 (Plutarchus
664 1608 732 1664 Non
762 1625 848 1682 posse
876 1606 1007 1663 suaviter
1033 1607 1135 1662 ceth
1165 1624 1194 1680 p.
1217 1605 1295 1662 1089

219 1689 255 1760 E,
279 1690 491 1788 Epicureorum
509 1692 678 1791 exprimens
695 1692 881 1790 seutentiam,
904 1682 938 1749 τὸ
961 1677 1134 1764 ἡοόμενον’
1126 1709 1155 1749 ιιι
1173 1707 1297 1765 corpore

219 1775 313 1850 ponit
335 1766 370 1831 ιό
391 1778 496 1853 χαῖρον
519 1776 548 1833 in
571 1777 679 1843 animo,
704 1776 812 1840 nescio,
835 1796 902 1833 num
927 1777 1014 1834 etiam
1036 1794 1119 1832 usum
1139 1775 1297 1832 verborum

218 1863 417 1932 conservans)
474 1861 519 1918 Ne
553 1861 721 1937 expectatio
754 1862 871 1936 quidem
906 1861 957 1918 illa
986 1858 1106 1918 futurae
1135 1861 1296 1936 voluptatis

218 1955 270 2002 aut
294 1946 434 2002 memoria
456 1947 633 2021 praeteritae
657 1950 683 2019 (ξ
703 1950 755 2019 41)
779 1948 828 2021 qui
853 1958 903 2004 aut
921 1954 1054 2004 oreretur
1070 1958 1119 2003 aut
1138 1955 1296 2015 constaret,

219 2031 296 2088 ratio
319 2031 401 2087 reddi
425 2040 556 2105 poterat,
580 2051 633 2088 nec
656 2033 791 2101 omnino,
815 2033 864 2106 qui
888 2031 1055 2088 alliceretur
1077 2032 1206 2098 animus,
1229 2049 1296 2087 cum

219 2116 314 2174 ornnis
337 2135 386 2182 ea,
415 2134 490 2189 quae
518 2134 595 2173 nunc
622 2118 803 2174 conscientia
825 2118 869 2174 sui
893 2117 1014 2185 dicitur,
1042 2115 1164 2191 ipseque
1193 2134 1296 2173 sensus

218 2202 249 2257 in
273 2201 378 2257 atomis
400 2201 543 2259 interiret.
591 2203 703 2259 Rursus
726 2203 885 2278 Epicurus,
915 2221 979 2259 curn
1009 2201 1158 2258 docuisset
1180 2220 1295 2257 omnem

219 2286 309 2343 animi
331 2284 461 2343 dolorem
492 2306 507 2342 ε
536 2304 658 2362 οοιροιε
682 2306 760 2356 esse,
789 2288 827 2344 ob
855 2288 911 2345 hoc
938 2287 1033 2360 ipsum
1063 2286 1298 2362 reprehendebat

220 2371 342 2428 aliorum
367 2371 469 2427 inanes
492 2390 615 2448 angores
638 2383 668 2429 et
691 2392 852 2442 maerores,
881 2373 959 2447 quod
989 2390 1045 2428 non
1075 2383 1171 2429 essent
1200 2371 1257 2428 orti
1280 2389 1296 2427 e

220 2473 356 2554 corpore,
384 2474 441 2513 non
471 2457 724 2527 animadvertens,
758 2477 804 2527 se,
833 2477 897 2515 cum
927 2467 1048 2532 negaret
1076 2459 1217 2515 dolmdum
1240 2476 1298 2514 esee
1386 2501 1390 2511 .

221 2541 275 2597 uisi
299 2550 419 2640 propter
441 2544 597 2617 corpus(§
622 2543 683 2617 59),
706 2544 876 2612 concedere,
900 2561 988 2617 saepe
1011 2544 1097 2598 doleri
1118 2543 1177 2600 alia
1199 2560 1296 2599 causa.

221 2626 324 2684 Nou
316 2625 424 2682 miuria
451 2626 629 2685 Plutarchus
657 2628 737 2701 (Non
767 2647 883 2726 posse
881 2628 1011 2686 suaviter
1033 2638 1087 2685 cet.
1120 2631 1136 2686 5
1166 2648 1204 2718 p
1217 2629 1295 2684 1089

221 2712 261 2807 D)
289 2711 451 2807 Epicureos
482 2712 524 2769 ait
556 2730 608 2787 την
642 2703 691 2769 εἴτ’
720 2703 826 2806 ηὀονην
852 2704 901 2769 εντ’
922 2704 1058 2810 οἱιιονιάν
1086 2701 1104 2786 ἢ
1131 2699 1296 2770 εὐπάθειαν

221 2784 281 2883 o'r'rpr
308 2785 356 2851 uui
379 2782 460 2851 ariam
482 2791 631 2871 μεταίρειν
656 2789 685 2851 ἐκ
706 2794 762 2853 τοῦ
784 2785 924 2892 σώματος
952 2788 993 2860 εἰς
1015 2815 1067 2891 νην
1090 2786 1201 2896 ψιιχῆν,
1231 2788 1296 2851 εἶτα

219 2863 350 2934 udlar'
336 2897 365 2934 uc
392 2867 505 2954 ταύτης
533 2873 573 2945 εἰς
601 2873 706 2949 taetro,
739 2878 782 2952 τῷ
803 2871 844 2955 μὴ
872 2875 981 2977 στέγειν
1009 2871 1220 2976 ἀπορρέουσαν
1247 2867 1296 2934 καὶ

219 2955 533 3036 superterrenorum,
556 2955 814 3040 ἀναγκαζομένοις
835 2963 871 3039 τῇ
895 2956 970 3042 ἀρχῇ
993 2955 1159 3021 συνάπτειν.

304 3050 401 3104 cadere
424 3050 531 3125 causo)
564 3048 689 3106 Codices
722 3052 814 3106 cedere
846 3071 944 3106 ιιιιιιιιε
977 3050 1079 3122 (Pell.
1109 3048 1175 3126 [B]
1210 3051 1296 3119 Dua,

221 3131 297 3188 Oxx.
323 3128 409 3202 Eut,
439 3132 507 3191 Gaii
532 3145 649 3209 praeter
671 3135 759 3204 duos;
782 3135 811 3191 hi
836 3154 901 3191 cum
925 3153 941 3208 χ
964 3137 1056 3192 cedere
1077 3138 1182 3208 curren).
1227 3135 1297 3192 Vic-

221 3218 326 3273 lorium
352 3219 476 3292 primum
501 3220 664 3277 correxisse
687 3230 758 3295 puto
781 3219 846 3292 (cfr.
870 3221 903 3278 ΙΙ
925 3221 961 3276 de
984 3221 1049 3278 lnv.
1075 3222 1125 3289 57,
1154 3220 1190 3276 ad
1215 3221 1296 3276 Fam.

222 3303 291 3369 Vll,
325 3306 375 3369 14,
405 3307 447 3375 l);
483 3323 549 3360 nam
579 3306 746 3380 superiores
777 3318 861 3362 vetus
891 3316 999 3362 tenent.
1049 3303 1148 3385 [risorio
1180 3307 1295 3375 dicebas,

221 3386 273 3444 cfr.
298 3393 311 3457 ξ
336 3384 400 3467 lb]

305 3477 399 3547 siqui
418 3476 584 3547 existimant)
605 3476 674 3531 Ern.
692 3473 751 3555 [ed.
771 3477 850 3532 Man.
875 3472 969 3554 1560]
992 3479 1149 3533 νινιίιιίιιειιε.
1185 3477 1295 3532 Verum

221 3557 357 3631 obliquae
380 3559 522 3616 orationis
546 3560 590 3616 ris
613 3560 641 3616 in
666 3561 832 3617 huiusmodi
855 3562 1022 3628 sententiis,
1047 3580 1121 3634 quae
1144 3580 1162 3617 a
1184 3561 1295 3636 primae

222 3661 362 3716 personae
391 3645 481 3700 verbo
511 3646 653 3719 pendent,
684 3646 769 3702 facila
800 3646 995 3721 extinguitur,
1025 3665 1133 3720 eaque,
1162 3664 1237 3720 quae
1266 3646 1295 3701 in

220 3739 302 3802 parte
325 3729 467 3785 orationis
489 3731 644 3805 pendentis
667 3749 731 3787 esse
754 3731 909 3800 debebant,
933 3731 1067 3788 absolute
1090 3740 1247 3808 ponuntur.

304 3831 469 3888 quamquam
488 3848 527 3856 -
545 3817 654 3891 offerat)
677 3816 712 3873 Ιιι
732 3817 795 3875 cod.
815 3817 894 3872 arch.
918 3816 974 3873 fuit
997 3817 1059 3873 sinc
1083 3817 1171 3873 dubio
1193 3819 1294 3889 offeret,

221 3898 296 3953 unde
319 3898 480 3956 deteriores
497 3894 612 3974 (Εὓξχ)
635 3905 742 3974 offerret
759 3901 879 3963 (Gziusr
906 3902 974 3968 „alii
992 3902 1075 3958 codd.
1093 3905 1180 3976 offert,
1203 3904 1296 3974 afferet

220 3992 248 4038 et
280 3986 428 4058 offerrct“).
488 3986 590 4042 Nihilo
623 3987 739 4062 longius
774 3986 902 4043 distabat
935 3989 1028 4060 offert,
1068 3987 1144 4060 quod
1178 3987 1295 4042 Marsus

221 4069 322 4136 haben
350 4071 401 4126 sed
431 4070 492 4138 hic,
522 4070 637 4146 lougius
660 4072 717 4128 iam
742 4090 897 4148 progressa
919 4072 1059 4128 orationis
1082 4072 1219 4146 obliquae
1242 4072 1296 4127 im·

220 4153 393 4228 plicatione,
423 4156 518 4213 minus
547 4156 709 4231 probabilis
739 4157 917 4215 indicativus
940 4167 1011 4214 erat.
1056 4156 1177 4234 [Afferot
1199 4155 1295 4214 Aldus
1348 4179 1353 4187 ·

220 4239 330 4313 primus
353 4241 486 4316 posuisse
511 4239 652 4319 videtur]
