3030 5086
216 470 282 537 524
377 452 381 465 ⁹
605 488 650 534 nn
672 486 803 535 nmmos
826 487 897 533 sou.

217 658 251 722 id
273 674 336 721 non
357 657 555 735 concedatur,
576 673 639 721 non
662 656 808 720 mutinno
830 655 895 719 vita
916 655 1009 719 beata
1029 652 1156 718 tollitur.
1200 652 1296 718 Bona

217 764 322 822 autern
344 758 485 838 corporis
507 758 579 823 huic
600 763 687 837 sunt,
715 760 798 840 quod
818 756 976 839 posterius
998 756 1104 837 posui,
1132 755 1294 820 similiora

217 859 346 925 Habent
372 858 454 924 enim
482 859 692 925 accessionem
714 859 855 940 dignam
888 859 921 924 in
948 877 1011 939 qua
1037 858 1227 936 elaboretur,
1255 862 1298 921 ut

216 961 293 1025 mihi
309 960 341 1025 in
359 961 418 1026 hoc
428 960 524 1025 Stoici
542 960 638 1025 iocari
655 961 821 1026 videantur
836 961 1001 1038 interdum,
1022 977 1092 1024 cum
1113 959 1160 1024 ita
1177 959 1296 1038 dicant,

287 1186 310 1229 2.
327 1181 438 1245 pernisi
454 1180 552 1232 meliora
570 1181 592 1231 1⁴:

217 1389 266 1427 cur
277 1371 375 1443 inflas,
387 1374 485 1447 afferre
496 1391 633 1446 nequeam,
638 1375 816 1446 fieriunrnino
827 1392 912 1446 nepes.
936 1372 1014 1443 (Hoc
1025 1381 1084 1427 est:
1099 1371 1157 1428 ista
1167 1369 1294 1440 rati0ne,

217 1456 294 1512 si-
309 1455 413 1522 dicam,
431 1457 526 1531 possis
543 1475 659 1533 negare.
684 1459 783 1534 Vulgo
799 1456 1009 1533 interrogative
1025 1456 1183 1530 accipiunt,
1200 1454 1296 1531 parti·

218 1541 302 1598 culae
320 1552 348 1597 ut
365 1542 486 1611 nullam,
505 1542 620 1617 opinor,
637 1544 780 1600 rationem
795 1543 943 1611 ducentes,
961 1553 1064 1599 contra
1081 1539 1294 1598 sententiarum

218 1626 446 1686 cohaerentiam.
471 1628 547 1684 Nam
566 1627 591 1683 si
604 1627 708 1687 Cicero
726 1629 773 1684 hic
790 1629 999 1704 interrogando
1016 1627 1223 1703 significasset:
1240 1646 1296 1682 non

217 1730 296 1785 nepes
306 1713 378 1786 fieri,
397 1731 454 1769 non
467 1723 582 1787 poterat
594 1713 741 1770 subicere:
758 1713 838 1781 Quod
849 1716 998 1787 r'dernsacis
1010 1714 1077 1787 cet.)
1101 1712 1242 1780 Acadil,
1251 1712 1295 1768 50

218 1797 306 1854 etiam
330 1796 515 1866 affirmatius,
539 1816 596 1854 non
621 1799 809 1875 hypothetice
832 1800 874 1857 sic
891 1798 996 1858 Cicero
1018 1797 1108 1855 dixit:
1130 1808 1168 1867 nt,
1191 1800 1216 1853 si
1236 1799 1298 1872 lupi

216 1883 328 1940 cambus
350 1886 447 1940 srtns'ies
466 1883 624 1956 (excidisse
642 1885 759 1941 videtur
775 1888 859 1957 sunt),
882 1886 985 1941 eosdem
1005 1885 1078 1940 dices
1094 1885 1133 1939 ud
1148 1892 1298 1938 estremum

218 1967 260 2042 (id
283 1977 342 2024 est:
365 1969 427 2026 Ista
449 1969 573 2037 ratione,
596 1971 621 2027 si
645 2004 680 2013 -
703 1981 780 2039 sunt,
803 1971 882 2027 dices
905 1980 982 2033 cett.
1017 1970 1078 2025 Iam
1102 1979 1181 2024 recte
1203 1985 1295 2042 expe-

218 2053 274 2109 diri
298 2054 407 2128 poterit
428 2054 510 2111 locus
532 2055 583 2111 ille
605 2056 635 2111 in
655 2057 720 2115 IN.
736 2056 773 2114 D.
789 2057 838 2121 88,
861 2056 890 2112 in
914 2073 972 2129 qno
984 2052 1142 2110 Walkerus
1159 2051 1298 2109 etHein-

218 2138 327 2195 dorfius
349 2158 381 2197 se
403 2149 560 2208 torserunt,
584 2142 673 2198 ceteri
696 2151 794 2198 antem
818 2139 1019 2198 difficultatem
1043 2157 1100 2196 non
1123 2137 1296 2213 attigerunt.

219 2222 269 2282 Sic
292 2224 369 2280 enim
393 2225 599 2300 distingvenda
621 2226 713 2283 verbe
735 2238 817 2284 sunt:
849 2225 925 2294 Quae
946 2236 1008 2282 sunt
1030 2234 1119 2281 tantus
1140 2226 1225 2281 animi
1244 2243 1296 2279 an·

215 2313 341 2382 pastilis!
367 2310 411 2378 Ut,
434 2315 460 2366 si
480 2311 592 2385 Seriphi
612 2306 692 2369 natus
714 2332 786 2369 esses
803 2344 852 2376 -,
875 2330 926 2367 non
943 2312 1064 2368 crederes
1081 2313 1167 2367 Iwnes
1183 2318 1208 2365 et
1220 2327 1295 2383 pon·

218 2396 310 2451 theras
331 2413 395 2463 esse,
419 2415 478 2452 cum
501 2396 556 2465 tili,
579 2399 674 2470 quales
692 2409 787 2464 essent,
810 2399 942 2454 diceretur
959 2409 1013 2453 eet.
1027 2395 1069 2467 (id
1087 2406 1144 2451 est:
1167 2395 1231 2451 Ista
1245 2412 1295 2450 ra·

219 2480 300 2536 tione
313 2512 351 2521 -
364 2499 422 2537 non
435 2481 591 2555 crederes).
615 2483 822 2540 Proximorum
835 2483 991 2539 verborum
1005 2501 1089 2556 aspice
1105 2483 1159 2536 nita
1175 2480 1296 2536 iucundo

218 2565 347 2622 insolens
370 2566 441 2622 ordo
464 2575 518 2635 est,
541 2585 596 2624 nec
618 2569 713 2625 simile
731 2567 896 2641 exemplum
915 2566 1139 2626 Ciceroniannm
1158 2565 1295 2622 substan·

218 2649 272 2707 tivi
295 2651 372 2707 inter
394 2651 571 2709 adiectivnm
595 2672 678 2710 suum
708 2664 737 2710 et
764 2653 935 2710 adverbium
965 2653 991 2709 ei
1019 2652 1182 2708 adhaerens
1204 2651 1297 2707 inter·

218 2735 307 2810 positi
331 2735 434 2805 habeo,
458 2732 529 2816 [nisi
542 2739 628 2796 Verr.
643 2741 684 2806 II,
701 2741 774 2796 114:
797 2746 884 2812 nrnpis
905 2758 980 2795 ream
1002 2740 1211 2802 condemnatum,
1234 2733 1295 2795 Off.

217 2819 243 2888 I,
272 2821 346 2878 1192
368 2825 450 2878 mado
471 2855 513 2865 —
530 2843 597 2880 cura
618 2830 718 2894 moion
741 2844 808 2882 nem
831 2825 910 2899 quod
932 2824 979 2881 hic
1001 2824 1056 2891 IV,
1079 2823 1115 2878 13
1138 2832 1214 2878 erat:
1238 2831 1296 2879 wne

217 2907 252 2962 de
272 2907 351 2962 rebus
373 2911 471 2977 variis,
495 2908 611 2966 codices
634 2910 703 2968 honi
726 2912 946 2968 subtraxerunt.
992 2909 1094 2965 Livius
1118 2909 1160 2974 II,
1185 2909 1234 2976 20,
1260 2908 1295 2964 8:

218 3000 292 3047 tanto
314 2996 461 3049 sinicione
483 2994 572 3050 etad
595 3014 661 3052 eum
685 2995 801 3053 modum
825 2996 892 3052 alia.
926 2996 1037 3054 Verum
1056 3012 1112 3050 non
1131 2993 1217 3050 huius
1235 2991 1296 3050 loci

218 3087 265 3133 est
287 3077 406 3133 uberius
429 3080 583 3154 persequi,
606 3099 682 3155 quae
704 3081 846 3138 Emendd.
873 3081 956 3137 Livv.
980 3100 1007 3155 p.
1027 3080 1085 3136 271
1112 3089 1141 3135 et
1163 3078 1192 3136 in
1217 3077 1298 3136 Livii

217 3180 236 3218 a
258 3180 305 3218 me
327 3171 357 3219 et
378 3162 521 3239 Ussingio
543 3166 615 3223 editi
638 3167 760 3241 praeiet.
780 3168 838 3225 vol.
856 3167 872 3224 I
890 3186 918 3241 p.
940 3167 956 3222 2
975 3184 1041 3241 pag,
1061 3165 1142 3223 XIII
1165 3164 1297 3221 breviter

217 3243 327 3325 attigi}

304 3334 343 3389 ad
364 3335 509 3391 ineundum
530 3336 660 3412 accessio)
683 3337 733 3397 Sic
756 3337 858 3394 Lamb.
889 3336 1028 3404 ecodd.,
1056 3345 1089 3392 ut
1111 3335 1167 3406 ait,
1195 3343 1225 3391 et
1252 3334 1297 3392 ita

218 3419 361 3494 scriptum
385 3420 500 3476 eratin
524 3423 588 3479 Pal.
608 3425 625 3480 6
649 3433 678 3481 et
701 3423 790 3493 Scal,
815 3421 970 3478 manifesto
992 3421 1143 3492 correctis.
1178 3421 1241 3478 Iam
1265 3420 1296 3477 in

217 3504 297 3560 arch.
321 3504 413 3573 enim,
443 3507 624 3566 nominativo
653 3518 719 3585 post
741 3508 988 3584 praepositionem
1012 3517 1042 3563 et
1063 3507 1241 3563 adiectivum
1265 3504 1296 3563 in

217 3590 418 3647 accusativum
449 3603 576 3663 mutato,
605 3595 744 3669 scriptum
769 3603 846 3650 erat:
874 3595 913 3649 ud
939 3595 1083 3649 iucundum
1111 3595 1295 3656 accessionem,

217 3685 251 3731 ut
273 3675 302 3732 in
322 3676 408 3744 Mon,
433 3677 509 3736 Pall.
526 3679 554 3748 3,
568 3681 596 3749 5,
620 3680 733 3753 aliquot
758 3680 844 3748 Dav,
868 3679 947 3738 Gud.
961 3680 989 3742 2,
1013 3678 1092 3737 Oxx.
1106 3677 1203 3751 Eum
1226 3675 1295 3732 inde

217 3759 327 3818 factum
352 3770 410 3818 est:
439 3765 477 3818 ud
504 3767 648 3822 iucundum
670 3769 843 3822 accessionem
872 3765 901 3821 in
925 3764 986 3821 Erl.
1010 3762 1076 3842 [B,]
1105 3763 1181 3820 Pali.
1207 3763 1239 3830 2,
1266 3763 1295 3830 4,

217 3847 295 3904 Dav.
319 3846 448 3921 aliquot,
472 3844 513 3923 ξχ,
539 3852 606 3910 Bas.
631 3862 661 3908 et
682 3850 745 3908 fere
768 3861 838 3907 vett.
861 3850 1048 3907 editionibus.
1094 3851 1141 3922 (In
1164 3848 1242 3923 Spir.
1266 3857 1297 3904 et

218 3930 297 3990 Gud.
326 3937 338 3988 1
365 3932 459 3991 Gzius
483 3936 572 3993 tradit
595 3955 673 3994 esse:
701 3938 740 3993 od
766 3938 910 3994 iucundum
933 3938 1101 4009 accessione.)
1145 3935 1221 3991 Tum
1246 3935 1296 3990 tol·

218 4021 282 4075 titur
304 4037 468 4075 connexum
492 4040 558 4079 cum
576 4024 628 4080 illo
650 4027 675 4080 si
696 4042 747 4079 non
769 4024 931 4080 concedatur
953 4032 981 4078 et
1004 4021 1127 4077 relatum
1151 4018 1296 4094 superiori

218 4105 313 4161 bonam
334 4106 383 4174 sit,
407 4105 431 4160 si
455 4123 555 4165 verum
579 4118 638 4179 est,
667 4108 795 4165 subitum
819 4108 974 4164 transitum
998 4106 1088 4162 habet
1109 4126 1127 4162 a
1149 4124 1195 4174 re,
1218 4122 1296 4179 quae

218 4188 347 4263 exempli
371 4207 460 4246 causa
476 4193 612 4269 fingatur,
636 4195 673 4251 ad
695 4194 861 4270 generalem
886 4193 922 4249 de
944 4211 986 4262 re,
1010 4192 1155 4267 quaesit,
1178 4199 1296 4247 senten·

217 4275 309 4342 tiam3
349 4284 377 4331 et
416 4277 566 4337 substituit
606 4280 710 4339 Cicero
744 4280 822 4336 vitae
861 4278 1004 4335 iucundae
1038 4278 1136 4334 vitam·
1169 4277 1295 4333 beatam.

218 4360 379 4417 Lambinus
412 4366 531 4422 tollatur.
586 4366 738 4423 Manutius
772 4374 801 4422 et
834 4365 938 4433 ceteri,
973 4365 1048 4420 Dav.
1079 4371 1218 4438 excepto,
1252 4365 1296 4418 sin

216 4455 305 4502 uuum
327 4447 425 4502 tacite.
