3030 5086
284 454 349 520 384
676 473 721 519 nn
742 472 875 519 rmraus
896 473 969 519 nou.

285 645 389 704 motus
417 659 478 705 non
506 640 621 721 quivis,
649 641 705 705 sed
732 647 835 705 certus
862 640 989 720 quidam
1018 646 1067 704 est
1094 641 1202 719 datus,
1231 641 1276 705 sic
1297 639 1368 705 vita

284 743 408 824 agenda
429 751 477 806 est
499 748 584 807 certo
605 760 721 824 genere
737 743 881 824 quodam,
904 761 965 806 non
984 740 1137 823 quolibet;
1160 743 1244 823 quod
1262 759 1365 824 genus

284 843 470 908 conveniens
481 851 784 925 consentaneumque
795 843 933 908 dicimus.
961 843 990 907 N
992 861 1027 908 ec
1043 844 1126 908 enim
1143 842 1366 923 gubernationi

284 951 342 1009 aut
362 945 534 1010 medicinae
556 946 686 1011 similem
709 945 896 1026 sapientiam
918 964 988 1011 esse
1009 946 1208 1024 arbitramur,
1231 947 1288 1010 sed
1310 963 1365 1009 ac-

246 1046 361 1114 btioni
383 1046 425 1110 illi
448 1047 568 1129 potius,
591 1044 684 1129 quam
707 1048 799 1112 modo
823 1047 902 1127 diri,
930 1054 962 1112 et
983 1047 1155 1127 saltationi,
1183 1047 1269 1112 utin
1292 1047 1366 1127 ipsa

285 1147 368 1228 insit
391 1167 452 1213 non
474 1148 553 1215 loris
574 1157 701 1230 petatur
723 1155 903 1228 extremum,
925 1149 958 1213 id
980 1156 1037 1228 est,
1059 1148 1136 1213 artis
1159 1148 1289 1214 effectio.
1322 1148 1367 1213 Et

285 1255 390 1315 tamen
412 1258 462 1315 est
482 1250 576 1342 etiam
598 1251 660 1316 alia
681 1270 751 1316 cum
772 1251 821 1315 his
842 1251 919 1331 ipsis
942 1250 1062 1315 artibus
1079 1251 1253 1331 sapientiae
1270 1249 1364 1315 dissi-

285 1351 436 1430 militudo,
458 1361 628 1434 propterea
649 1353 734 1434 quod
755 1351 874 1430 inillis,
895 1371 978 1432 quae
995 1359 1078 1417 recte
1095 1351 1178 1417 facta
1195 1355 1276 1431 sunt,
1299 1369 1365 1416 non

285 1454 444 1519 continent
458 1460 564 1518 tamen
577 1473 684 1518 omnes
700 1462 818 1534 partes,
836 1452 979 1535 equibus
991 1459 1149 1533 constant;
1166 1471 1248 1536 quae
1258 1460 1366 1518 autem

358 1645 378 1691 l.
397 1657 443 1689 nou
461 1639 550 1703 qut'ali
583 1639 627 1689 red
642 1648 718 1689 tentus
737 1640 757 1688 P
798 1646 820 1691 2.
841 1648 875 1690 at
893 1641 917 1689 in
934 1649 997 1690 cerro
1016 1640 1036 1688 L
1072 1657 1118 1690 noo
1137 1638 1257 1704 quoddam
1275 1657 1323 1689 non
1342 1637 1364 1687 Ε

288 1714 310 1760 b.
328 1708 397 1758 modo
415 1724 463 1758 om.
484 1708 505 1759 C
540 1717 565 1757 at
582 1717 634 1757 arte
652 1709 676 1756 in
695 1709 834 1773 sarantes
851 1717 876 1758 ut
894 1711 917 1757 tn
936 1709 991 1771 ipsa
1008 1709 1090 1758 arteP
1127 1712 1149 1760 7.
1168 1708 1240 1758 etium
1259 1723 1307 1758 om.
1319 1705 1362 1757 Or.

286 1776 322 1826 lis
340 1792 388 1827 om.
408 1777 428 1827 L
447 1776 468 1826 is
487 1778 509 1825 R
545 1786 568 1828 s.
587 1785 652 1826 recto
671 1778 693 1826 E
729 1783 751 1826 9.
772 1776 917 1826 continentur
935 1778 1054 1828 LPMCB
1089 1794 1154 1827 omne
1173 1778 1195 1826 Ε
1230 1776 1299 1826 exC

374 1950 423 2006 24.
445 1952 473 2005 in
494 1952 556 2024 ι’ρεα
577 1949 653 2024 insit)
675 1952 744 2006 Arte
764 1953 792 2006 in
813 1954 875 2026 apsa
891 1951 980 2008 etiam
995 1952 1072 2020 Bas,
1090 1949 1170 2008 Gud.
1185 1954 1212 2016 1,
1232 1949 1363 2008 Vindob.

286 2035 365 2109 apud
388 2034 505 2092 Gaium.
551 2034 688 2092 Editores
718 2036 786 2091 inde
813 2037 851 2092 ab
874 2036 953 2094 Aldo
977 2043 1220 2111 transposuerant
1241 2037 1281 2107 (in
1303 2040 1366 2110 ἰρεα

286 2122 371 2193 orte);
394 2119 424 2175 in
447 2119 571 2177 delendo
595 2120 740 2177 vocabulo
758 2130 817 2177 arte
833 2121 926 2178 Gaius
943 2122 1031 2178 etiam
1045 2121 1123 2196 Spir.
1135 2116 1190 2200 [B]
1209 2129 1240 2178 et
1251 2119 1363 2179 (luda

287 2214 404 2261 secutus
437 2214 490 2261 est.
545 2206 579 2261 In
606 2208 667 2280 ipsu
694 2204 799 2264 Cicero
827 2205 941 2262 rettulit
968 2206 1005 2263 ad
1033 2206 1224 2281 sapientiam,
1258 2204 1365 2262 deinde
1434 2255 1438 2263 .

287 2289 404 2346 transiit
425 2289 463 2346 ad
485 2308 587 2365 genus.
1301 2288 1306 2294 ’

372 2379 500 2431 autetiam
512 2377 567 2434 aba
578 2394 638 2431 cum
649 2375 691 2432 bis
702 2377 769 2449 ipsis
780 2377 897 2446 arabus)
913 2378 1056 2450 Apertum
1069 2385 1122 2445 est
1135 2374 1321 2432 saltationem
1335 2384 1367 2430 et

287 2459 439 2516 histrionis
456 2459 602 2517 actionem
620 2459 792 2535 significari3
817 2479 884 2518 narn
903 2471 933 2517 et
950 2461 1126 2535 pronomina
1142 2462 1198 2533 (bis
1213 2462 1292 2535 ipsis)
1309 2459 1365 2516 boc

286 2544 455 2614 ostendunt,
473 2563 548 2618 quae
561 2545 599 2600 ad
616 2545 767 2619 proximas
779 2555 858 2603 artes
869 2544 1046 2615 referuntur,
1064 2555 1094 2601 et
1105 2545 1251 2619 particula
1267 2554 1366 2613 manen,

287 2646 363 2703 quae
386 2629 545 2704 significat,
575 2648 640 2696 eas,
670 2648 746 2703 quae
768 2648 863 2706 nuper
884 2630 1107 2687 similitudinem
1129 2648 1195 2686 cum
1219 2629 1365 2704 sapientia

287 2714 397 2771 habere
419 2714 515 2771 dictae
531 2723 638 2784 essent,
662 2733 739 2771 nunc
761 2715 841 2789 ipsas
858 2715 1016 2772 dissimiles
1033 2715 1166 2791 reperiri,
1189 2725 1219 2771 at
1234 2713 1368 2790 postulat

287 2816 344 2855 res.
388 2800 471 2856 Haec
493 2799 580 2865 enim,
604 2816 679 2874 quae
701 2799 731 2855 in
754 2812 834 2857 recte
856 2798 943 2857 factis
965 2800 1098 2875 ponitur,
1122 2798 1306 2874 comparatio
1328 2797 1367 2856 ed

287 2901 338 2940 eas
360 2885 495 2958 proxime
517 2883 762 2960 peruastantes,
786 2903 909 2958 quarum
933 2903 1048 2942 summa
1070 2895 1115 2941 est
1137 2885 1166 2941 in
1191 2885 1256 2959 ipsa
1278 2880 1367 2940 effec-

287 2967 368 3024 tione
391 2977 421 3024 et
442 2978 521 3026 recte
543 2969 633 3027 facto.
679 2970 746 3026 Hoc
768 2987 833 3026 cum
857 2970 992 3027 Bremius
1015 2970 1128 3026 videret
1151 2971 1182 3043 (a
1199 2958 1283 3026 cuius
1299 2986 1367 3025 sen·

287 3053 381 3109 tentia
402 3051 496 3112 Gaius
518 3054 641 3111 ridicule
663 3053 836 3128 aberravit),
859 3055 1029 3113 mendosum
1054 3055 1177 3129 putabat
1199 3057 1278 3112 etium
1299 3055 1367 3124 alia,

287 3138 367 3210 quod
393 3139 505 3195 nullam
533 3148 621 3197 antea
642 3138 746 3196 harum
769 3140 892 3210 artium,
923 3140 974 3196 sed
1002 3148 1115 3196 tanturn
1146 3139 1308 3198 medicinae
1337 3147 1369 3195 et

286 3222 518 3298 gubernationis,
541 3241 607 3281 cum
629 3224 777 3299 sapientia
799 3224 1068 3282 dissimilitudinem
1091 3224 1167 3284 Cato
1188 3242 1368 3281 commemo·

287 3316 396 3376 raseet3
420 3308 520 3382 itaque
543 3309 631 3365 scribi
655 3309 788 3366 volebat:
811 3312 889 3367 etiam
911 3312 1013 3384 aliqua.
1048 3309 1106 3368 Sed
1129 3309 1247 3367 defendi
1267 3317 1369 3384 potest

287 3395 344 3449 ulia
366 3393 418 3462 sic,
442 3403 475 3449 ut
486 3393 560 3452 Cato
577 3394 704 3470 primum
722 3394 860 3451 universe
877 3394 913 3450 da
933 3394 1046 3451 artibus
1063 3395 1197 3470 cogitans
1214 3393 1257 3451 sic
1274 3393 1368 3450 dicat:

288 3477 342 3535 Est
364 3478 454 3535 etiam
477 3479 536 3535 alia
558 3480 658 3553 (atque
681 3497 730 3544 ea,
763 3498 850 3553 quam
879 3479 909 3535 in
932 3480 1145 3554 gubernatione
1168 3488 1198 3535 et
1220 3478 1370 3535 medicina

287 3563 416 3636 ostendi)
439 3563 647 3621 dissimilitudo
669 3564 832 3638 sapientiae
860 3582 925 3620 cum
948 3565 1076 3632 artibus,
1105 3583 1198 3638 eaque
1226 3581 1292 3620 cum
1320 3563 1370 3621 his

288 3646 376 3722 ipsis,
406 3647 563 3705 saltatione
591 3658 620 3705 et
647 3649 764 3705 actione
792 3649 966 3706 histrionum
990 3661 1045 3706 cet.
1090 3651 1137 3720 (In
1167 3649 1249 3705 exitu
1277 3648 1368 3704 etiam

276 3733 452 3797 ,sententiae
485 3734 622 3790 universe
656 3733 800 3807 loquitur:
834 3737 861 3791 in
893 3737 986 3791 neuris
1013 3735 1139 3806 artibus.)
1188 3731 1369 3791 Huiusmodi

288 3818 475 3893 neglegentia
497 3819 640 3877 orationis
662 3819 691 3875 in
716 3818 761 3876 bis
784 3819 867 3876 libris
884 3818 1033 3876 offendere
1051 3820 1101 3876 vix
1125 3827 1232 3894 potest.
1268 3818 1369 3875 Tolle·

227 3974 230 3980 Ι
288 3910 370 3959 retur
386 3903 445 3959 alio
463 3904 550 3960 modo
567 3903 735 3970 difficultas,
759 3903 784 3960 si
806 3913 886 3961 recte
904 3903 998 3964 Gaius
1014 3908 1093 3961 etium
1110 3904 1267 3974 omisisset,
1289 3902 1370 3977 quod

288 3987 319 4043 in
333 3987 409 4062 Spir.
432 3997 462 4044 et
484 3988 546 4045 Erl.
569 4007 642 4057 esse,
666 3989 696 4045 in
719 3990 826 4046 ceteris
848 3989 910 4046 suis
926 3991 1030 4047 abesse
1048 3990 1098 4057 ait,
1122 3999 1155 4045 ut
1176 3989 1207 4045 in
1220 3982 1272 4056 Εξ.
1308 3987 1369 4047 Sed

288 4090 354 4128 cum
377 4073 496 4147 optimis
518 4070 621 4152 [etiam
644 4068 715 4152 ΑΒ]
737 4075 903 4132 consentire
927 4075 1104 4131 deteriorum
1128 4073 1287 4142 familiam,
1310 4071 1370 4129 mei

289 4166 319 4213 et
340 4158 446 4232 reliqui
470 4158 550 4218 Oxx.
574 4158 746 4226 ostendunt;
770 4177 824 4216 nec
846 4158 924 4218 Gzio
947 4160 983 4216 de
1006 4161 1067 4216 suis
1089 4159 1186 4217 credo.

374 4263 425 4299 uon
442 4248 573 4300 continent
589 4245 689 4317 tameo)
709 4244 759 4302 Sic
776 4244 865 4303 etiam
879 4245 957 4320 Spir.
972 4240 1027 4325 [B]
1045 4255 1074 4301 et
1091 4246 1160 4302 Bas.
1179 4243 1369 4317 restituitque

290 4325 393 4394 Gaius,
416 4337 449 4386 ut
470 4327 603 4386 fecerant
624 4330 737 4404 pridem
756 4331 873 4387 Marsus
896 4338 926 4387 et
948 4331 1029 4387 Man.
1064 4329 1213 4403 Corrupta
1235 4337 1280 4385 eet
1297 4344 1371 4384 vera
