3030 5086
465 487 509 531 ur
533 486 613 533 unu.
636 486 699 531 nm.
722 485 756 532 rv
779 486 852 533 cnr.
872 489 895 535 e.
910 489 1008 551 (c-r.)
1211 470 1275 536 489

200 654 327 734 scripsit
347 661 446 718 artem
470 653 657 719 rhetoricam
677 652 852 732 Cleanthes,
877 655 1071 737 Chrysippus
1093 656 1196 735 etiam,
1218 659 1274 722 sed

200 756 259 834 sic,
287 767 335 833 nt,
360 755 385 819 si
409 756 479 836 quis
502 755 715 820 obmutescere
738 757 940 838 concupierit,
968 758 1042 822 nihil
1065 758 1150 822 aliud
1172 758 1276 838 legere

200 857 319 921 debeat.
375 857 485 937 ltaque
512 857 614 934 vides,
648 858 803 937 quomodo
836 858 1012 938 loquantur.
1062 859 1153 924 Nova
1179 859 1276 924 verbs

199 959 329 1039 lingunt,
352 959 504 1022 deserunt
525 959 649 1023 usitata.
682 961 726 1024 At
747 967 866 1040 quanta
888 961 1053 1025 conanturl
1066 997 1108 1008 -
1124 961 1275 1027 Mundum

270 1099 284 1141 2
317 1093 415 1158 cupierit
438 1093 458 1141 L
494 1093 653 1158 concupietC
707 1100 728 1142 ³.
755 1104 804 1160 qtlo
832 1095 960 1160 loquuntur
982 1097 1002 1147 C
1029 1104 1077 1162 quo
1103 1095 1232 1162 loquentur
1255 1098 1277 1146 B

200 1171 222 1211 4.
243 1171 286 1211 ant
305 1163 325 1210 lt
361 1170 462 1211 conatur
479 1161 523 1212 Or.

200 1285 313 1358 species
337 1284 460 1353 existat,
491 1284 573 1340 errius
601 1285 769 1359 exemplum
792 1304 913 1360 prorsus
941 1287 1037 1344 simile
1065 1305 1122 1344 non
1151 1288 1274 1363 reperio.

200 1370 362 1442 Relinquere
373 1369 474 1425 eadem
487 1369 701 1444 significatione
713 1370 832 1444 ponitur
844 1371 920 1429 iufra
933 1376 948 1441 §
962 1373 989 1430 9.
1002 1372 1027 1436 1,
1044 1373 1091 1442 18,
1105 1372 1194 1448 Legg.
1207 1374 1232 1442 1,
1247 1375 1275 1429 6.

200 1454 306 1525 (Gaius
329 1464 359 1511 et
381 1453 453 1512 Otto
476 1464 582 1529 putant
603 1464 685 1511 tetum
704 1474 789 1528 penore
812 1458 939 1531 pendere
968 1459 1005 1512 eb
1028 1457 1092 1532 ipso
1115 1459 1205 1515 verbo
1223 1477 1275 1534 po·

200 1549 314 1595 tuerent.
365 1538 484 1598 Scilicet
512 1539 619 1595 dicitur
646 1541 771 1610 multum,
801 1541 868 1598 nilut
890 1560 1018 1616 poenum,
1053 1542 1142 1598 etiam
1170 1545 1277 1618 aliquid

200 1624 259 1697 (bic
287 1624 335 1695 ll,
362 1624 450 1696 119):
484 1624 586 1698 quidni
620 1624 708 1680 etiarn
737 1625 785 1681 hoc
812 1646 895 1699 penus
929 1646 979 1683 non
1005 1646 1130 1701 poenum,
1164 1627 1192 1683 id
1222 1638 1275 1699 est,

199 1718 326 1764 tractare
356 1727 413 1765 non
442 1706 594 1782 pessumi)
639 1710 685 1766 De
708 1708 866 1786 Chrysippi
897 1722 960 1767 arte
982 1712 1129 1768 rhetorice
1156 1712 1210 1771 cfr.
1239 1712 1276 1770 de

198 1794 282 1853 Orat.
306 1794 332 1865 1,
356 1794 405 1851 50.

285 1879 323 1935 At
346 1888 448 1952 qaeunta
471 1880 618 1934 cernantur!
640 1877 709 1953 cet.)
728 1879 859 1936 Primum
873 1882 1009 1938 universe
1024 1880 1129 1940 Cicero
1153 1881 1276 1955 ironice,

199 1975 309 2036 quenta
332 1982 479 2038 quemque
496 1963 650 2038 magnifica
670 1962 762 2022 Stoici
780 1964 895 2022 dicendi
915 1979 1089 2041 argumente
1105 1966 1275 2041 suscipient,

200 2049 371 2107 admiretur.
418 2048 532 2106 Deinde
555 2066 644 2105 unam
667 2049 794 2122 aliquem
819 2050 985 2108 huiusmodi
1008 2051 1190 2126 splendidam
1215 2071 1276 2109 rne-

200 2135 302 2191 teriam
335 2133 463 2209 exempli
491 2133 556 2190 loco
584 2133 676 2208 ponit.
720 2133 765 2191 Ee
793 2136 890 2210 posita
918 2136 1045 2193 obicitur
1073 2137 1172 2194 auimo
1199 2155 1276 2196 nnus

200 2219 307 2292 aliquis
330 2218 511 2277 Stoicus-de
542 2218 593 2274 tali
618 2218 740 2275 materia
763 2219 876 2289 dicens;
905 2221 1005 2295 itaque
1033 2220 1069 2279 de
1092 2222 1147 2278 hoe
1170 2222 1277 2280 dicitnr

199 2306 327 2374 incendit,
361 2305 499 2373 incendat,
533 2307 683 2376 reotinpoet.
733 2304 801 2360 Non
835 2315 914 2362 recte
943 2307 1059 2363 Davisii
1087 2307 1276 2381 Ernestiique

200 2389 374 2445 sententiam
404 2397 434 2445 et
461 2388 530 2445 edit.
560 2407 585 2444 e.
612 2390 693 2446 1480
716 2407 841 2463 sequens
864 2391 994 2450 Orellius
1017 2391 1134 2466 scripsit
1156 2401 1276 2463 conatur,

200 2484 232 2530 ut
261 2475 341 2531 Zeno
369 2474 562 2549 significetur,
592 2492 678 2548 quem
702 2474 806 2532 Cicero
835 2495 852 2532 a
879 2477 985 2533 ceteris
1015 2496 1072 2533 non
1101 2477 1277 2552 segregavit.

200 2560 329 2616 Prorsus
352 2559 517 2616 necessario
541 2559 592 2616 ille
614 2559 770 2616 admiratio
793 2569 821 2616 et
845 2547 972 2635 αὔξησις,
998 2581 1073 2636 quae
1095 2561 1300 2637 significatur·

201 2644 345 2719 porticula
367 2655 404 2714 at,
428 2646 458 2701 in
481 2645 584 2702 iisdem
608 2645 742 2720 personis
764 2664 882 2702 manere
906 2646 1002 2716 debet,
1027 2647 1063 2703 de
1086 2665 1208 2721 querum
1233 2646 1277 2704 di·

202 2730 286 2786 cendi
309 2729 403 2787 forma
427 2730 562 2804 proxima
585 2730 737 2804 superiore
756 2730 892 2787 dicuntur
909 2734 1074 2806 (loquuntur,
1090 2734 1208 2805 finpunt,
1231 2733 1278 2790 de·

202 2821 314 2887 sereret).
348 2816 375 2871 T
377 2814 505 2871 censitus
528 2814 577 2871 ille
600 2815 676 2872 alter
692 2833 729 2871 ex
748 2834 783 2872 eo
801 2826 844 2871 est
861 2834 979 2891 genere,
1003 2818 1038 2874 de
1061 2835 1119 2890 quo
1135 2818 1173 2875 ed
1186 2817 1276 2887 II,22

202 2900 275 2970 dixi,
298 2899 491 2973 similiterque
515 2908 581 2973 post
603 2919 655 2969 coe,
679 2903 727 2973 qui
746 2903 860 2957 andiunt
877 2902 1020 2959 subicitur
1038 2904 1183 2959 ardentem.
1218 2901 1277 2960 Sed
1359 2920 1364 2931 ·

203 2985 308 3041 deinde
332 2983 518 3041 manifestum
543 2993 596 3051 est,
619 2985 650 3040 in
673 2984 804 3040 codicum
828 2986 975 3060 scripture
997 2987 1207 3044 sententiarum
1231 3005 1278 3044 or·

203 3070 299 3125 dinem
324 3089 382 3126 non
406 3080 485 3126 recte
505 3069 678 3144 procedere3
702 3069 755 3125 ille
777 3071 865 3141 enim,
888 3090 963 3145 quae
986 3074 1022 3129 ad
1046 3071 1278 3148 magnitudinem

202 3155 244 3211 rei
268 3155 430 3229 eugendum
450 3154 597 3229 pertinent
621 3156 715 3225 (endec,
738 3165 868 3229 quantum
885 3177 941 3212 rem
958 3161 1036 3231 cet),
1059 3157 1153 3214 subici
1177 3175 1277 3215 neces·

202 3241 280 3296 sario
303 3239 411 3296 debent
433 3239 490 3313 ipsi
513 3238 556 3295 rei
580 3238 786 3296 declarationi:
810 3243 994 3298 lllundnm-
1009 3252 1138 3309 nostrum,
1162 3251 1190 3298 et
1214 3250 1276 3299 turn

202 3326 318 3381 demum
342 3325 419 3392 eddi,
442 3325 512 3399 quid
535 3343 572 3381 ex
596 3343 631 3381 eo
653 3325 793 3399 consequi
810 3326 958 3384 rideatur:
981 3330 1103 3385 Incendit
1123 3330 1205 3401 ipitur
1221 3337 1277 3385 cet.

146 3452 149 3457 -
203 3410 318 3466 Deinde
341 3410 414 3465 haec
436 3411 594 3467 vehemens
612 3410 745 3486 negatio:
772 3410 864 3479 Quint
884 3415 928 3468 ille
946 3416 1088 3471 incendat?
1110 3413 1277 3471 necessario

202 3495 295 3551 subici
319 3495 406 3550 debet
428 3494 627 3554 affirmationi.
672 3496 778 3569 Itaque
800 3496 863 3552 iure
876 3498 1017 3556 Davisius
1039 3509 1069 3556 et
1086 3499 1277 3570 Mattlrinens,

202 3598 276 3653 quos
299 3579 392 3637 Gaius
415 3590 444 3635 ot
465 3579 595 3637 Orellius
618 3593 793 3653 sequuntur,
822 3581 895 3638 baec
918 3585 1022 3641 verba:
1052 3587 1174 3642 Incendit
1196 3588 1278 3658 ipitnr·

204 3697 243 3708 -
266 3668 381 3722 credr'nnt
401 3665 479 3720 inter
499 3668 630 3722 caietimct
651 3675 681 3722 et
712 3665 804 3734 Qntctr
824 3669 868 3724 ille
890 3678 944 3725 eet.
967 3671 1103 3744 ponenda
1125 3679 1276 3744 poterunt,

201 3751 392 3807 confirmante
405 3749 466 3819 illo,
484 3767 569 3823 quum
583 3751 707 3826 priunum
720 3751 814 3827 attigi,
832 3755 945 3810 numeri
964 3755 1134 3812 minatione.
1156 3751 1277 3834 [Itaque

202 3836 277 3891 hanc
290 3835 508 3904 correctionem,
527 3854 614 3909 quam
626 3845 713 3892 entea
725 3838 879 3910 probaram
894 3857 958 3895 curn
971 3840 1154 3897 dubitatione
1167 3840 1276 3915 aliqua,

201 3939 278 3977 nuno
301 3920 407 3988 asciri3
436 3938 530 3994 neque
558 3920 587 3977 iu
612 3921 764 3995 meliorum
789 3921 921 3979 codicum
946 3926 1047 3995 (etiem
1072 3926 1109 3998 Β)
1132 3927 1277 4001 scriptura

112 4053 115 4058 .
200 4007 307 4062 incendi
321 4005 480 4080 quidquam
499 4006 555 4062 nisi
573 4007 709 4062 mendum
727 4024 791 4063 esse
809 4004 903 4087 puto]
937 4010 1053 4068 Vitiose
1070 4020 1179 4080 autem,
1203 4020 1277 4068 tam·

202 4109 289 4165 quarn
312 4091 375 4165 ipsc
399 4090 473 4149 Cato
496 4091 622 4166 fingatur
645 4092 720 4148 lranc
743 4093 895 4150 materiam
919 4094 1033 4153 dicendi
1058 4095 1209 4170 persequi,
1233 4096 1276 4153 di·

201 4177 290 4233 citur:
314 4178 397 4245 vides,
422 4186 551 4251 quantem
568 4197 623 4232 rem
640 4197 732 4250 nque,
755 4177 818 4233 sive
830 4169 1039 4250 ἀποφαντικῶς
1051 4181 1106 4237 hoc
1117 4180 1276 4256 profertur,

201 4262 264 4317 eive
282 4262 505 4336 interrogative,
524 4273 555 4318 ut
568 4262 672 4321 Cicero
690 4272 821 4336 quaerar,
838 4264 1101 4324 animadvertense.
1136 4266 1213 4324 Nam
1226 4266 1276 4328 ci·

201 4365 269 4403 cero
286 4347 315 4403 in
334 4357 396 4403 toto
413 4347 469 4403 hoc
486 4347 551 4403 loco
569 4347 711 4405 Catonern
735 4366 753 4404 e
770 4346 878 4406 Stoicis
901 4360 1018 4425 separat
1042 4360 1071 4407 et
1092 4369 1159 4409 curn
1182 4371 1218 4410 eo
1240 4353 1276 4410 de

200 4431 238 4488 iie
255 4441 403 4506 tamquam
421 4432 562 4489 seiunctis
580 4432 711 4506 loquitur·
722 4434 766 4505 (nt
784 4435 873 4508 paulo
890 4445 973 4492 ante:
993 4436 1091 4510 Itaque
1105 4439 1190 4504 video.
1209 4456 1276 4513 quo·
