3030 5086
217 473 281 540 804
632 488 807 538 sxcnmus
828 488 872 535 nn

216 664 279 735 (scd
300 682 346 720 uec
367 666 494 737 souare),
518 662 675 722 Suetonius
698 663 776 737 Aug.
800 662 839 718 86
863 663 924 733 (secl
945 680 991 719 uec
1017 661 1133 733 Tiberio)
1155 669 1184 717 et
1206 661 1289 731 alibi,

217 747 368 805 Iuvenalis
390 749 437 819 ΙΙ,
464 749 521 805 itt
546 750 603 818 (nee
628 749 733 823 Μῦς
764 745 845 803 Flori
873 756 902 804 et
930 747 1038 804 iustini
1065 746 1147 804 locos
1175 745 1290 821 aliquot

217 833 365 909 congessit
387 832 525 891 Dukerus
547 832 585 889 ad
608 831 687 891 Flor.
712 831 763 903 li,
785 832 814 898 8,
840 832 891 893 12..
933 833 979 891 De
1002 831 1143 890 Cicerone
1166 832 1289 906 eiusque

217 918 404 992 aequalibus,
429 919 478 976 ubi
501 936 519 975 a
541 937 587 976 uss
606 917 691 975 initio
713 917 750 974 ad
772 916 986 975 continuandas
1009 917 1168 975 sententias
1191 917 1289 992 posito

216 1002 445 1072 discesserimus,
464 1003 549 1060 valde
566 1002 766 1061 dubitabimus
783 1002 830 1059 vel
848 1001 947 1077 potius
964 1003 1145 1078 negabimus,
1168 1002 1191 1059 si
1215 1020 1288 1077 pau·

217 1104 316 1145 corum
341 1088 472 1157 illorum,
495 1107 570 1163 quse
593 1087 726 1162 conquiri
749 1097 886 1163 possunt,
917 1087 1150 1145 testimoniorum
1174 1087 1290 1163 pondus

216 1173 493 1251 examinaverimus.
507 1173 534 1248 ¹)
578 1176 625 1231 Ac
648 1172 773 1248 primum
796 1173 966 1230 removendi
990 1183 1058 1229 sunt
1080 1172 1136 1230 loci
1159 1172 1289 1246 quidam,

217 1257 323 1332 quibus
352 1258 484 1317 Kritrius
511 1260 549 1316 ad
577 1258 710 1318 Sallustii
738 1258 802 1334 lug.
827 1258 881 1328 98,
906 1260 924 1316 4
952 1276 1023 1315 usus
1050 1266 1108 1324 est,
1137 1257 1187 1314 ubi
1215 1257 1290 1315 haec

217 1344 323 1401 verba:
346 1345 410 1421 Ipse
428 1346 562 1420 pouhstrm
584 1346 721 1420 dispersos
743 1345 848 1412 milites,
871 1362 955 1418 usque
976 1348 1064 1401 minus
1086 1343 1205 1400 hostibus
1226 1362 1288 1401 eon·

216 1428 340 1499 turbatis,
363 1438 392 1487 iu
414 1449 495 1486 unum
516 1430 649 1487 contrabit
670 1429 713 1486 sic
734 1437 866 1486 enarrat:
888 1449 940 1486 nou
961 1432 1048 1485 nuncu
1069 1432 1149 1486 etiam
1170 1429 1291 1487 hostibus

216 1515 389 1573 conturbatas.
435 1514 587 1573 Debuerat
609 1513 728 1571 Latina:
750 1533 782 1571 ue
804 1514 922 1571 hostibus
944 1515 1052 1589 quidese
1073 1517 1161 1571 miuus
1182 1523 1289 1571 contur-

217 1598 301 1669 baeu
324 1599 463 1659 sensisset
485 1599 573 1670 enim,
596 1599 647 1657 illo
667 1598 832 1676 significatu
856 1599 1040 1657 scribendum
1062 1599 1166 1657 saltem
1189 1616 1290 1657 nsces-

216 1684 296 1743 ssrio
323 1683 414 1744 fuisse
442 1703 527 1760 ueqeu
548 1685 666 1742 hostibus
687 1688 783 1742 mnus.
827 1685 931 1759 ltaque
955 1683 1113 1743 Sallustius
1135 1684 1289 1755 hocloco,

217 1787 283 1828 curn
307 1770 474 1829 huiusmodi
496 1770 685 1828 sententiam:
713 1788 797 1844 usque
824 1772 911 1827 suiuus
934 1771 1020 1827 hostes
1042 1770 1193 1827 conturbati
1213 1780 1290 1828 mont

217 1855 316 1913 animo
343 1865 515 1932 conceptam
546 1856 576 1913 in
604 1854 750 1913 ablativos
778 1855 929 1913 sbsolutos
956 1864 1156 1921 converteret,
1190 1854 1289 1931 negle-

216 1950 321 2018 genter
346 1941 507 2008 ablativos,
541 1941 591 2015 qui
624 1939 772 2016 interponi
801 1940 863 1997 sine
891 1940 998 2015 copula
1025 1939 1188 2007 debebunt,
1222 1958 1288 1997 cum

216 2025 373 2102 participio
396 2025 557 2093 coniunxit
581 2026 635 2083 hac
657 2025 817 2083 sententia:
840 2044 905 2083 cum
923 2025 1031 2083 milites
1048 2025 1173 2100 dispersi
1190 2035 1291 2083 essent

216 2128 270 2168 nec
294 2111 389 2170 minus
411 2112 510 2169 hostes
533 2111 708 2170 conturbati.
754 2111 880 2168 Prorsus
902 2111 1037 2169 similiter
1060 2110 1287 2179 iiiimxxv,

218 2195 269 2266 85,
293 2197 321 2267 2,
352 2206 464 2254 tantum
487 2197 605 2254 inverso
627 2195 776 2272 participii
799 2207 828 2254 et
849 2195 1044 2254 ablativorum
1068 2195 1185 2254 ordine:
1215 2197 1290 2253 Inter

216 2285 348 2339 censitus
375 2284 508 2357 ducesque
533 2284 680 2356 protelatio
707 2285 798 2356 inpetis
818 2284 913 2356 sactu,
943 2288 1102 2356 imperatore
1129 2291 1202 2338 tanto
1229 2300 1290 2338 cum

217 2370 288 2424 moui
308 2371 424 2425 moritu
446 2369 530 2425 deleto
557 2377 587 2425 et
614 2369 728 2424 alteram
752 2386 803 2442 pro
826 2368 901 2423 hored
927 2367 1009 2423 dubia
1034 2386 1129 2441 parem
1151 2370 1289 2424 ursonem

216 2462 394 2528 suspectantes.
441 2452 571 2510 Eandem
594 2450 784 2510 offensionem
813 2452 885 2510 hsec
909 2452 1076 2509 coniunctio
1099 2453 1188 2509 habet
1209 2452 1289 2528 apud

217 2537 353 2596 Tacitum
377 2537 454 2595 Hist.
477 2538 502 2607 1,
527 2539 581 2595 45:
612 2538 711 2595 Vincit-i
730 2541 832 2595 iussum
853 2548 884 2595 et
905 2541 1019 2594 nioiorss
1037 2557 1139 2613 poenos
1160 2539 1288 2594 daturum

214 2624 359 2697 affirmaris
380 2625 516 2698 praesenti
536 2625 615 2680 esitio
633 2623 775 2680 subtraxit.
820 2623 1040 2699 Expectabatur
1061 2633 1128 2680 auti
1150 2624 1242 2680 iubens
1264 2633 1289 2680 ct

216 2709 360 2783 osfimnous
387 2718 452 2766 aut:
480 2711 582 2765 iussum
607 2740 644 2751 -
667 2709 824 2783 affirmans.
854 2709 1000 2773 subtraxit,
1029 2708 1092 2765 sinc
1120 2720 1152 2765 st.
1165 2707 1195 2786 ²)
1239 2708 1288 2766 Ad

217 2792 295 2851 bunc
317 2793 406 2869 igitur
429 2793 523 2851 locum
539 2793 670 2852 Kritaius
691 2793 766 2851 alios
789 2792 910 2869 profert,
934 2793 984 2850 ubi
1007 2812 1053 2851 uec
1075 2793 1177 2850 codem
1201 2793 1288 2851 modo

217 2897 272 2954 pro
299 2898 350 2935 uon
377 2882 456 2937 etiam
483 2878 592 2937 dietum
621 2888 720 2954 putet;
748 2879 873 2954 primum
898 2878 1031 2936 Sallustii
1055 2878 1147 2955 ipsius
1169 2878 1198 2936 in
1222 2879 1287 2955 lug.

218 2964 268 3029 ol,
282 2965 315 3020 5:
339 2964 396 3027 Sed
417 2983 464 3022 nec
480 2965 613 3037 lupurtho
630 2966 737 3038 quidem
753 2969 853 3022 interea
869 2967 974 3039 quietus
992 2974 1058 3026 erut,
1082 2963 1154 3020 nihil
1172 2982 1287 3032 curans,

217 3049 296 3123 quod
318 3048 463 3107 adiectum
486 3060 531 3106 est
553 3050 669 3123 quidem,
693 3049 865 3124 codicesque
888 3049 986 3124 plnres
1009 3060 1039 3106 et
1055 3050 1192 3107 meliores
1208 3059 1287 3106 recte

216 3136 262 3206 (ut
290 3134 378 3211 paulo
409 3129 487 3210 post'
503 3134 610 3207 dicum)
639 3135 779 3211 scriptum
806 3135 929 3191 habent:
957 3154 988 3191 ue
1012 3136 1142 3207 lupurthc
1166 3137 1288 3209 qsu'dcmr

216 3229 278 3277 tum
302 3218 432 3279 Cornelii
454 3219 580 3295 Nepotis
602 3219 632 3276 in
656 3221 744 3277 Dion.
768 3237 791 3276 c.
810 3221 839 3287 2,
863 3219 912 3276 ubi
935 3220 1178 3296 pervagatissimo
1202 3220 1287 3278 modo

217 3323 295 3363 nors
316 3304 461 3363 sententia
483 3305 649 3363 annectitur
671 3305 816 3380 particule
837 3324 929 3379 usque,
952 3305 1127 3380 interposito
1144 3305 1232 3362 stiam
1251 3304 1287 3369 ad

217 3391 380 3449 sententiae
413 3389 645 3466 progressionem
680 3401 709 3447 et
737 3389 957 3458 conversionem
986 3390 1198 3465 insigniendum
1227 3409 1288 3447 vero

217 3476 533 3551 (messuerimus),
561 3485 593 3531 ut
615 3495 665 3532 uon
688 3485 739 3533 aut
762 3495 793 3532 uc
816 3508 853 3518 -
878 3477 985 3549 quidem
1008 3474 1063 3532 dici
1087 3476 1205 3532 omnino
1229 3493 1287 3532 non

218 3560 361 3637 potuerit3
390 3559 447 3617 nisi
475 3559 550 3618 forti·
579 3559 630 3618 ills
657 3560 833 3637 significatio
860 3560 916 3618 erit
943 3561 1030 3617 etiam
1060 3561 1087 3616 in
1116 3560 1176 3617 his:
1204 3579 1289 3634 usque

217 3664 278 3704 uero
307 3647 339 3703 oh
366 3647 437 3703 duos
459 3647 535 3702 modo
557 3665 655 3703 cousus
677 3647 755 3718 (Fin.
780 3647 835 3713 IV,
861 3649 911 3718 11)
934 3655 984 3702 sut
1012 3646 1041 3703 in
1065 3646 1125 3702 his:
1154 3666 1200 3703 nes
1227 3665 1289 3703 uero

217 3734 255 3789 ito
278 3733 333 3789 ὥστ’
350 3741 437 3807 potest
459 3732 559 3803 (Tusc.
571 3732 628 3798 111,
641 3732 703 3804 41).
746 3732 781 3788 In
805 3730 957 3789 Ciceronis
979 3732 1066 3788 etiam
1090 3733 1105 3789 Ι
1128 3731 1163 3788 de
1176 3729 1234 3791 Off.
1247 3731 1287 3788 40

220 3885 445 3897 ..α-...ή-

245 3952 266 4013 ¹)
285 3951 339 3998 Iam
363 3949 480 4013 Zumptio
503 3950 535 3997 ad
559 3949 679 3997 Vsrrinss
700 3963 723 4013 p,
742 3953 789 3997 82⁸
820 3966 875 4009 „nec
899 3949 946 3996 hun
969 3949 1152 4011 significatione
1175 3950 1287 3998 nondum

286 4018 455 4066 videturesse
474 4017 611 4074 Ciceronis,
632 4027 697 4066 certe
716 4017 742 4065 in
761 4019 940 4067 orationibus&

244 4086 268 4150 ²)
289 4085 368 4153 [Satis
391 4086 441 4134 late
463 4095 532 4150 patet
554 4089 620 4150 apud
641 4086 751 4144 Livium,
775 4086 904 4143 Tacitum,
929 4087 1073 4134 Suetonium
1098 4101 1157 4134 naus·
1182 4086 1289 4151 copuine

286 4155 352 4204 inter
374 4155 533 4219 participium
556 4155 663 4220 simplex
690 4165 715 4204 st
742 4156 864 4204 ablativos
888 4155 1017 4203 absolutos
1040 4155 1214 4220 interpositus,
1242 4170 1288 4204 nee

286 4224 368 4272 minus
387 4224 454 4287 apud
473 4222 597 4283 Graccos;
616 4225 658 4273 sed
677 4239 707 4273 ea
721 4224 792 4286 posui
808 4224 931 4287 exempla,
952 4224 977 4271 in
993 4225 1083 4287 quibus
1099 4223 1188 4273 similis
1202 4224 1289 4288 aliqua

287 4292 390 4341 durities
409 4292 500 4351 sotei,
520 4308 584 4357 quae
603 4293 628 4341 in
647 4293 760 4342 Saliustii
780 4293 837 4341 ioco
856 4306 887 4340 ex
905 4308 935 4341 co
954 4293 1077 4350 nuscitur,
1097 4294 1165 4355 quod
1184 4293 1286 4340 ablativi

287 4371 471 4410 connectuntur
493 4375 549 4410 cum
568 4362 666 4411 obiecto
684 4362 750 4410 verbi
770 4360 922 4425 insequentis
940 4360 1069 4418 contrahit,
1094 4363 1126 4409 ud
1149 4362 1217 4424 qnod
1240 4361 1288 4424 ipsi

286 4444 338 4480 non
355 4428 498 4497 pertinent]
