3030 5086
462 483 506 529 nn
529 482 610 529 uin.
633 483 695 530 nra.
718 485 741 532 r
763 485 836 531 one.
858 488 895 534 ra.
915 483 1048 550 (so-si.)
1229 468 1291 534 691

214 650 350 714 utilitate
362 649 485 715 obiecta
497 651 691 716 delectentur
706 652 801 717 animi
818 658 914 735 atque
930 651 1000 734 ipsa
1016 652 1154 733 scientia,
1171 654 1294 720 etiarnsi

216 752 482 818 incommodatura
514 754 569 834 sit,
602 756 766 834 gaudeant.
821 756 871 820 51.
906 753 969 820 Sed
1001 755 1076 837 quid
1108 757 1220 821 attinet
1252 757 1293 822 de

216 855 310 920 rebus
333 860 398 919 tam
419 855 540 935 apertis
562 855 654 936 plura
675 856 856 938 requirere?
899 858 965 938 Ipsi
994 858 1076 922 enim
1103 877 1292 940 quaeramus

216 977 237 1022 a
257 957 362 1033 nobis,
389 956 549 1021 stellarum
578 965 680 1023 motus
708 959 1043 1040 contemplationesque
1065 979 1170 1025 rerum
1191 962 1292 1026 caele-

216 1060 310 1125 stium
332 1077 502 1139 eorumque
525 1059 676 1139 omniurn,
704 1079 786 1141 qnae
812 1067 945 1126 naturae
972 1061 1163 1127 obscuritate
1190 1065 1331 1129 occul-5

217 1169 337 1240 tantur,
371 1162 563 1240 cognitiones
591 1164 853 1243 quemadmodum
881 1181 938 1228 nos
966 1168 1125 1243 moveant,
1159 1165 1293 1247 etquid

216 1264 347 1329 historia
358 1263 498 1342 delectet,
515 1282 608 1345 quam
620 1264 755 1328 solemus
766 1265 914 1346 persequi
930 1268 1087 1347 usquead
1104 1272 1291 1348 extremum3

216 1366 440 1448 praetermissa
467 1365 652 1446 repetimus,
680 1366 826 1431 Inchoata
852 1367 1080 1449 persequimur.
1124 1368 1191 1434 Nec
1217 1387 1291 1435 vero

216 1488 285 1534 sum
308 1468 440 1546 nescius,
463 1486 533 1533 esse
554 1467 718 1532 utilitatem
740 1468 772 1533 in
794 1468 934 1549 historia,
957 1487 1018 1534 non
1037 1471 1131 1535 modo
1147 1472 1292 1553 volupta-

292 1662 297 1702 l
329 1655 419 1704 ebream
436 1654 516 1703 om.P
551 1653 698 1704 delectantur
707 1655 727 1704 1.
764 1661 786 1706 2.
806 1655 953 1707 incbmmoda
970 1655 1059 1706 datura
1068 1657 1159 1709 LPCR
1193 1657 1292 1722 quodi}

218 1730 240 1774 6.
260 1723 448 1789 coquitionesque
466 1721 633 1772 admodumE
668 1732 690 1773 et
708 1724 787 1787 quiP
841 1728 863 1774 t.
885 1725 1001 1790 prosequi
1017 1727 1107 1779 ELOr.
1162 1733 1184 1776 9.
1205 1726 1293 1776 r'rrscr'us

218 1790 351 1842 LPCROr.
388 1791 457 1841 earam
477 1791 533 1856 (pro
552 1793 614 1855 esse)
634 1791 655 1839 F.
690 1791 754 1842 uuile
772 1796 829 1857 (pro
846 1794 944 1853 semla}

219 1967 305 2024 minis
333 1976 362 2022 et
385 1965 468 2022 verbi
496 1965 670 2041 compendio
694 1966 795 2023 notati.
840 1968 936 2025 Paulo
964 1977 1032 2044 post
1058 1969 1157 2026 obiecta
1182 1968 1292 2025 excidit

217 2053 305 2110 etiam
329 2070 344 2108 e
367 2051 431 2108 Pal.
456 2053 475 2107 4
498 2060 528 2106 et
551 2049 630 2109 Gud.
655 2052 684 2110 2.

302 2136 543 2210 incommodatura)
567 2135 617 2195 Sic
630 2155 685 2212 mg.
699 2135 790 2204 Crat,
809 2136 969 2194 Lambinus
987 2157 1006 2206 e
1020 2137 1114 2195 tribus
1132 2138 1292 2208 codicibus,

216 2223 292 2280 Dav.
306 2242 343 2279 ex
355 2222 413 2290 nl,
426 2221 520 2279 Gaius
532 2240 569 2278 ex
583 2221 643 2278 Erl.
655 2230 686 2277 et
698 2221 775 2297 Spir.
788 2220 854 2299 [B].
884 2222 983 2282 Ceteri
1000 2225 1165 2282 incommoda
1182 2225 1293 2291 datura,

216 2308 357 2365 inusitato
384 2307 524 2381 loquendi
552 2324 668 2381 genere.
713 2306 824 2363 Eodem
848 2309 935 2369 modo
957 2309 1013 2366 hoc
1035 2311 1157 2372 verbum
1180 2308 1293 2365 librarii

217 2401 408 2469 corruperant
431 2392 509 2468 apud
532 2390 611 2450 Geli.
629 2391 653 2460 I,
673 2392 722 2462 25,
745 2393 797 2460 15;
820 2392 849 2449 in
874 2393 959 2468 epist.
982 2394 1018 2451 ad
1042 2394 1078 2468 Q.
1096 2395 1144 2451 Fr.
1162 2395 1186 2463 Ι,
1205 2396 1233 2463 2,
1254 2394 1292 2450 10

216 2478 432 2538 substituerunt
453 2479 618 2535 incommoda
640 2479 767 2534 laturrtm.

304 2565 353 2621 51.
373 2566 502 2638 persequi
522 2563 561 2618 ad
582 2573 745 2628 ereremum
763 2567 957 2638 praetermissa
979 2561 1049 2642 cet.)
1067 2563 1231 2623 Universae
1249 2563 1293 2619 rei

216 2648 424 2726 significationi
447 2647 655 2724 superadditur
677 2638 843 2712 davidicae
860 2649 939 2705 modi
956 2649 1084 2717 notatio;
1107 2649 1158 2706 sed
1181 2648 1292 2705 incom-

218 2735 302 2792 mode
315 2734 420 2793 Cicero
438 2733 539 2790 eodem
558 2733 649 2789 verbo
666 2735 819 2806 (persequi)
838 2743 868 2790 et
890 2733 985 2808 primo
1008 2735 1073 2791 loco
1095 2743 1125 2790 et
1147 2734 1176 2790 in
1200 2734 1294 2790 altera

217 2840 233 2877 e
256 2820 370 2876 duabus
394 2818 526 2894 partibus
548 2818 592 2874 uti
615 2817 745 2884 videtum
774 2817 873 2891 itaque
897 2817 990 2877 Gzius
1013 2838 1029 2875 e
1052 2819 1146 2876 tribue
1168 2819 1229 2876 suis
1252 2821 1294 2891 (et

218 2906 355 2962 ridentur
384 2904 519 2960 meliores
542 2903 643 2974 luisse)
664 2906 794 2977 prosequi
814 2905 853 2960 ad
874 2914 1020 2961 eatremum
1042 2897 1097 2978 (Εξ
1119 2906 1217 2978 sequi).
1252 2903 1292 2982 [n

215 2988 365 3068 persequi]
401 2992 510 3047 Verum
535 2987 607 3043 nihil
630 2988 797 3044 aliudesse
820 2998 917 3063 potest
938 2989 1077 3046 historiam
1092 2991 1293 3047 ademarum

213 3079 345 3153 prosequi
366 3075 423 3132 nisi
443 3078 583 3150 persequi3
611 3073 726 3147 itaque,
749 3073 774 3130 si
797 3073 839 3131 ita
862 3073 965 3133 Cicero
988 3075 1117 3131 scribere
1140 3075 1293 3149 potuisset,

217 3163 297 3219 inani
333 3160 560 3237 praepositionis
594 3158 752 3216 variandae
787 3160 852 3216 lusn
886 3160 1029 3217 orationis
1062 3160 1165 3216 vitium
1201 3160 1293 3236 magis

218 3247 348 3305 notabile
375 3245 503 3303 fecisset.
557 3245 624 3302 Non
653 3244 750 3318 potuit
782 3256 894 3314 antem,
929 3246 1007 3319 quod
1042 3245 1236 3322 perficiendae
1264 3256 1294 3302 et

218 3332 402 3409 peragendae
425 3332 467 3388 rei
490 3329 733 3405 significationem
755 3332 936 3404 prosequendi
950 3331 1041 3388 verbo
1061 3349 1156 3405 neque
1175 3349 1293 3406 compo·

219 3417 334 3475 sitionis
351 3417 427 3473 ratio
445 3435 539 3490 neque
556 3435 627 3472 usus
644 3415 761 3484 tribuit3
785 3433 962 3490 quamquam
980 3434 1055 3474 uirus
1074 3426 1103 3473 et
1120 3416 1195 3475 alter
1212 3417 1293 3473 locus

217 3504 246 3560 in
271 3502 449 3559 editionibus
466 3511 518 3558 aut
534 3501 671 3558 omnibus
687 3511 737 3557 aut
754 3500 868 3575 aliquot
886 3501 1024 3558 mendose
1041 3502 1187 3559 scribitur.
1221 3503 1294 3576 (Pro

219 3589 304 3646 Rosa.
329 3590 396 3644 Am.
421 3588 460 3643 83
484 3586 567 3643 multi
590 3598 792 3655 correxerunt,
815 3587 853 3643 ad
876 3587 1004 3643 Hereum.
1028 3587 1052 3652 I,
1080 3589 1116 3644 l4
1140 3587 1241 3644 etalii
1265 3598 1295 3644 et

219 3672 363 3740 Orellius,
387 3672 450 3729 cod.
473 3673 664 3729 TurIcensem
688 3675 824 3746 testans.)
868 3672 975 3730 Melius
997 3671 1102 3730 Cicero
1124 3692 1178 3748 pro
1200 3673 1294 3730 altero

215 3761 404 3835 persequimur
425 3757 572 3833 posuisset
592 3758 762 3814 absolvimus.

305 3863 363 3900 sum
391 3841 508 3919 nescius)
532 3842 581 3900 Sic
609 3841 696 3899 etiam
729 3842 758 3898 In
782 3842 887 3901 ceteris
910 3842 995 3901 bonis
1018 3843 1101 3900 codd.
1123 3841 1230 3912 fnisse,
1259 3862 1294 3899 eo

218 3929 336 3987 facilins
364 3928 464 3992 credo,
499 3928 576 4002 qnod
605 3927 693 3984 etiam
722 3927 759 3984 de
788 3927 850 3987 Erl.
879 3927 973 3988 Gaius
1002 3929 1101 3985 tacuit.
1151 3927 1216 4006 [Sic
1245 3926 1294 4006 B.]

219 4015 334 4073 Novem
358 4012 508 4070 minimum
533 4012 684 4071 Ciceronis
707 4012 780 4070 locis
803 4012 853 4091 [de
877 4013 928 4073 Or.
951 4015 976 4085 1,
1000 4013 1056 4082 45,
1079 4032 1132 4088 pro
1155 4014 1240 4071 Font.
1265 4015 1293 4083 2,

219 4100 294 4160 Sull.
320 4101 370 4169 28,
396 4099 492 4155 Deiot.
516 4099 544 4162 8,
568 4098 606 4154 ad
629 4098 741 4154 Famm.
764 4099 803 4167 V,
831 4100 877 4170 12,
902 4100 929 4165 2,
952 4099 1043 4164 XIII,
1067 4101 1095 4167 7,
1122 4101 1146 4166 l,
1170 4099 1207 4156 ad
1229 4101 1293 4157 Att.

219 4187 289 4251 XV,
318 4188 364 4253 11,
389 4187 416 4243 4.
440 4185 527 4252 XVI,
551 4185 596 4253 lb,
615 4185 643 4249 2,
667 4183 715 4240 hic
737 4184 767 4253 I,
796 4181 835 4260 1],
864 4203 923 4241 uno
945 4184 1099 4259 scriptoris
1120 4185 1158 4241 ad
1180 4185 1295 4242 Heren-

219 4272 298 4327 ninrn
323 4270 462 4328 scribitur
484 4270 539 4326 hac
562 4269 671 4326 forma:
700 4289 751 4325 aaa
778 4289 837 4326 sum
864 4273 969 4327 nescius
996 4271 1045 4327 boc
1066 4272 1104 4326 ita
1126 4289 1198 4340 esse,
1226 4287 1295 4327 nus·

218 4376 321 4431 quam:
344 4376 394 4412 nau
418 4375 476 4412 saur
500 4359 614 4423 inscius3
637 4365 739 4411 contra
762 4353 939 4414 aCicerone
963 4354 1071 4412 dicitnr
1093 4356 1169 4412 bomo
1186 4357 1295 4425 inscius,

219 4441 248 4497 id
272 4451 326 4508 est,
349 4441 421 4498 artis
444 4440 676 4515 disciplinaeque
700 4458 805 4516 expers
822 4439 928 4512 (Acad.
945 4441 987 4510 ΙΙ,
1002 4441 1051 4511 22,
1070 4441 1159 4518 Legg.
1177 4440 1220 4512 Π,
1236 4440 1295 4515 13),
