3030 5086
482 390 526 437 nr
549 388 630 435 ntur.
652 385 715 431 nm.
738 385 750 431 1
772 384 845 432 cun.
865 388 889 435 o.
908 389 1039 448 (uo-oo.)
1258 369 1300 436 65

217 556 354 634 animm,
376 555 584 638 simulatque
606 562 715 621 netum
737 554 791 632 sit,
813 555 1005 635 voluptatem
1027 563 1179 636 oppetere
1200 574 1300 637 eoque

219 658 361 740 gaudere
387 664 424 723 ut
450 677 571 723 summo
599 657 695 734 bono,
716 655 866 721 ¹dolorem
893 657 1057 737 aspernari
1085 667 1121 721 ut
1146 675 1299 722 summum

220 760 338 825 melum
365 768 411 839 et,
444 766 594 841 quantum
622 759 737 840 possit,
770 776 790 822 a
817 776 851 823 se
878 758 1042 840 repellere,
1074 759 1169 839 idque
1196 758 1299 830 lucere

220 862 360 927 nondum
382 863 601 943 deprevatum,
628 861 698 942 ipsa
726 868 841 924 nature
862 859 1042 941 incorrupte
1063 868 1158 942 utque
1179 861 1300 941 integre

219 962 388 1028 iudioonte.
421 965 532 1044 ltaque
548 969 643 1044 negat
659 980 740 1044 opus
753 979 823 1027 esse
834 961 955 1026 ratione
967 980 1068 1043 neque
1079 962 1300 1044 disputatione,
1315 968 1347 1035 5,

219 1064 424 1146 quemobrem
441 1065 586 1145 voluptas
605 1066 787 1147 expetendo,
811 1061 977 1146 fugiendus
995 1064 1085 1129 dolor
1102 1063 1151 1129 sit
1186 1064 1298 1130 Sentiri

219 1164 282 1231 hoo
301 1172 406 1248 putet,
434 1174 470 1231 ut
491 1167 592 1232 celere
613 1167 729 1247 ignem,
752 1168 854 1232 nivem
876 1183 947 1232 esse
968 1165 1084 1244 elbam,
1112 1166 1173 1231 mel
1199 1166 1297 1245 dulce,

219 1285 356 1348 quorum
374 1267 449 1333 nihil
467 1275 615 1348 oportere
637 1268 798 1350 exquisitis
820 1267 992 1333 rationibus
1009 1265 1207 1346 confirmore;
1229 1275 1298 1332 tan·

221 1374 289 1433 tum
307 1369 385 1435 sotis
408 1388 479 1435 esse
495 1369 680 1450 admonere;
702 1370 854 1437 interesse
877 1371 958 1434 enim
981 1371 1063 1436 inter·
1083 1376 1299 1451 argumentum

295 1526 316 1574 l.
335 1529 451 1587 qmtpro
469 1523 595 1586 wqtoelE
632 1529 655 1572 o.
674 1522 755 1573 oecC
793 1526 814 1574 7,
836 1521 949 1590 [latet]
970 1521 1297 1574 dulcemelEerMCROr.

220 1595 245 1641 8.
266 1599 381 1656 oporteret
399 1606 485 1641 ornnes
520 1599 609 1640 tautum
629 1592 712 1641 omE
748 1595 770 1642 9.
793 1589 855 1658 [este
871 1593 932 1641 satis
951 1590 980 1658 A]
1018 1591 1077 1641 enim
1095 1600 1299 1656 argumentumque

221 1658 245 1706 E
264 1662 323 1718 (om.
342 1658 411 1723 noter)
449 1659 633 1727 [ouqmentotum
652 1663 672 1711 ll
690 1675 738 1723 mg.
760 1658 790 1726 Ρ]

219 1780 365 1857 appellet)
393 1770 489 1857 ὁρμᾶν
515 1777 569 1855 μὲν
598 1772 643 1838 ἐπὶ
670 1772 723 1856 τὴν
750 1769 870 1857 ἡδονήν,
902 1774 1035 1838 ἐκκλίνειν
1058 1771 1087 1837 δὲ
1112 1766 1297 1855 ἀλγηδόνας).

219 1865 286 1925 etr.
309 1866 375 1922 adv.
398 1866 560 1935 Maruxl,
575 1868 613 1924 96
637 1858 769 1939 (μηδέπω
790 1868 854 1930 τοῖς
875 1857 952 1921 κατὰ
976 1851 1066 1934 δόξαν
1089 1862 1251 1936 δουλεῦον).

310 1952 359 2009 30.
392 1961 472 2024 nepot
498 1971 566 2027 opus
593 1972 650 2009 esse
671 1953 774 2007 ratione
795 1970 880 2024 oeque
900 1951 1092 2026 disputatione)
1116 1951 1186 2008 Sine
1209 1968 1298 2007 ceusu

222 2035 378 2093 Ernestius
405 2047 486 2110 atquo
513 2039 692 2113 disputatore
719 2036 861 2103 malebet3
890 2036 948 2092 vid.
979 2037 1072 2093 Aced.
1098 2037 1142 2103 ΙΙ,
1168 2036 1221 2091 79ε
1257 2037 1297 2093 Tu

218 2131 311 2178 aedem
338 2132 362 2178 te
388 2140 470 2195 noque
490 2125 585 2195 sroeto
606 2141 677 2179 remo
699 2140 805 2194 neque
826 2121 962 2178 columboe
983 2124 1048 2178 collo
1070 2125 1239 2181 eorornoueri.
1268 2132 1298 2178 et

220 2225 299 2280 quae
327 2207 363 2262 de
386 2216 448 2263 toto
476 2225 583 2282 genere
611 2206 766 2282 negativae
793 2205 989 2263 adiunctionis
1016 2217 1083 2282 post
1111 2207 1296 2283 negotionem

220 2291 394 2367 scripsimus
421 2310 476 2367 ego
503 2293 532 2348 in
562 2292 655 2367 Epist.
684 2291 721 2347 ad
744 2291 835 2349 Orell.
865 2311 892 2366 p.
912 2292 950 2348 66
980 2301 1008 2348 et
1032 2291 1141 2366 Opusc.
1164 2293 1258 2348 Aced.
1282 2293 1296 2349 l

222 2395 252 2452 p.
272 2377 342 2445 344,
364 2377 520 2452 Zumptius
541 2378 578 2434 ad
602 2378 687 2433 Verr.
710 2377 768 2437 III.
793 2374 863 2434 220.
909 2377 1027 2432 Erravit
1049 2377 1078 2432 in
1102 2376 1157 2433 hoc
1180 2395 1296 2450 quoque

221 2479 338 2537 genere,
361 2461 419 2536 qui·
434 2481 528 2538 nuper
550 2461 671 2519 iuvenili
694 2462 844 2536 protervis
856 2460 1007 2520 Ciceronis
1026 2461 1061 2518 de
1074 2461 1187 2521 Officiis
1205 2463 1296 2518 libros

220 2547 462 2616 commaculavit,
481 2548 510 2604 in
533 2546 609 2604 libro
626 2548 667 2612 ΙΙ,
681 2547 730 2612 84,
754 2546 804 2602 ubi
828 2546 948 2621 legitur:
972 2546 1128 2622 rl'umquam
1147 2566 1193 2603 uec
1210 2552 1296 2602 tumus

220 2650 271 2688 aes
291 2633 404 2688 alienum
421 2635 480 2705 suit
501 2651 547 2689 nec
568 2633 661 2688 melius
683 2650 739 2688 nee
754 2634 868 2704 soo'lior
890 2633 1047 2688 dissolutum
1069 2643 1117 2689 est.
1153 2631 1297 2690 Similiter

220 2714 346 2773 offendit
368 2715 461 2774 Gzius
484 2717 550 2773 libr.
573 2717 620 2785 II,
643 2718 698 2774 48.
722 2717 772 2773 ubi
795 2736 849 2791 pro
872 2735 955 2790 neque
976 2719 1066 2774 videre
1086 2717 1179 2792 possit
1202 2717 1295 2774 videri
1390 2732 1394 2740 ’

218 2801 377 2858 dicendum
401 2799 493 2858 fuisse
515 2812 597 2876 atque
617 2803 715 2860 uidere.
762 2800 822 2860 Cfr.
849 2804 885 2869 V,
910 2806 959 2858 41.

308 2905 422 2960 quornm
444 2887 510 2943 nituit
526 2886 657 2961 oportere)
671 2889 734 2944 Aut
751 2887 794 2959 sie
810 2887 995 2944 scribendum
1014 2896 1076 2943 eret
1093 2895 1195 2943 eontra
1213 2887 1296 2943 codd.

215 2978 273 3027 aut
296 2971 385 3046 poulo
407 2980 488 3047 post:
511 2981 614 3028 tontum
635 2975 703 3029 sotis
724 2981 805 3041 esset3
830 2972 937 3028 veriori
962 2973 990 3027 in
1009 2972 1063 3027 hec
1083 2972 1295 3028 contrariorum

219 3056 428 3113 coniunctione
450 3075 507 3113 non
532 3057 635 3131 potuit.
669 3058 773 3130 Itaque
790 3069 908 3114 secutus
925 3075 987 3113 sum
1007 3075 1071 3113 eum
1089 3057 1155 3111 aliis
1169 3058 1295 3113 llanutii

219 3141 429 3197 coniecturam.
485 3142 552 3198 Non
586 3142 711 3198 attendit
743 3142 780 3197 ad
816 3142 1026 3198 sententiarum
1061 3141 1294 3198 coniunctionem

220 3225 359 3282 Handius
381 3226 418 3281 ed
440 3227 614 3301 Wopkensii
639 3228 731 3283 Leett.
755 3228 833 3283 Tull.
857 3248 885 3302 p.
901 3229 970 3290 177,
994 3227 1042 3300 qui
1067 3227 1145 3300 quod
1168 3228 1204 3283 de
1227 3245 1296 3283 eou-

219 3310 361 3367 dieionsli
390 3311 552 3367 sententiae
581 3312 677 3369 colore
706 3312 796 3378 dixit,
826 3311 897 3368 nihil
927 3323 984 3372 est;
1013 3311 1158 3386 Epicurus
1187 3312 1296 3368 diceret

220 3394 409 3470 simpliciter:
437 3395 517 3453 Nihil
537 3405 645 3471 (portet.
691 3397 833 3471 Alioquin
864 3407 976 3471 poterut
1005 3416 1074 3452 sane
1098 3397 1126 3453 in
1151 3397 1297 3453 sententis

219 3481 347 3537 relativa
374 3500 427 3555 pro
455 3481 615 3551 infinitivo,
650 3499 735 3554 quem
765 3482 997 3538 continuativum
1026 3482 1177 3556 appellare
1205 3479 1295 3548 soleo,

218 3566 341 3623 retineri
365 3565 448 3622 linito
469 3565 574 3624 formu.
597 3576 740 3640 utsupra
766 3567 802 3622 19
827 3579 854 3623 et
875 3567 903 3623 ΙΙ
923 3567 959 3623 Ν.
974 3568 1010 3623 D.
1024 3570 1072 3623 44.
1118 3567 1188 3624 Alio
1211 3586 1295 3640 repe·

220 3651 337 3707 riuntur
355 3651 431 3725 opud
445 3652 628 3726 Kruegerum
652 3651 681 3707 in
699 3650 840 3708 fasciculo
858 3652 952 3726 primo
965 3651 1176 3725 Quaestionum
1199 3671 1295 3727 grant·

221 3736 393 3791 maticarum
417 3755 445 3809 p.
463 3737 512 3803 45,
536 3738 585 3793 46.
619 3735 766 3813 [Verbum
787 3746 867 3810 putot
889 3755 1008 3815 prorsus
1031 3737 1093 3793 sine
1116 3754 1204 3792 ceusu
1220 3736 1296 3814 ,Bat-

219 3828 302 3876 terus
325 3820 353 3875 in
377 3820 421 3875 ed.
446 3822 558 3878 minore
581 3820 703 3890 notarit,
727 3819 813 3878 Bekii
837 3822 1033 3895 suspicionem
1054 3840 1187 3894 sequens.
1224 3822 1294 3877 Mox

218 3907 273 3961 mel
293 3905 370 3960 dulce
391 3906 557 3961 restitutum
581 3925 618 3963 ex
641 3904 694 3982 A.]

307 3998 427 4064 oportere
447 4022 482 4032 —
507 3993 677 4064 eorpirmore)
701 3991 854 4047 Ernestius
876 3992 1043 4062 corginnart}
1067 3991 1205 4064 opposuit
1224 3991 1294 4046 Bre-

220 4074 298 4130 mius
320 4072 379 4133 Off.
403 4075 461 4142 ΠΙ,
485 4075 512 4144 3,
536 4077 618 4134 Lael.
644 4076 682 4132 59
707 4075 785 4147 (add.
810 4077 857 4134 61.
881 4076 940 4146 al).

307 4169 410 4216 tontum
437 4165 504 4217 satis
532 4181 588 4218 esse
615 4159 770 4233 admouere)
794 4154 947 4217 Ernestius
971 4171 1071 4216 tontum
1096 4159 1189 4237 [quod
1212 4161 1294 4216 abest

219 4243 309 4300 etiarn
329 4242 400 4321 eB]
423 4245 615 4302 omittendum
639 4246 770 4321 putabet.
806 4245 939 4302 Bremius
962 4246 1085 4302 advocat
1110 4247 1139 4303 11
1160 4245 1195 4302 de
1213 4245 1295 4303 Orot.

225 4328 299 4386 139:
327 4330 440 4387 Tantum
463 4335 530 4387 sotis
552 4342 591 4388 est
613 4333 734 4404 intellegi.
759 4349 790 4385 ue
808 4331 855 4386 loe
872 4332 980 4404 quidem
998 4351 1041 4387 eos
1059 4342 1209 4388 corrseoutos
1227 4345 1295 4404 oet,

1076 4451 1089 4494 o
