3030 5086
489 507 532 552 nr
556 507 635 552 nnn.
659 507 721 552 nin.
746 507 767 552 11
791 507 864 553 cna.
888 510 911 556 a.
929 508 1027 567 (tr-r.)
1234 491 1294 554 147

221 678 248 740 l.
272 676 355 756 Quid
378 676 475 756 ergo?
497 675 589 738 istam
611 674 818 755 voluptatem,
841 674 951 756 inquit„
974 674 1127 754 Epicurus
1149 677 1296 757 ignorat?

219 778 289 842 Non
312 795 451 857 semper,
479 777 614 857 inquam.
666 777 746 840 Nam
776 777 932 840 interdum
961 777 1051 840 nimis
1078 777 1171 842 etiam
1201 778 1296 856 novit,

219 880 334 960 quippe
356 879 409 960 qui
431 877 631 955 testificetur,
653 896 692 942 ne
714 878 892 959 intellegere
915 879 1038 959 quidem
1061 899 1095 943 se
1117 898 1221 961 posse,
1244 881 1296 944 ubi

219 981 260 1046 sit
281 990 337 1045 aut
359 981 442 1061 quod
472 982 513 1044 sit
534 980 630 1044 ullum
653 971 769 1044 bonurn
789 980 1029 1061 praeterillud,
1057 981 1143 1062 quod
1170 982 1237 1046 cibo
1265 992 1297 1046 et

291 1208 312 1253 1,
336 1203 411 1264 inquit
435 1211 528 1264 transp.
547 1166 605 1264 port
626 1216 681 1263 erqo
700 1201 819 1250 LPMCR
855 1205 877 1248 ³.
898 1199 989 1263 quidem
1007 1219 1033 1250 se
1050 1217 1098 1250 om.
1120 1203 1143 1250 Ε
1160 1221 1185 1252 ue
1204 1219 1252 1251 om.
1274 1204 1296 1251 tt

220 1279 233 1316 4
262 1270 321 1333 quid
337 1270 368 1318 rit
388 1270 527 1331 (cantior.
564 1287 609 1332 quo
628 1270 718 1317 crdoE
754 1279 795 1316 aut
815 1278 871 1332 (pro
889 1278 920 1331 et)
940 1272 999 1322 COr
1026 1270 1116 1319 om.L

218 1480 362 1552 Apparet,
386 1476 515 1550 incipere
538 1476 585 1533 hic
608 1477 823 1534 inconstantiae
842 1476 962 1551 Epicuri
983 1486 1012 1533 et
1029 1477 1067 1533 ab
1084 1497 1138 1533 usu
1156 1478 1295 1552 loquendi

218 1563 406 1619 discessionis
429 1561 660 1637 expositionem,
684 1563 749 1629 sed,
773 1581 837 1618 cum
861 1561 1042 1636 aliquamdiu
1065 1563 1244 1619 subsistatur
1265 1564 1295 1620 in

219 1668 253 1704 ea
277 1657 359 1722 parte
382 1646 544 1720 voluptatis
567 1646 730 1721 Epicureae
753 1647 1023 1710 commemoranda,
1048 1647 1077 1702 in
1101 1666 1160 1721 qua
1182 1648 1206 1704 is
1229 1653 1294 1704 cum

219 1734 307 1808 vulgo
325 1734 500 1801 consentiat,
525 1751 581 1788 non
600 1733 699 1788 statim
718 1750 771 1788 nec
788 1743 869 1788 recta
887 1733 935 1788 via
953 1751 1017 1787 earn
1037 1733 1294 1807 reprehensionem

219 1819 327 1892 perlici,
351 1818 402 1873 sed
425 1818 492 1873 inde
511 1836 528 1872 a
547 1823 561 1885 ς
578 1818 624 1879 18,
649 1817 698 1873 ubi
722 1817 757 1873 de
780 1819 925 1874 indolentia
942 1818 979 1872 ab
994 1817 1120 1892 Epicuro
1143 1818 1173 1873 in
1191 1818 1295 1894 volup·

219 1903 287 1959 tatis
310 1903 405 1960 locum
430 1912 459 1959 et
482 1921 587 1958 nomen
611 1902 730 1958 inducta
749 1902 925 1977 disputatur,
960 1903 1065 1976 Itaque
1088 1906 1153 1976 quio
1176 1918 1211 1959 ea
1233 1903 1296 1960 fere

218 1989 331 2044 ratione
356 1989 481 2062 positum
506 1998 558 2042 est.
582 1988 617 2043 de
641 2006 699 2060 qua
722 1988 784 2043 dixi
807 1986 843 2042 ad
867 1989 893 2054 Ι,
920 1989 967 2045 18.

305 2075 331 2129 7.
355 2077 434 2129 istum
456 2076 624 2147 voluptatem.
648 2070 750 2149 inqiut)
774 2073 823 2130 Sic
846 2073 933 2128 eliam
958 2073 1052 2129 Pell
1079 2081 1108 2129 et
1127 2072 1204 2147 Spir.
1229 2070 1294 2152 [BJ.

218 2158 371 2215 Editiones
394 2170 461 2214 ante
485 2157 645 2214 Gruterum
671 2167 699 2213 et
723 2158 812 2213 ceteri
833 2157 901 2214 Gzii
925 2158 1018 2216 codd..
1042 2168 1075 2214 ut
1097 2159 1190 2215 nostri
1213 2159 1294 2219 dete·

218 2245 324 2312 riores;
347 2262 400 2300 neo
423 2244 447 2299 is
471 2244 542 2299 ordo
566 2261 671 2317 perse
694 2242 906 2317 improbandus
929 2252 987 2311 est;
1011 2242 1070 2300 vid.
1096 2242 1294 2310 Acnd.1‚13.

303 2333 402 2403 quippe
424 2335 473 2402 qui
494 2327 658 2401 testificetur)
682 2328 783 2383 Verba
806 2329 926 2402 Epicuri
956 2346 971 2383 e
999 2328 1075 2385 libro
1102 2317 1168 2402 περὶ
1190 2320 1296 2394 τέλους

218 2424 334 2489 praeter
359 2415 520 2488 Diogenem
545 2413 658 2485 (Xd)
687 2424 715 2467 et
739 2413 920 2487 Hesychium
949 2413 1096 2469 Milesium
1121 2414 1295 2469 Athenaeus

217 2499 313 2595 paulo
323 2500 456 2574 pleniora
474 2499 556 2571 ponit
575 2418 658 2553 Vll)
653 2518 672 2573 p
698 2498 758 2552 278
773 2499 837 2554 Fet
851 2499 911 2554 280
924 2501 962 2568 Α
983 2498 1049 2554 coll
1061 2499 1165 2588 XIIp.
1179 2498 1293 2555 546Ε.

218 2575 261 2640 Οὐ
279 2574 335 2658 γὰρ
353 2578 439 2658 ἔγωγε
457 2572 585 2653 δύναμαι
605 2581 709 2656 repom
726 2572 864 2657 τάγαθόν
887 2576 964 2656 (ἔχω,
987 2577 1019 2638 τί
1033 2569 1129 2656 νοήσω
1146 2570 1294 2678 τάγαθόν,

217 2668 326 2762 Diog..)
351 2661 487 2762 &pumma
503 2659 556 2736 μὲν
574 2657 629 2728 τὰς
649 2658 697 2721 ted
713 2663 809 2760 χυλῶν
832 2658 949 2760 ἡδονάς,
972 2657 1109 2740 ἀφαιρῶν
1131 2656 1163 2723 di
1185 2656 1240 2729 τὰς
1257 2664 1293 2721 δι’

217 2743 408 2847 appodiatus,
434 2743 570 2844 ἀφαιρῶν
593 2740 624 2805 dc
645 2769 701 2815 τας
724 2749 758 2805 dt
784 2741 1001 2843 ἀκροαμάτων,
1026 2742 1162 2824 α’ᾳαιρων
1185 2739 1217 2805 δὲ
1238 2739 1295 2813 τὰς

218 2826 266 2891 dcci
288 2831 408 2908 μορφῆς
429 2826 497 2890 κατ’
521 2823 593 2906 ὄψιν
616 2825 717 2908 ἡδείας
737 2824 869 2906 κινήσεις.
905 2834 1071 2891 Transtulit
1093 2835 1182 2908 paulo
1205 2835 1293 2890 etiam

217 2921 302 2994 plura
324 2919 460 2978 Cicero
453 2940 481 2975 tn
506 2921 594 2975 'lnso
611 2920 670 2981 ΙΙΙ
684 2922 739 2975 41:
763 2920 820 2974 lt'ee
841 2922 963 2991 equidem
986 2921 1077 2978 labeo
1100 2922 1175 2992 quod
1196 2921 1294 2975 intelle·

214 3025 276 3077 (turn
300 3007 393 3061 bonum
417 3007 485 3060 illud
503 3005 668 3077 (confirmat
687 3003 829 3076 Diogenis
847 3005 1043 3078 scripturam).
1067 3006 1210 3061 detrahens
1233 3007 1295 3060 illua

216 3093 373 3164 voluptates.
397 3111 466 3163 qttuc
488 3110 584 3163 sopore
603 3092 798 3164 perrtpr'unlpr,
822 3091 965 3146 detrudens
982 3111 1037 3157 eas,
1062 3109 1132 3162 qliae
1153 3092 1248 3145 auditu
1271 3100 1295 3145 et

216 3177 351 3236 rantibus,
384 3177 527 3231 detrudens
550 3195 595 3229 eas
618 3179 710 3232 etium.
734 3193 804 3248 quae
826 3193 859 3229 etc
875 3178 975 3247 formis
993 3173 1293 3249 permpiuntur'oculis,

216 3281 309 3316 succes·
332 3259 465 3316 motiones.
489 3264 543 3315 sive
565 3279 635 3332 quac
657 3262 727 3316 olr'ue
749 3261 897 3333 voluptates
920 3263 945 3314 in
963 3270 1015 3316 toto
1032 3261 1135 3315 homine
1149 3263 1295 3333 piqrttmtur

216 3347 331 3418 quolibet
354 3365 442 3401 seram.
477 3346 534 3401 Nec
557 3364 617 3400 uero
640 3349 676 3400 ilo
694 3347 749 3401 <lici
759 3354 857 3419 potest,
881 3348 974 3400 mentis
991 3348 1117 3401 laetitiam
1135 3353 1219 3400 solam
1238 3364 1295 3400 esse

216 3433 241 3484 in
261 3432 343 3485 bom's.
379 3432 536 3486 Loelcrrtem
555 3438 623 3485 enim
642 3440 748 3486 inettlem
767 3433 805 3484 ito
822 3432 891 3497 novi,
908 3449 956 3504 spe
973 3448 1062 3485 eorum
1079 3433 1202 3496 omnium,
1225 3449 1295 3502 quoe

216 3535 299 3588 snpra
323 3517 390 3583 diri,
408 3520 479 3588 jore.
505 3526 532 3569 ut
554 3524 652 3569 recturo
676 3520 709 3570 iis
728 3518 833 3588 potiens
857 3516 947 3570 dolore
968 3525 1067 3571 careat.
1102 3514 1211 3570 Eadem
1236 3515 1293 3588 sig·

216 3601 372 3656 nificantur
400 3601 413 3656 Ι
438 3602 475 3657 N.
501 3601 536 3656 Ι).
565 3603 632 3656 lll.
677 3600 876 3674 Corrigendus
904 3609 949 3656 est
972 3597 1124 3657 Ciceronis
1154 3600 1235 3655 locus
1264 3599 1293 3655 in

216 3686 348 3741 oratione
372 3687 401 3740 in
421 3687 519 3742 l'ison.
537 3686 585 3754 69,
609 3685 658 3739 ubi
683 3687 805 3740 eandem
818 3685 939 3758 Epicuri
962 3685 1137 3740 sententiam
1161 3684 1294 3757 attingit;

216 3771 312 3826 editur
335 3771 427 3826 enirn:
454 3774 507 3826 Iste
528 3803 560 3812 -
584 3773 728 3841 testificari.
752 3771 865 3825 tabellas
884 3770 1024 3841 obeipnure
1046 3772 1118 3829 celle,
1142 3770 1294 3843 Epicurum

216 3858 381 3911 disertum
405 3859 509 3920 dicere,·
532 3866 581 3910 est
605 3866 729 3911 tantem:
753 3857 824 3917 elzeta
848 3864 878 3909 ut
900 3859 1002 3927 opinor,
1026 3874 1054 3909 se
1076 3856 1176 3909 nullum
1199 3855 1292 3909 bortum

215 3943 362 4010 intellegere
380 3961 461 4014 posse
484 3944 597 4013 deruptis
620 3943 739 4013 corporis
762 3940 949 4012 voluptatibus.
995 3939 1201 4011 Eloquentiam
1223 3938 1293 4012 Epi·

215 4026 276 4081 curi
296 4027 366 4081 Piso
390 4044 446 4081 non
471 4027 601 4092 curabat,
626 4044 679 4079 nec
702 4043 737 4079 ea
759 4042 777 4079 a
794 4023 968 4079 Philodemo
991 4023 1020 4078 in
1045 4023 1164 4078 dubium
1188 4034 1294 4078 vocata

216 4121 294 4175 erat;
334 4111 519 4166 scribendum
556 4120 614 4165 est:
648 4111 800 4183 Epicurum
833 4110 1004 4164 desertum
1037 4110 1141 4171 tir'cere‚·
1174 4111 1293 4163 erectim

215 4197 287 4252 ditm.
312 4206 339 4250 ut
361 4203 456 4269 opinor
478 4206 532 4251 oet.
580 4197 735 4251 Desertum
762 4193 922 4268 Epicurum
945 4193 1093 4248 clamabat
1114 4193 1152 4248 ab
1174 4192 1219 4249 iis.
1243 4192 1292 4266 qui

215 4281 362 4336 decretum
387 4281 422 4335 de
446 4281 577 4354 corporis
601 4280 752 4353 voluptate
775 4296 832 4334 non
856 4286 1000 4334 tenerent.

300 4368 374 4439 quod
395 4370 429 4421 sit
452 4369 534 4420 ullum
558 4367 664 4437 boumn)
689 4365 739 4422 Sic
761 4372 840 4419 recte
862 4372 934 4419 vett.
957 4363 1022 4418 edd.
1045 4362 1145 4435 (etiam
1159 4362 1292 4429 Ascens,

216 4450 307 4518 Crat„
327 4451 431 4521 Vict.);
456 4461 559 4525 postea
581 4469 618 4506 ex
635 4449 748 4506 Aldina
770 4447 889 4523 irrepsit
911 4449 993 4522 qm'd3
1016 4447 1177 4521 quaeritur,
1200 4445 1291 4520 quod·

1037 4560 1086 4610 10*
