3030 5086
254 477 318 543 396
643 497 689 542 nn
711 495 843 543 surmus
865 496 937 542 nou.

254 664 381 728 dentis?
425 662 674 744 Circumscriptis
696 663 792 744 igitur
813 663 851 728 iis
873 663 1048 743 sententiis,
1070 681 1150 745 quas
1171 663 1278 745 posui,
1300 669 1335 729 et

253 765 305 844 iis,
334 766 361 830 si
389 783 470 846 quae
497 764 615 831 similes
643 784 750 831 earum
777 772 865 845 sunt,
894 766 1094 847 relinquitur,
1122 773 1158 830 ut
1178 781 1335 831 summum

255 867 370 932 bonum
392 867 433 932 sit
455 867 559 931 viuere
582 866 743 932 scientiam
764 867 962 933 adhibentem
985 887 1093 934 earum
1114 887 1229 947 rerum,
1251 885 1336 950 quse

255 976 368 1034 natura
379 968 532 1048 eveniant,
544 967 735 1050 seligentem,
748 987 829 1050 quse
840 971 1010 1035 secundum
1022 976 1176 1049 naturam,
1193 974 1233 1047 et,
1250 987 1336 1050 quae

216 1081 366 1152 scontra
388 1078 533 1135 namram
555 1070 632 1144 sint,
663 1070 856 1150 reicientem,
878 1070 910 1136 id
934 1079 996 1151 est,
1018 1072 1238 1137 convenienter
1259 1090 1334 1136 eon·

324 1247 347 1289 2.
366 1240 395 1290 is
413 1257 475 1304 quoe
495 1239 615 1290 LPltcss
659 1247 681 1294 4.
699 1249 784 1291 notare
801 1242 950 1291 wesrostli
985 1250 1008 1291 et
1024 1242 1048 1290 si
1063 1258 1125 1305 qaae
1142 1250 1225 1291 contra
1244 1239 1333 1292 LPOr.

256 1319 278 1359 ct
295 1309 320 1358 ri
335 1326 398 1373 qaae
416 1310 486 1359 etiam
505 1317 588 1358 contra
606 1309 683 1361 MCR
718 1315 741 1363 5.
760 1318 814 1359 sant
833 1325 928 1369 omnes,
949 1309 992 1359 Or.

256 1467 414 1540 (sequitur).
443 1474 473 1522 ut
495 1474 549 1522 cet.
594 1465 782 1539 Relinquitur
810 1465 1018 1523 molestissima
1045 1465 1205 1537 dubitatio,
1233 1476 1332 1523 utrum

256 1550 361 1610 Cicero
384 1550 471 1625 plene
494 1550 664 1624 perturbate
687 1550 729 1607 sie
752 1550 903 1625 scripserit
925 1553 1048 1621 consur,
1077 1551 1162 1625 quasi
1189 1560 1258 1608 ante
1280 1568 1335 1626 po·

255 1636 362 1693 suisset
378 1638 451 1710 fore,
475 1644 504 1691 ut
525 1644 577 1691 aut
599 1635 694 1691 simile
717 1635 839 1709 aliquid,
862 1654 898 1692 en
918 1636 1053 1693 mendum
1071 1636 1166 1693 subsit
1183 1654 1218 1694 eo
1235 1634 1335 1694 occul·

256 1721 324 1789 tius,
343 1721 421 1796 quod
436 1739 531 1793 neque
543 1720 624 1794 prior
641 1738 709 1795 pers
721 1721 885 1777 sententiae
897 1723 978 1795 (quid
993 1724 1113 1795 apertius
1130 1723 1224 1795 quam)
1236 1738 1334 1795 neque

256 1805 402 1881 posterior
424 1808 546 1877 (tollatur
568 1807 637 1878 cet.)
660 1824 766 1880 perse
789 1805 879 1863 ullam
903 1816 1021 1862 moveat
1043 1806 1255 1881 suspicionem,
1278 1823 1335 1863 nec

255 1901 352 1948 tomen
376 1889 535 1964 quidquem
558 1890 737 1966 reperiatur,
767 1909 826 1964 quo
854 1890 923 1947 illac
951 1890 1102 1948 conciliari
1130 1890 1207 1948 inter
1234 1909 1266 1948 se
1289 1891 1334 1948 ri·

256 1976 382 2033 deantur
405 1993 500 2050 posse,
523 1975 580 2032 nisi
603 1975 693 2032 verba
716 1976 819 2033 saltem
837 1975 895 2033 duo
913 1976 1059 2032 addantur
1077 1977 1153 2050 (sore
1168 1985 1198 2033 art
1214 1978 1333 2047 tollitur,

256 2070 289 2118 ut
300 2060 471 2131 Lambinus,
495 2070 547 2117 aut
562 2064 640 2134 sequi
655 2062 704 2134 ut).
738 2059 833 2138 [Fieri
856 2070 961 2135 potest,
985 2069 1018 2118 ut
1040 2059 1145 2120 Cicero
1167 2060 1334 2136 scripserit:

260 2145 334 2214 Quid
355 2155 443 2202 autem
465 2148 605 2220 spertinet
633 2146 706 2202 Nam
723 2148 750 2202 si
764 2149 868 2203 selectio
882 2179 919 2189 -
932 2156 1068 2216 naturam,
1087 2148 1198 2203 tollatur
1210 2179 1239 2189 —
1263 2166 1332 2222 pra-

256 2234 353 2288 (lertio.
387 2231 470 2289 Idem
483 2230 624 2306 Ussingio
643 2229 778 2307 placuit]
812 2231 927 2288 Bessum
945 2230 1057 2288 addunt
1075 2231 1164 2288 etism
1182 2231 1279 2289 Mead.
1303 2241 1333 2289 et

256 2317 301 2374 El.
320 2319 346 2378 l,
370 2315 488 2374 Oxx.E
505 2317 627 2388 (tollatur
648 2318 716 2372 enim
732 2317 857 2390 mum),
881 2310 898 2384 ξ
915 2317 1033 2387 (tolletur
1049 2319 1116 2373 enim
1133 2317 1259 2388 mum),
1277 2331 1332 2392 χψ,

256 2411 315 2458 tres
339 2400 424 2471 Gzii,
452 2400 481 2457 id
510 2410 568 2471 est,
597 2400 775 2458 deteriorum
804 2400 931 2468 familia,
962 2401 1040 2475 quod
1064 2401 1141 2458 unde
1164 2411 1259 2459 ortum
1283 2401 1332 2471 sit,

257 2505 314 2544 non
338 2486 438 2555 video;
461 2485 573 2561 primus
596 2485 730 2543 omisisse
752 2485 869 2543 videtur
891 2486 998 2544 Aldus.

341 2580 366 2627 et
381 2572 425 2640 iis,
444 2574 470 2627 si
484 2571 567 2645 quae)
586 2569 636 2630 Sic
653 2571 717 2628 Pal.
736 2573 761 2641 l,
780 2569 845 2648 [B,]
864 2570 947 2628 codd.
965 2572 1040 2629 Mor.
1059 2580 1089 2628 ct
1106 2570 1193 2641 Scal,
1211 2570 1257 2630 El.
1277 2571 1332 2644 (2),

256 2655 334 2724 Gzii,
359 2665 483 2731 excepto
507 2654 587 2715 Gud.
613 2656 647 2726 2,
671 2653 826 2730 omnes(?).
872 2658 952 2731 Apte
975 2656 1170 2732 significetur,
1201 2673 1334 2731 compre·

255 2741 344 2799 hendi
368 2750 481 2798 ceteras
504 2741 679 2809 sententies,
713 2741 738 2799 si
767 2759 842 2815 quae
871 2742 944 2810 sint,
978 2759 1033 2798 nec
1061 2750 1158 2798 temen
1181 2740 1334 2811 affirmari,

256 2827 330 2884 elias
353 2845 431 2895 esse;
461 2825 655 2882 usitatissime
677 2837 722 2882 est
743 2835 841 2883 autem
865 2826 937 2883 haec
960 2826 1128 2883 coniunctio
1149 2830 1187 2897 is,
1217 2828 1333 2900 siquis,

256 2913 381 2969 condeta
410 2910 588 2969 definitionis
615 2911 758 2968 relativae
781 2913 832 2983 (is,
862 2914 921 2986 qut)
944 2920 974 2968 et
1001 2911 1081 2969 illius
1109 2911 1215 2969 dubiae
1242 2910 1334 2986 signi·

255 2997 401 3054 ficationis
424 2999 461 3070 (si
481 2998 554 3071 quis)
576 2995 682 3065 forme,
705 3005 738 3052 ut
759 2996 823 3052 iure
847 2997 951 3054 mirere
963 2996 1119 3054 Davisium
1140 3005 1170 3053 et
1182 2995 1333 3054 Bremium

255 3083 312 3140 Th.
342 3081 477 3139 Bentleio
511 3084 544 3138 iis
577 3080 692 3137 tollenti
725 3081 867 3155 paruisse.
919 3082 1065 3156 Exempla
1098 3081 1212 3155 aliquot
1244 3081 1335 3138 habet

255 3167 469 3225 Rsmshornius
491 3186 520 3241 p.
540 3166 601 3222 570
628 3165 696 3222 aliis
723 3166 909 3236 intermixta3
943 3167 1009 3224 cdd.
1040 3166 1088 3223 hic
1109 3167 1164 3237 IV,
1189 3166 1228 3223 49
1252 3167 1333 3239 (illos,

255 3256 281 3309 si
301 3255 375 3327 qus),
406 3251 505 3308 Divin.
529 3251 557 3307 in
582 3250 668 3309 Caec.
692 3252 747 3319 48,
771 3251 848 3309 Phil.
871 3251 943 3319 VII,
968 3252 1018 3319 23,
1042 3249 1101 3310 Off.
1126 3251 1167 3315 ΙΙ,
1192 3251 1230 3310 75
1255 3253 1333 3324 (tum,

255 3340 281 3394 si
307 3337 445 3413 quondo),
475 3337 539 3394 Liv.
564 3337 622 3406 VI,
646 3337 701 3407 26,
726 3338 760 3393 6:
789 3356 832 3405 eo,
860 3338 952 3395 mendi.
998 3336 1094 3394 Paulo
1121 3346 1190 3394 ante
1217 3339 1334 3393 circam·

254 3426 363 3498 scriptis
385 3421 427 3495 (id
450 3432 503 3492 est,
526 3424 654 3494 exclusis)
677 3421 779 3478 eodem
804 3422 889 3479 modo
912 3422 1028 3492 dicitur,
1052 3441 1109 3497 quo
1134 3421 1334 3492 Verr.1,43,

255 3508 296 3579 ΙΙ,
325 3508 393 3565 149.

341 3596 427 3650 vivere
448 3595 585 3650 scientiam
606 3592 774 3648 adhibentem
788 3625 824 3634 -
844 3594 875 3648 id
891 3602 930 3649 est
946 3595 1015 3660 cet.)
1040 3591 1208 3649 Forrnulam
1227 3590 1336 3648 summi

255 3678 324 3735 boni
354 3678 447 3734 ascita
476 3687 598 3733 naturae
627 3677 747 3733 notione
775 3676 923 3734 definitam
954 3677 1024 3750 (vid.
1053 3677 1089 3733 ad
1114 3677 1166 3749 21)
1194 3676 1235 3732 sic
1259 3675 1335 3735 Cato

256 3764 349 3840 ponit,
374 3772 407 3819 ut
428 3762 485 3837 ipsi
509 3761 653 3820 formulae
672 3761 800 3818 breviori
824 3763 993 3837 praemittat
1016 3761 1182 3819 uberiorem
1203 3761 1335 3818 declara·

256 3849 380 3916 tionem3
404 3847 463 3906 vid.
488 3847 526 3904 ed
549 3848 573 3917 I,
599 3847 647 3914 33,
672 3846 707 3903 de
730 3846 795 3921 ipse
817 3858 914 3903 eutem
938 3847 1137 3904 declaratione
1160 3846 1197 3903 ad
1214 3847 1269 3916 IV,
1285 3847 1333 3903 14.

341 3943 365 3990 et
387 3953 457 4008 quoe
479 3943 571 3990 costra
594 3932 734 4007 naturam)
753 3932 904 3989 Edebetur
927 3952 963 3989 ex
987 3933 1183 3990 deterioribus
1206 3932 1290 3990 codd.
1310 3941 1335 3988 ct

255 4024 280 4077 si
301 4038 379 4093 qnae,
403 4018 545 4075 translato
568 4018 634 4088 buc,
658 4018 736 4092 quod
754 4036 843 4092 supra
860 4019 948 4075 scribi
961 4019 1076 4086 debuit;
1099 4028 1178 4074 recte
1196 4020 1222 4074 ei
1236 4025 1334 4074 sustu·

255 4105 353 4162 lerunt
376 4104 517 4161 Davisius
540 4114 568 4160 et
592 4104 742 4161 Bremius.
772 4114 908 4178 parentes
939 4104 1058 4178 optimis
1086 4103 1185 4172 codd,
1213 4102 1278 4160 Pal.
1308 4105 1333 4173 l,

257 4190 344 4257 Mor,
365 4190 452 4256 Scel,
466 4189 510 4247 El.
530 4187 600 4262 1(?),
625 4189 704 4263 Spir.
725 4185 788 4269 [B].
823 4189 981 4264 Perincpte
999 4189 1074 4247 Ceto
1091 4187 1278 4264 signiticaret,
1302 4205 1334 4244 se

257 4275 414 4350 ambigere.
439 4293 507 4330 num
532 4293 591 4349 qus
613 4284 711 4330 essent
734 4283 835 4330 contre
858 4283 1002 4330 naturam.
1047 4276 1123 4331 Tum
1143 4277 1230 4343 etium,
1254 4271 1334 4346 quod

256 4359 419 4415 addebatur
442 4368 508 4434 post
531 4379 609 4433 quae,
633 4359 794 4416 omiserant
815 4359 873 4415 ism
898 4361 976 4417 Vict.
999 4369 1029 4416 et
1052 4360 1146 4426 Mam,
1172 4368 1231 4414 tum
1256 4358 1334 4415 Dav.

257 4445 303 4503 El.
322 4442 382 4517 1(?)
400 4445 563 4520 appellens,
587 4445 634 4502 cui
651 4444 852 4501 assentiuntur
870 4445 1031 4515 conitor,
1051 4438 1101 4514 Εξ,
1124 4452 1265 4518 quattuor
1281 4461 1335 4518 op·
