3030 5086
430 489 473 537 aa
498 490 577 536 unu.
600 489 663 534 ors.
687 490 708 534 v
731 490 803 535 cna.
826 493 934 539 ‹ro-st.
950 491 1083 553 (sa-eo.)
1231 472 1292 536 727

303 662 415 726 XXIV.
439 661 489 726 69.
519 659 682 739 Quomodo
704 657 813 738 igitur,
840 657 976 739 inquies,
1004 677 1111 723 verum
1138 676 1208 724 esse
1230 676 1289 738 po-

217 765 299 842 terit,
316 765 418 829 omnia
436 762 545 828 referri
562 762 604 826 ad
621 779 774 825 summum
791 761 915 829 bonum,
939 760 965 824 si
982 760 1146 840 amicitiae,
1170 761 1198 825 si
1215 779 1291 843 pro·

217 867 421 947 pinquitates,
450 865 476 930 si
505 864 624 944 reliqua
650 869 778 927 externa
800 881 920 927 summo
943 862 1024 927 bono
1047 882 1108 928 non
1130 864 1293 928 continen-

217 970 290 1032 tur?
323 969 390 1033 Hac
407 968 549 1031 videlicet
571 964 698 1043 ratione,
722 963 806 1045 quod
829 983 874 1043 ea,
897 984 977 1046 quae
999 973 1127 1030 externa
1149 971 1232 1044 sunt,
1255 964 1294 1029 iis

217 1080 340 1135 tuemur
356 1069 472 1147 officiis,
495 1087 574 1149 quae
590 1067 734 1131 oriuntur
751 1086 770 1131 a
788 1086 845 1131 suo
862 1068 1010 1149 cuiusque
1026 1086 1141 1149 genere
1157 1066 1292 1132 virtutis.
1310 1069 1331 1134 5

217 1173 296 1236 Nam
314 1182 346 1237 et
362 1172 451 1236 amici
468 1170 569 1234 cultus
586 1178 618 1234 et
633 1170 771 1249 parentis
787 1170 825 1247 ei,
847 1170 900 1250 qui
917 1167 1018 1235 officio
1035 1167 1182 1252 frangitur,
1205 1169 1237 1234 in
1256 1187 1293 1234 eo

218 1275 287 1354 ipso
310 1276 448 1355 prodest,
470 1273 554 1353 quod
574 1271 621 1334 ita
642 1269 727 1352 iungi
750 1269 851 1336 officio
874 1272 1006 1337 inrecte
1022 1271 1115 1338 iactis
1132 1279 1188 1351 est,
1212 1289 1292 1352 quae

218 1387 292 1439 sunt
318 1385 387 1440 orta
414 1396 435 1438 o
458 1374 631 1438 virtutibus.
677 1375 764 1452 Quae
791 1374 916 1455 quidam
940 1374 1096 1455 sapientes
1118 1379 1291 1456 sequuntur

288 1585 310 1630 2,
329 1580 352 1627 st'
373 1578 491 1628 amrrdioe
509 1577 598 1628 σπι-Ο
643 1584 665 1628 3,
684 1577 856 1627 continerentur
875 1579 941 1629 PCR
985 1584 1007 1628 4.
1026 1578 1063 1627 tu
1083 1577 1125 1628 bc
1170 1583 1193 1627 d.
1215 1576 1297 1640 etqui

220 1665 317 1705 omnes,
338 1649 381 1696 Or.
400 1663 457 1696 curu
476 1657 537 1695 nota
555 1647 638 1695 mendi
684 1647 965 1698 saomxpcROr.
986 1646 1049 1695 t'uL
1085 1646 1294 1710 queeqat'demii

219 1727 306 1767 mentes
324 1726 452 1785 sequautur
470 1732 556 1765 omnes

220 1891 408 1948 concessione
437 1890 541 1948 Cicero
572 1890 689 1947 insolito
721 1889 806 1946 modo
835 1890 950 1946 locutus
978 1889 1030 1950 sit.
1064 1888 1119 1946 etsi
1148 1887 1294 1963 equidem,

221 1977 290 2051 quid
314 1977 369 2032 hoc
391 1977 427 2031 ad
451 1986 513 2032 sarit
536 1975 749 2032 excludendum
773 1975 871 2031 ualere
895 1975 1032 2048 potuerit,
1056 1993 1113 2030 non
1138 1973 1234 2031 video.

306 2061 379 2136 Cap.
399 2062 518 2119 XXIV.
540 2062 587 2118 69.
612 2067 644 2128 ei,
668 2067 716 2135 qui
732 2062 820 2133 officio
829 2063 966 2134 saepitur,
991 2067 1018 2115 in
1041 2080 1070 2117 eo
1091 2064 1150 2134 ipso
1168 2060 1296 2135 prodest)

221 2149 325 2221 ltaque
354 2147 395 2214 ei,
426 2148 476 2220 qui
504 2147 614 2203 etnicos
637 2158 667 2202 et
689 2156 825 2221 parantes
848 2145 932 2213 colit,
961 2146 1072 2202 amicos
1100 2154 1129 2202 at
1158 2155 1295 2220 parentes

221 2234 328 2289 habere
356 2243 386 2288 et
412 2233 508 2288 colere
537 2241 624 2306 utque
654 2231 729 2288 tueri
756 2232 799 2288 ita
827 2230 960 2305 prodest,
990 2241 1022 2288 ut
1043 2231 1088 2299 id,
1117 2248 1294 2306 quamquain

220 2317 306 2374 amici
330 2328 359 2372 et
382 2328 519 2390 parentes
542 2317 618 2373 inter
640 2326 762 2373 externa
784 2316 852 2384 sint,
875 2324 983 2386 tamen,
1007 2316 1168 2389 quodcum
1187 2316 1296 2372 virtute

220 2403 416 2477 coniungitur,
440 2403 477 2458 ad
500 2421 643 2458 surornum
666 2403 773 2458 bonurn
792 2401 943 2458 referatur.
978 2401 1073 2474 Quam
1091 2401 1207 2457 iuflrrna
1224 2401 1296 2456 haec

220 2489 259 2544 sit
281 2488 506 2562 argumentatio,
530 2488 559 2544 in
583 2506 640 2561 qua
663 2486 775 2543 amicus
797 2498 827 2543 et
848 2487 935 2543 arnici
958 2487 1054 2543 cultus
1077 2486 1297 2544 confunduntur

221 2587 250 2630 et
272 2583 484 2647 permutantur,
508 2573 675 2646 expositum
699 2582 743 2628 est
765 2572 854 2646 paulo
876 2585 945 2628 ante
962 2573 1011 2646 (ad
1031 2573 1127 2644 §67);
1150 2571 1297 2628 sententia

221 2659 338 2733 quidem
361 2671 492 2733 apparet.
517 2678 603 2732 quarn
622 2659 801 2714 levissimum
820 2659 952 2715 codicum
972 2657 1117 2723 ruendum,
1141 2657 1170 2713 in
1190 2656 1296 2730 quibus

221 2745 372 2800 scribitur:
390 2755 414 2799 et
431 2749 479 2817 qui
494 2754 560 2810 cet,
578 2745 619 2799 ita
636 2745 816 2804 obscuraret,
834 2754 866 2799 ut
885 2744 975 2800 mirae
992 2743 1179 2800 coniecturae
1197 2759 1297 2799 nasce·

221 2843 331 2885 rentur.
368 2829 445 2901 Quid
463 2829 550 2884 scribi
568 2829 697 2898 deberet,
716 2827 846 2887 Oreliius
859 2828 947 2896 vidit;
965 2827 1018 2886 cfr.
1033 2828 1068 2884 de
1080 2827 1178 2884 mendi
1190 2844 1298 2902 genere

222 2915 279 2975 111.
295 2916 331 2970 67
346 2925 374 2969 et
388 2915 436 2970 73.
482 2913 596 2970 Deinde
614 2914 718 2989 scripsi
734 2923 794 2969 orta
810 2934 827 2969 o
845 2915 987 2970 uirtutibus
1004 2931 1069 2969 cum
1088 2913 1242 2978 Lambino,
1265 2921 1299 2968 nt

222 3000 310 3074 paulo
333 3008 401 3054 aute
424 3000 543 3073 legitur:
568 3002 690 3054 orrorrtnr
711 3019 728 3054 o
751 3019 800 3055 auo
821 3003 949 3073 curiasque
968 3017 1063 3071 potere
1084 3002 1192 3054 virtutis
1209 3009 1238 3053 et
1256 2997 1297 3066 11,

224 3086 278 3141 78:
308 3087 357 3141 sed
379 3088 465 3160 tpsuru
488 3105 504 3140 a
527 3104 555 3140 se
577 3090 670 3142 oritur.
715 3084 884 3157 Numquam
908 3083 1012 3142 Cicero
1035 3083 1086 3140 illo
1109 3083 1195 3139 modo
1218 3083 1297 3157 apud

221 3171 277 3226 hoo
301 3171 421 3226 verbum
441 3169 687 3244 praepositionem
706 3169 824 3226 omittit.
847 3188 884 3225 ne
907 3188 972 3226 cnut
996 3169 1155 3225 liberorum
1179 3168 1297 3243 quidem

221 3257 364 3331 originem
387 3255 541 3330 siguificat,
566 3266 597 3312 ut
620 3255 723 3330 Topic.
749 3255 798 3322 29,
823 3274 876 3330 pro
900 3255 1002 3312 Plane.
1023 3255 1077 3322 673
1101 3254 1204 3311 Livius
1227 3253 1298 3310 dicit

214 3344 277 3415 filio
305 3352 379 3397 ortus
401 3341 572 3413 (Sallustius
596 3352 698 3397 contra
720 3341 784 3416 Iug.
811 3341 869 3397 108
893 3340 1092 3397 exconcubina
1114 3341 1214 3412 ortae),
1243 3339 1297 3396 Sa·

222 3429 284 3484 bina
306 3438 390 3483 ruotre
412 3438 495 3487 ortuo.
519 3427 637 3485 similia.
684 3427 783 3500 Longe
806 3426 893 3482 aliter
915 3426 972 3481 dici
995 3428 1112 3500 equestri
1133 3427 1189 3481 loco
1211 3434 1298 3482 ortum

221 3533 278 3570 esse
294 3513 431 3586 aliquem.
456 3532 541 3569 nemo
559 3532 616 3568 non
636 3512 724 3569 videt.
760 3508 869 3591 [Paulo
887 3523 955 3567 cute
972 3511 1199 3586 expectabatur:
1216 3530 1233 3565 a
1250 3529 1298 3567 suo

222 3601 348 3672 quodque
372 3618 466 3669 qaaere
493 3601 606 3654 virtutis.
657 3598 745 3654 Nunc
772 3596 876 3655 Cicero
904 3597 1030 3671 primum
1060 3615 1095 3652 ea
1122 3595 1233 3665 forma,
1262 3594 1298 3652 de

223 3703 280 3758 qua
308 3684 344 3738 ad
374 3686 412 3740 to
442 3683 519 3750 dixi,
554 3684 638 3740 finxit
668 3703 686 3739 a
713 3703 763 3740 ertu
790 3701 898 3757 quoque
925 3686 1034 3750 virtute,
1068 3680 1173 3738 deinde
1202 3702 1221 3737 a
1248 3700 1297 3738 auo

222 3773 350 3843 citiusque
370 3788 464 3842 periere
486 3765 617 3848 vertutis]

313 3854 388 3922 Quae
410 3856 517 3928 quidem
539 3858 670 3929 eopr'eutes
693 3852 765 3930 cet)
788 3853 860 3911 Inde
883 3852 921 3908 ab
938 3852 1023 3909 initio
1038 3856 1052 3922 ξ
1066 3853 1105 3909 65
1124 3852 1206 3921 Piso,
1229 3870 1297 3926 pro·

222 3931 340 4016 gressus
370 3941 407 3996 ub
436 3940 564 3997 iustitiae
595 3939 675 3996 foras
703 3939 863 4014 spectantis
891 3938 1024 3997 notione.
1058 3947 1181 3995 externa
1210 3937 1296 4008 bona,

222 4045 306 4100 quae.
331 4037 362 4082 ut
385 4026 456 4090 dixi,
480 4026 527 4081 hic
550 4026 579 4081 in
603 4025 705 4082 etnicis
722 4025 885 4099 ceterisque
903 4024 1080 4081 horninibus.
1104 4022 1153 4097 qui
1171 4022 1297 4099 diligan-

224 4123 285 4173 tur,
315 4111 412 4167 omnia
436 4112 532 4186 ponit.
560 4129 625 4167 curn
656 4111 740 4166 bouis
763 4110 814 4179 iis,
844 4128 918 4184 quae
948 4109 977 4165 iu
1000 4109 1065 4182 ipso
1087 4108 1205 4166 homine
1228 4107 1296 4178 sint,

224 4197 350 4254 maxime
373 4215 438 4252 curn
462 4197 594 4264 honesto,
618 4195 757 4270 copulare
780 4206 902 4252 conatus
925 4205 978 4252 est.
1014 4195 1118 4269 Itaque
1141 4212 1176 4251 ea
1199 4193 1299 4268 dispu-

223 4283 333 4340 tatione
356 4281 498 4339 confecta.
522 4301 587 4338 eum
611 4289 744 4338 extremo
766 4281 831 4338 loco
853 4290 933 4337 recte
956 4279 1035 4337 facta
1053 4279 1244 4343 nominasset,
1266 4279 1298 4335 in

223 4369 268 4425 bis
291 4368 367 4425 redit
389 4368 426 4424 ad
449 4368 487 4432 id,
511 4368 588 4441 quod
611 4369 678 4437 §64
697 4379 772 4424 extr.
797 4367 922 4436 dixerat,
945 4365 1099 4424 honestum
1122 4384 1176 4441 per
1197 4383 1229 4422 ee
1247 4383 1300 4422 ex·

224 4454 293 4528 peti,
317 4453 404 4528 idque
426 4453 538 4529 gloriae
561 4452 781 4528 comparatione
803 4452 966 4510 coufirmat.
1012 4451 1129 4527 (Haesit
1152 4450 1298 4520 Bromius,
