3030 5086
274 478 338 544 670
661 501 706 545 ns
728 498 859 546 nmmos
882 498 953 545 non.

274 670 491 750 pellanturque
514 687 574 732 non
597 667 803 745 voluntariae,
831 667 963 731 alterum
985 685 1106 743 earum,
1135 667 1267 747 quaein
1290 684 1354 729 vo·

273 770 394 835 luntate
425 771 562 851 positae,
601 771 700 850 magis
733 769 860 849 proprio
894 768 1015 831 nomine
1048 768 1200 848 appellari
1235 769 1353 847 solent,

274 891 406 954 quarum
418 879 467 936 est
482 872 633 937 excellens
650 872 681 935 in
697 871 870 935 animorum
886 871 980 935 laudo
996 871 1196 952 praestantia.
1224 870 1353 934 Prioris

273 975 396 1056 generis
418 982 467 1039 est
488 974 638 1052 docilitas,
660 973 823 1051 memoria;
846 991 926 1053 quae
945 971 1009 1037 fere
1026 973 1129 1036 omnia
1145 973 1353 1052 appellantur

235 1077 336 1141 buno
364 1076 476 1156 ingenii
499 1076 637 1155 nomine,
666 1093 780 1155 easque
802 1075 933 1139 virtutes
960 1075 1011 1155 qui
1034 1074 1163 1151 habent,
1191 1073 1353 1155 ingeniosi

273 1187 432 1243 vocantur.
469 1178 604 1242 Alterum
627 1184 731 1242 autem
752 1196 849 1260 genus
872 1187 920 1242 est
939 1195 1120 1259 magnarum
1139 1193 1354 1257 verarumque

273 1281 430 1357 virtutum,
453 1298 530 1360 quas
553 1279 745 1361 appellamus
762 1280 961 1358 voluntarias,
984 1287 1019 1343 ut
1034 1279 1242 1360 prudentiam,
1266 1286 1351 1342 tem·

273 1382 455 1462 palantiam,
473 1379 694 1459 tortitudinem,
712 1381 862 1445 iustitiam
873 1390 904 1446 et
915 1381 1050 1462 reliquas
1061 1381 1184 1464 generis
1196 1380 1350 1445 eiusdem.

358 1486 409 1547 37.
433 1484 472 1546 Et
489 1483 665 1548 summatim
681 1483 805 1564 quidem
823 1483 898 1547 haeo
916 1490 1005 1548 erant
1021 1484 1061 1547 de
1077 1501 1208 1563 corpore
1223 1482 1351 1545 animo-

216 1589 256 1651 10
274 1604 334 1665 que
352 1585 491 1663 dicenda,
515 1585 626 1666 quibus
643 1585 732 1666 quasi
750 1584 948 1649 informatum
966 1596 1022 1662 est,
1045 1585 1119 1665 quid
1138 1584 1269 1649 hominis
1289 1602 1350 1647 na-

274 1694 345 1751 tura
361 1687 511 1769 postulet;
534 1705 571 1751 ex
589 1705 649 1768 quo
667 1689 864 1769 perspicuum
884 1698 941 1765 est,
963 1687 1109 1768 quoniam
1132 1687 1190 1767 ipsi
1213 1705 1232 1750 a
1255 1685 1351 1749 nobis

274 1789 454 1869 diligamur,
488 1789 653 1869 omniaque
680 1795 711 1854 et
738 1789 769 1853 in
797 1790 899 1853 animo
928 1790 1016 1854 etin
1046 1806 1178 1870 corpore
1206 1787 1351 1869 perfecta

346 1983 363 2024 l.
386 1977 444 2024 Post
468 1976 566 2024 alterum
590 1977 646 2024 add.
671 1986 747 2025 autem
769 1976 813 2024 ΕΡ
866 1982 888 2024 3,
908 1976 1021 2025 malorum
1040 1981 1096 2040 (pro
1120 1977 1143 2023 ia
1161 1976 1304 2030 opinionum)
1326 1976 1347 2022 Ε

273 2045 295 2093 in
315 2045 486 2094 aiir'morumC
528 2045 842 2108 t.merrror1'aqosqoaoL
884 2051 904 2093 6,
925 2053 1001 2094 autem
1020 2061 1068 2093 om.
1091 2045 1110 2092 L
1155 2050 1174 2094 7.
1195 2061 1243 2106 qua
1261 2042 1347 2107 appel·

273 2112 366 2161 latisE
395 2124 416 2161 et
435 2116 491 2178 (pro
509 2122 543 2174 ut)
564 2114 653 2161 ELPR
694 2123 714 2164 tt.
735 2113 835 2163 eiusdem
852 2119 943 2178 poneres
962 2113 1093 2162 LPcaor.
1134 2118 1162 2159 lo
1189 2111 1306 2161 ducenda
1328 2111 1348 2159 P

273 2181 336 2245 qood
358 2197 457 2239 omnes,
477 2181 519 2231 Or.
577 2188 614 2232 ll.
632 2182 737 2246 postulat
757 2184 777 2231 lt
834 2188 868 2233 tt.
889 2190 910 2231 et
933 2193 989 2230 onte
1014 2181 1132 2230 inanimo
1151 2197 1199 2233 om.
1220 2181 1239 2228 L
1264 2182 1287 2228 in
1308 2181 1348 2229 bis

274 2267 323 2300 nm.
344 2251 373 2307 E,
393 2254 518 2314 posterius
538 2251 557 2297 L

272 2417 375 2483 genter
397 2407 561 2481 expositam
586 2410 627 2480 (at
648 2418 747 2463 notum
772 2417 830 2471 est,
861 2407 1051 2464 Aristotelem
1076 2405 1103 2462 in
1128 2405 1173 2461 his
1196 2405 1347 2479 quaestio·

273 2493 358 2548 nibus
381 2493 484 2548 ethicis
508 2511 565 2548 non
589 2511 729 2549 summam
748 2493 938 2549 subtilitatem
958 2505 1087 2548 secutum
1104 2497 1179 2562 esse)
1198 2491 1232 2558 is,
1256 2509 1345 2565 quem

273 2577 376 2636 Cicero
405 2577 506 2633 ducem
531 2577 631 2638 habet,
661 2578 703 2634 sie
731 2579 875 2652 expolivit
903 2588 932 2634 et
960 2577 1098 2644 mutavit,
1128 2587 1159 2632 nt
1187 2576 1215 2632 in
1245 2577 1347 2650 priore

272 2682 379 2738 genero
408 2663 471 2719 sola
499 2663 608 2737 ingenii
638 2664 714 2719 bona
741 2673 885 2720 anaturo
908 2664 977 2719 data
999 2665 1146 2735 (naturam)
1171 2672 1293 2736 poneret
1317 2673 1347 2717 et

272 2748 396 2804 alterum
426 2766 519 2823 genus
547 2767 666 2823 prorsus
694 2749 836 2805 rationale
864 2749 975 2805 laceret
997 2747 1061 2819 lei·¹
1088 2749 1175 2816 §aaz
1200 2756 1347 2822 propterea

273 2835 346 2907 qood
367 2853 399 2889 en
421 2837 523 2889 ⁴notione
544 2837 707 2906 pigritantur).
752 2835 896 2890 Haeserat
919 2834 966 2890 hic
990 2835 1157 2895 Lambinus,
1181 2832 1227 2888 cni
1251 2832 1347 2888 Davi-

272 2919 333 2975 sius
356 2937 412 2975 non
437 2919 508 2975 satis
531 2920 690 2994 respondit.

357 3006 469 3060 oleorum
492 3007 597 3078 correns)
622 3006 696 3061 Dav.
714 3024 730 3060 e
747 3005 814 3060 Par.
831 3009 844 3060 1
860 3005 909 3077 (P)
932 3016 961 3060 et
983 3004 1028 3060 El.
1047 3003 1222 3078 interposuit
1244 3012 1344 3059 oraton.

273 3088 381 3156 Gaius,
411 3090 465 3146 etsi
494 3090 654 3164 improbat,
685 3090 800 3157 scribit,
832 3109 866 3157 „e
889 3090 950 3146 suis
972 3090 1084 3145 nescire
1111 3098 1198 3143 antem
1221 3088 1290 3144 Bas.
1316 3097 1347 3142 et

272 3175 362 3240 Mon,
386 3174 504 3232 Oxx.E
527 3186 555 3230 et
578 3170 628 3243 ξ“;
652 3186 736 3249 putes
759 3186 871 3231 eeteros
895 3174 1017 3243 babere;
1041 3175 1090 3230 sed
1113 3174 1142 3229 in
1167 3173 1192 3230 Ε
1214 3184 1244 3229 et
1262 3168 1288 3240 ξ,
1313 3181 1348 3228 ut

271 3260 300 3316 in
325 3271 424 3316 nostro
448 3261 481 3326 L,
505 3279 562 3316 non
585 3260 631 3316 hic
654 3261 749 3317 omitti
773 3271 891 3316 notatur
912 3271 1008 3324 autent,
1037 3261 1087 3316 sed
1111 3259 1187 3316 infra
1209 3260 1345 3331 (Alterum

271 3355 358 3401 oscum
378 3365 462 3417 penno
485 3348 562 3419 cet).
596 3344 747 3422 [Baiterus
770 3346 880 3401 exErl.
903 3356 990 3402 autem
1012 3346 1131 3401 addidit
1169 3344 1347 3400 lnBverba

271 3433 401 3486 olterorn-
416 3465 420 3471 ·
440 3432 571 3486 volontate
583 3429 781 3508 omittuntur.]
805 3431 945 3487 Proxima
958 3431 1046 3487 verba
1059 3431 1100 3486 sic
1112 3429 1242 3504 intellegi
1256 3447 1346 3503 posse

272 3525 357 3589 puto:
377 3516 468 3590 magis
481 3516 629 3590 proprium
644 3517 751 3572 habent
762 3517 792 3573 id
805 3535 919 3586 nomen,
938 3517 1015 3590 qnod
1029 3516 1137 3571 babent
1149 3519 1292 3587 (virtritea),
1312 3523 1346 3569 nt

272 3619 389 3657 necesse
413 3620 469 3656 non
494 3602 532 3657 sit
553 3620 618 3657 cum
639 3602 762 3658 Davisio
785 3602 873 3658 scribi
896 3602 986 3657 velle:
1010 3607 1095 3674 nippis
1113 3604 1224 3676 proprio
1245 3619 1274 3656 eo
1297 3619 1345 3654 no·

271 3690 338 3741 oriere
366 3698 417 3742 aut
440 3705 503 3742 cum
529 3686 700 3745 Schuetzio:
728 3692 813 3760 inopis
830 3691 943 3762 proprio
966 3691 1066 3743 oramine
1088 3690 1211 3751 virtutem
1241 3684 1346 3740 durius

272 3783 368 3827 tamen
398 3772 515 3836 dicitur;
553 3773 639 3828 alitor
667 3773 743 3828 enini
774 3774 817 3832 11.
842 3774 859 3829 7
891 3774 919 3828 in
949 3773 1045 3828 verbis
1074 3793 1133 3828 cum
1160 3773 1346 3845 appellaretur

271 3858 388 3912 auditur
410 3862 523 3932 ¹unpicos.
570 3857 699 3935 [Generis
721 3861 835 3915 eiusdem
861 3859 947 3915 etiarn
972 3859 1011 3925 B;
1035 3858 1099 3914 edd.
1123 3854 1261 3932 inverse]

358 3943 407 4001 37.
432 3945 499 4016 quid
521 3945 632 4000 lionn'ois
654 3955 751 4000 nottcro
771 3943 902 4020 postulet)
926 3944 999 4012 Qotd
1023 3963 1073 4018 pro
1091 3945 1164 4017 qnod
1182 3952 1247 4017 post
1262 3942 1345 3997 Man.

270 4028 357 4083 scribi
371 4028 505 4084 Bromius
523 4029 622 4098 iussit;
645 4029 758 4104 flagitat
780 4040 808 4085 et
827 4030 907 4086 verbi
927 4029 1028 4085 modus
1047 4041 1076 4084 et
1092 4028 1251 4095 sententio3
1275 4044 1345 4081 narn

271 4113 437 4185 quaerendo
460 4115 663 4169 adumbratum
688 4133 751 4171 esse
774 4115 888 4171 dicitur.
913 4115 982 4188 quid
1007 4116 1054 4173 sit.
1099 4113 1167 4171 Vid.
1192 4112 1229 4168 ad
1252 4113 1343 4180 1,18.

355 4209 378 4254 et
411 4202 436 4253 in
470 4203 557 4254 clarinto
590 4212 613 4256 et
647 4204 672 4255 in
706 4208 828 4278 corporo)
857 4201 1042 4274 Praepositio
1076 4211 1198 4272 utraque
1233 4197 1347 4254 excidit

271 4282 357 4338 etiam
382 4284 411 4339 in
430 4283 506 4357 Spin.
527 4280 590 4364 [B].
627 4285 726 4360 Longe
749 4286 828 4342 alind
852 4299 904 4343 est.
928 4286 1026 4341 omnia
1044 4288 1155 4358 (omnes
1172 4288 1227 4354 res)
1244 4283 1346 4338 animo

271 4378 298 4421 et
321 4385 442 4443 corpore
466 4370 597 4444 perfecta
620 4390 692 4428 esse.
739 4372 811 4428 Mox
834 4370 927 4429 Gaius
951 4383 979 4428 et
1002 4371 1178 4427 recentiores
1209 4367 1345 4424 etribus

270 4452 418 4511 codicibus
451 4465 475 4510 et
508 4459 533 4511 in
568 4457 624 4525 lio3
658 4467 687 4513 et
715 4465 811 4512 tamen
841 4457 990 4531 praecedit
1017 4476 1056 4513 eo.
1101 4456 1148 4513 Ex
1175 4453 1346 4511 huiusmodi
