3030 5086
290 481 353 548 724
680 498 878 546 neumatis
902 499 973 545 sou.

290 675 390 734 tremo
411 640 572 734 honorum.
616 668 667 734 68.
690 668 740 732 Ita
760 665 804 746 fit,
826 675 862 732 ut
882 669 945 732 duo
966 685 1084 748 genera
1104 676 1235 750 propter
1257 686 1294 734 se
1312 686 1371 734 ex-

289 876 415 952 vestigia
426 877 515 933 habet
531 876 668 952 propriae
680 874 822 933 Antiochi
838 874 1001 932 sententiae
1017 884 1070 932 aut
1085 875 1188 933 saltem
1205 894 1370 952 argumen-

289 962 410 1020 tationis
433 962 468 1018 de
491 961 621 1019 externis
643 961 743 1031 bouis,
771 959 823 1017 sed
850 979 952 1036 parum
981 970 1033 1016 eut
1060 979 1113 1035 per
1140 979 1171 1018 se
1198 971 1285 1018 acute
1312 980 1371 1020 ex-

289 1048 434 1124 cogitatae
462 1057 514 1104 aut
535 1047 583 1103 hic
605 1046 759 1122 perspicue
782 1046 945 1121 expositae.
990 1046 1121 1102 Primum
1145 1065 1181 1103 ex
1205 1065 1256 1121 eo,
1286 1046 1371 1122 quod

288 1133 319 1189 in
343 1133 451 1189 virtute
473 1133 544 1189 insit
565 1150 636 1189 cure
658 1132 800 1207 quaedam
819 1130 900 1188 foras
917 1140 1053 1205 spectans
1070 1131 1161 1205 (quod
1178 1132 1273 1207 ipsum
1291 1150 1371 1207 quo-

290 1218 375 1276 modo
392 1217 428 1274 de
445 1217 610 1293 prudentia,
633 1217 669 1273 da
686 1216 890 1290 temperantia,
914 1216 949 1272 dc
967 1216 1031 1291 ipsa
1047 1216 1173 1291 denique
1189 1216 1371 1274 fortitudine

289 1302 461 1372 affirmetur,
484 1302 604 1359 difficile
621 1313 666 1358 est
688 1301 794 1371 dicere,
817 1319 871 1358 nec
892 1301 1036 1358 rationem
1055 1302 1125 1359 Piso
1148 1304 1286 1378 exposuit
1307 1303 1372 1361 nisi

289 1389 326 1444 de
348 1388 482 1462 iustitia),
506 1388 579 1444 mire
602 1387 707 1456 efficit,
729 1387 863 1445 homines
885 1406 986 1444 omnes
1009 1398 1129 1463 propter
1150 1406 1182 1444 se
1204 1391 1372 1464 crpeoertdoa

289 1491 368 1544 esse,
398 1473 483 1549 quasi
510 1472 568 1549 ipsi
595 1472 680 1530 nobis
708 1473 850 1529 bonorum
878 1472 959 1542 loco,
994 1491 1069 1547 quae
1097 1483 1261 1543 teneamus,
1292 1475 1368 1534 sint.

191 1619 196 1629 ,
290 1559 405 1616 Deinde
427 1559 492 1629 hoc,
515 1558 594 1634 quod
617 1558 652 1615 de
675 1558 810 1616 omnibus
833 1558 1001 1614 conclusum
1026 1568 1098 1626 erat,
1122 1559 1304 1616 contrahitur
1327 1559 1371 1616 ad

289 1645 479 1720 propinquos,
502 1644 622 1712 amicos,
645 1643 781 1719 patriam,
805 1661 897 1718 eaque
914 1643 956 1699 sic
973 1661 1086 1699 summo
1105 1643 1182 1701 bono
1200 1644 1368 1703 excludun-

290 1738 353 1798 tur,
377 1740 410 1786 ut
431 1730 498 1786 ideo
520 1738 634 1786 tantum
658 1729 695 1785 ad
717 1728 747 1785 id
769 1729 916 1803 pertinere
939 1728 1087 1797 dicantur,
1110 1729 1188 1802 quod
1211 1730 1369 1804 materiem

288 1814 417 1871 habeant
443 1826 522 1872 recte
550 1814 687 1871 faciendi.
737 1815 841 1889 Itaque
870 1814 894 1871 ai
922 1815 997 1871 hauc
1023 1814 1167 1871 rationem
1196 1823 1372 1874 constanter

289 1901 507 1976 persequimur,
535 1901 589 1958 has
616 1919 662 1956 rea
685 1900 779 1972 (velut
800 1899 922 1972 amicos)
945 1899 1053 1956 habere
1075 1909 1106 1956 et
1127 1899 1164 1956 iis
1185 1899 1242 1958 frui
1265 1901 1368 1976 ipsum

289 2005 342 2061 per
364 2005 395 2043 se
417 1986 448 2042 in
471 1994 553 2061 parte
576 1986 661 2042 beate
684 1985 802 2041 vivendi
824 2003 883 2042 non
906 1994 959 2053 est,
983 1985 1068 2041 modo
1091 2004 1127 2041 ne
1149 1985 1226 2042 desit
1243 1987 1370 2046 omnino

289 2080 368 2128 recte
390 2071 496 2148 agendi
520 2070 664 2127 materies.
709 2071 867 2127 Praeterea
889 2070 945 2127 hoc
967 2069 1031 2126 loco
1054 2070 1143 2140 haec,
1166 2089 1240 2145 quae
1264 2073 1370 2130 nobis-

290 2174 355 2213 cum
373 2156 428 2214 hoc
445 2155 535 2213 officii
553 2166 583 2212 et
599 2155 730 2212 caritatis
742 2155 861 2212 vinculo
878 2165 1100 2225 connectuntur,
1120 2174 1177 2213 non
1195 2156 1283 2214 modo
1300 2157 1370 2215 sola

289 2243 479 2299 nominantur
494 2242 524 2298 in
542 2251 729 2298 externorum
747 2241 891 2297 bonorum
907 2259 1024 2316 genere,
1047 2241 1107 2309 sed,
1131 2240 1208 2315 quod
1225 2241 1281 2300 hoc
1297 2241 1369 2300 fun-

290 2327 426 2385 damento
443 2327 515 2383 illud
533 2345 625 2403 genus
643 2326 839 2397 constituitur,
860 2325 922 2382 sola
940 2325 1084 2383 nominari
1102 2336 1232 2402 possunt.
1268 2329 1369 2402 Atqui

184 2465 185 2468 ,
289 2414 334 2486 (ut
356 2413 424 2470 hinc
446 2413 607 2484 ordiamur)
630 2430 688 2468 non
712 2412 806 2468 solum
829 2411 935 2484 reliqui
959 2412 1148 2486 Peripatetici
1171 2412 1262 2488 (apud
1280 2414 1368 2473 Sext.

290 2498 375 2573 Emp.
399 2498 465 2555 adv.
489 2490 581 2554 Math.
599 2498 657 2562 XI,
676 2498 726 2566 45,
750 2497 828 2572 apud
850 2498 953 2554 Ioann.
968 2496 1126 2555 Stobaeum
1150 2516 1179 2572 p.
1199 2499 1273 2569 264)
1294 2499 1368 2556 Ari-

289 2584 422 2640 stotelem
447 2584 541 2658 ipsum
565 2593 721 2657 sequentes
738 2582 818 2656 (Eth.
835 2582 952 2639 Nicom.
972 2584 996 2650 I,
1010 2584 1049 2655 8).
1073 2582 1123 2639 sed
1147 2583 1233 2640 etiam
1258 2583 1369 2643 Cicero

288 2679 392 2744 postea
406 2674 432 2740 (ξ
446 2670 508 2740 81),
532 2668 640 2724 Pisone
659 2667 856 2741 permittente,
879 2667 938 2723 alia
959 2665 989 2724 in
1013 2669 1068 2723 hoc
1089 2686 1195 2743 genere
1219 2681 1368 2740 numerat,

288 2754 417 2823 divitias,
440 2754 574 2816 honores,
598 2772 678 2828 opes.
726 2753 764 2808 Et
789 2754 860 2809 hacc
883 2765 980 2809 autem
1004 2763 1032 2810 et
1055 2753 1107 2810 illa
1129 2755 1282 2828 superiora
1304 2773 1368 2812 non

289 2851 409 2915 propter
436 2838 546 2904 officia,
582 2839 688 2911 quibus
717 2856 751 2893 ea
774 2849 916 2907 tueamur,
950 2839 980 2893 in
1008 2838 1093 2895 bonis
1121 2853 1283 2913 ponuntur,
1312 2841 1368 2898 sed

289 2926 367 3005 quod
390 2923 536 2999 praesidia
559 2923 669 2979 habent
690 2923 768 2979 vitae
792 2925 854 2980 sine
878 2924 1012 2980 molestia
1030 2924 1178 2997 degendae
1199 2935 1227 2980 et
1244 2917 1368 2984 virtutis

288 3010 381 3066 libere
408 3009 605 3077 exercendam
639 3008 668 3064 in
698 3009 815 3077 amicis,
844 3010 1029 3084 parentibus,
1059 3010 1174 3075 liberis,
1203 3028 1277 3083 quos
1304 3030 1368 3068 non

288 3096 382 3153 solum
400 3095 518 3151 omnino
536 3094 653 3163 habere,
677 3093 729 3149 sed
751 3094 844 3151 bonos
861 3093 970 3151 habere
993 3095 1189 3169 expetendum
1212 3105 1267 3164 eat,
1290 3096 1368 3154 illud

289 3199 405 3255 quoque
428 3181 526 3236 valere
549 3178 678 3249 videtur,
708 3179 800 3252 quod,
831 3197 895 3235 cum
925 3180 954 3235 hi
983 3180 1110 3236 naturali
1133 3180 1218 3237 nobis
1240 3182 1369 3240 caritate

289 3266 543 3331 commendentur,
578 3283 678 3321 eorum
707 3276 759 3321 aut
788 3264 915 3339 privatio
943 3275 995 3321 eut
1022 3266 1153 3339 pravitas
1181 3283 1234 3321 nos
1262 3264 1369 3324 dolore

288 3350 409 3409 afficiat.
455 3352 559 3424 Itaque
587 3350 675 3406 etiam
703 3349 769 3425 ipsa
791 3367 905 3407 summo
928 3352 1005 3407 bono
1028 3350 1070 3406 ita
1091 3350 1293 3418 continentur,
1323 3360 1368 3418 ut,

288 3436 381 3511 ipsius
403 3436 545 3493 Antiochi
567 3435 727 3503 sententia,
751 3435 814 3491 sine
837 3434 873 3491 iis
896 3436 958 3491 vita
980 3437 1066 3492 beata
1088 3454 1152 3495 esse
1175 3435 1282 3510 possit,
1305 3455 1369 3494 uon

289 3522 459 3579 beatissima
472 3522 545 3595 (81),
569 3529 791 3616 extremumque
810 3521 849 3577 sit
870 3522 935 3576 κατ’
960 3510 1066 3616 riparia
1089 3515 1139 3594 ζῆν
1162 3514 1191 3576 e's
1212 3511 1369 3596 τοῖςπερὶ

289 3603 375 3679 σῶμα
398 3596 446 3663 καὶ
468 3608 548 3670 τοῖς
570 3599 708 3674 ἔξωθεν
731 3605 861 3679 αγαθοῐς
883 3590 900 3678 ἢ
922 3601 1012 3660 πᾶσιν
1029 3599 1045 3678 ὴ
1062 3605 1126 3668 τοῖς
1147 3598 1296 3670 πλείστοις
1315 3594 1369 3662 καὶ

289 3679 483 3767 κυριωτάτοις
494 3691 565 3762 (vid.
578 3691 613 3746 ad
627 3695 641 3759 ᾗ
656 3693 705 3758 26,
729 3701 758 3746 et
780 3689 873 3762 alibi).
908 3689 1035 3746 Videtur
1052 3690 1218 3747 Antiochus
1235 3708 1271 3746 eo
1289 3691 1369 3759 loco,

289 3793 375 3847 quem
400 3775 446 3832 hic
469 3775 573 3834 Cicero
596 3787 664 3831 ante
687 3776 787 3832 oculos
810 3775 926 3840 habuit,
950 3793 1013 3829 eam
1038 3774 1282 3849 disputationem,
1305 3794 1370 3850 qua

289 3861 447 3917 utebantur
471 3861 576 3930 Stoici,
605 3879 669 3916 cum
693 3859 823 3916 iustitiae
846 3870 876 3917 et
898 3859 1044 3916 amicitiae
1067 3880 1085 3915 a
1107 3868 1222 3927 natura,
1245 3879 1303 3917 uon
1327 3862 1369 3918 ab

289 3945 425 4002 utilitatis
449 3965 500 4020 spe
518 3947 691 4021 repetebant
709 3945 863 4021 originem,
887 3946 1072 4002 transtulisse
1089 3945 1125 4001 ad
1144 3947 1261 4011 bonum,
1285 3946 1369 4020 quod

289 4030 319 4086 in
341 4032 471 4088 amicitia
493 4039 522 4087 et
545 4032 573 4087 in
598 4031 668 4105 ipsis
691 4031 793 4087 amicis
815 4041 900 4101 esset,
924 4031 1007 4088 cuius
1029 4032 1171 4088 transitus
1193 4030 1289 4087 simile
1310 4031 1369 4088 ali·

289 4115 360 4189 quid
383 4117 482 4173 notavi
502 4118 531 4173 in
545 4117 653 4175 Stoicis
670 4117 707 4172 ad
725 4117 782 4185 III,
797 4117 834 4172 55
849 4119 887 4191 (p.
903 4117 964 4172 438
977 4117 1058 4189 ima),
1082 4118 1187 4174 deinde
1209 4115 1247 4172 ad
1270 4127 1367 4174 totum

288 4219 380 4275 genus
403 4213 590 4259 externorum
610 4203 760 4264 bonorum,
784 4203 903 4266 oblitus,
927 4202 956 4257 iu
980 4222 1015 4258 eo
1039 4204 1182 4277 quaedam
1206 4220 1264 4259 non
1288 4201 1369 4259 eins·

289 4285 434 4344 dommodi
455 4288 611 4346 numerari.
654 4288 722 4344 Non
746 4287 917 4345 dissimilem
940 4287 1064 4344 formam
1087 4289 1206 4356 hebent,
1229 4305 1306 4362 quae
1329 4287 1368 4345 de

289 4373 475 4447 copulatione
497 4373 648 4430 hominum
671 4383 701 4430 et
723 4374 758 4430 de
780 4374 910 4430 amicitia
927 4373 1111 4431 disseruntur
1127 4374 1206 4449 apud
1223 4374 1368 4431 Ioannem

290 4455 449 4515 Stobaeum
472 4479 501 4534 p.
520 4459 581 4516 250
604 4458 642 4515 ad
664 4478 693 4534 p.
714 4460 785 4516 254.
830 4458 918 4532 Quod
945 4470 1042 4517 autem
1072 4468 1261 4518 externorum
1291 4458 1369 4517 nihil
