3030 5086
214 466 305 530 xnn
664 480 858 528 PRAEFATIO.

220 671 260 716 ne
287 669 347 731 qua
376 649 529 715 dubitatio
557 647 767 731 relinquatur,
798 649 975 730 speciminis
1003 649 1071 714 looo
1097 648 1128 713 in
1157 648 1304 728 margine

219 758 366 824 inferiore
388 776 471 839 pono
493 757 605 834 omnia,
627 758 754 839 quaein
780 765 900 838 septem
921 755 1031 838 primis
1053 755 1207 837 capitibus
1227 753 1303 820 libri

220 866 313 947 primi
336 866 422 945 apud
444 865 477 930 C.
495 864 686 946 Stephanum
709 870 818 928 notata
839 864 957 944 sunt¹)

306 972 488 1054 Dionysium
510 972 693 1037 Lambinum
715 972 818 1052 ipsum
840 978 961 1035 tantum
978 968 1144 1035 deterioris
1159 969 1302 1036 amineo

164 1093 168 1100 ·
219 1079 380 1145 codicibus
407 1098 497 1143 usum
525 1097 609 1157 esse,
637 1079 838 1160 perspicuum
865 1086 921 1143 est
966 1077 1047 1142 Nam
1074 1087 1106 1142 et
1132 1079 1174 1143 ad
1201 1077 1303 1156 1,24

219 1186 336 1264 scribit,
358 1186 388 1249 in
412 1184 554 1250 omnibus
577 1185 666 1249 libris
688 1185 917 1266 manuscriptis,
939 1184 1052 1265 quibus
1073 1184 1200 1265 quidem
1219 1201 1303 1249 usus

221 1292 270 1371 sit,
293 1311 362 1356 esse
384 1292 498 1373 partim
517 1291 597 1372 fidei,
619 1293 734 1373 partim
755 1291 844 1372 fidoi
864 1308 924 1372 pro
946 1290 1048 1367 videri,
1070 1298 1102 1355 et
1122 1292 1164 1356 ad
1185 1291 1227 1370 II,
1246 1291 1300 1370 12,

219 1399 315 1464 libros
344 1417 452 1464 omnes
474 1407 610 1479 ueteres,
639 1419 718 1480 quos
747 1399 871 1480 quidem
894 1399 1021 1476 viderit,
1049 1398 1165 1463 babere
1184 1399 1301 1464 uerba:

219 1506 271 1570 soi
290 1506 368 1586 forle
389 1506 499 1585 dicibb3
529 1507 560 1570 in
588 1507 728 1571 delendis
755 1506 793 1570 iis
815 1505 956 1587 sequitur
977 1505 1106 1570 Victorii
1126 1507 1301 1571 auctorita-

221 1622 297 1691 tem3
326 1614 438 1678 deinde
465 1613 555 1678 addit
578 1613 693 1685 ,abos‘
717 1613 834 1678 habere
861 1612 976 1692 infame
1001 1616 1030 1675 ei
1049 1616 1232 1692 umectam,
1259 1629 1302 1678 se

220 1720 252 1785 id
276 1738 430 1800 nusquam
452 1721 637 1801 repperisse.
683 1719 852 1801 Significat,
875 1721 1001 1802 opinor,
1023 1719 1194 1801 marginem
1216 1717 1301 1784 Gra·

221 1829 326 1894 tandri
348 1829 421 1907 (etsi
443 1827 486 1891 ibi
508 1835 592 1892 recte
609 1827 755 1892 scribitur
771 1827 894 1907 infame,
916 1827 1109 1907 meatum),
1131 1845 1227 1907 equo
1243 1825 1302 1890 iti·

220 1936 293 1999 dem
316 1942 473 2015 sumptum
496 1943 559 2013 est,
581 1935 667 2016 qnod
688 1935 718 1998 in
742 1936 786 2014 11,
812 1937 852 2000 10
876 1934 990 2008 „libros
1012 1933 1132 2015 aliquot
1153 1943 1296 1999 veteres‘·

220 2043 295 2107 dicit
317 2043 432 2106 habere
453 2040 619 2105 dissimilem
639 2040 833 2120 efficientibus
852 2040 1028 2120 voluptates.
1072 2041 1235 2122 (Marelius
1256 2040 1301 2104 de

221 2158 354 2229 utroque
373 2149 438 2213 loco
456 2154 561 2225 tacet)
595 2149 756 2213 Postremo
774 2150 817 2213 ad
833 2149 918 2228 111‚1
938 2146 1082 2226 affirmat,
1104 2149 1136 2213 iu
1154 2147 1302 2212 omnibus

220 2255 287 2321 suis
309 2255 396 2319 libris
415 2255 568 2334 scriptum
585 2273 668 2320 esse:
691 2255 755 2318 aiio
776 2255 881 2337 moyes,
903 2253 968 2318 olio
989 2254 1098 2318 nanus.
1131 2254 1173 2319 Et
1193 2261 1302 2319 tamen

221 2363 271 2427 bie
293 2363 353 2427 illic
375 2361 492 2441 ahquid
514 2369 710 2443 compererat
730 2362 771 2427 ab
793 2363 840 2439 iis,
864 2362 918 2444 qui
941 2361 1085 2426 meliores
1106 2360 1227 2424 codices
1248 2361 1302 2424 in-

221 2477 404 2551 spexerant3
433 2478 467 2533 ut
489 2470 550 2548 ΙΙΙ,
574 2471 592 2534 i
615 2489 631 2533 e
655 2469 822 2535 Cinaciauo
844 2467 967 2551 profert
986 2467 1119 2531 hamas
1139 2465 1221 2546 iibri,
1243 2467 1302 2546 IV,

220 2579 264 2644 32
286 2574 372 2639 aelio
394 2577 560 2641 restituens
583 2577 722 2641 ascribit:
753 2577 823 2648 „Sic
844 2584 915 2641 erat
935 2576 1119 2641 emendatus
1142 2574 1191 2638 hic
1210 2573 1303 2641 loeus

222 2684 253 2750 in
271 2685 349 2749 libro
361 2685 563 2764 Leoquerni.“
579 2687 608 2761 2)
642 2684 679 2763 V,
692 2684 733 2748 89
750 2684 781 2748 in
798 2684 963 2764 praeclara
979 2683 1196 2748 emendatione
1210 2680 1304 2759 (dodi

221 2797 251 2856 ci
271 2791 394 2868 indocti)
423 2810 458 2856 se
486 2791 607 2856 codices
635 2791 863 2872 manuscriptos
891 2799 1030 2855 secutum
1058 2789 1237 2872 profitetur3
1266 2789 1301 2854 in

222 2899 322 2965 altera
355 2899 491 2963 editione
519 2898 700 2963 nominatim
728 2898 929 2963 Cuiacianum
956 2905 989 2962 et
1014 2896 1214 2962 Huraltinum
1241 2914 1300 2978 ap-

223 3006 327 3089 pellat.
361 3007 455 3089 [Add.
469 3007 505 3085 V,
518 3005 584 3089 50]
619 3007 666 3071 De
683 3005 837 3069 nonnullis
854 3023 1006 3086 perquam
1023 3005 1166 3087 ambigue
1182 3003 1301 3083 scribit

223 3121 259 3180 ut
280 3115 310 3189 I,
330 3115 371 3179 68
394 3114 425 3178 in
448 3113 552 3194 prima
574 3114 708 3179 editione
730 3113 776 3177 ait
799 3112 915 3185 „libros
937 3119 1060 3179 veteres
1082 3111 1147 3176 iere
1169 3120 1298 3177 omnes“

224 3221 342 3287 babere
359 3221 514 3301 morbo,
536 3222 567 3286 in
590 3221 690 3286 altera
709 3220 823 3293 „libros
840 3220 986 3301 aliquem.
1019 3218 1190 3298 (Sententia
1207 3217 1301 3283 scribi

224 3328 366 3393 voluerat
384 3328 541 3407 Morelius,
558 3348 649 3410 quern
661 3329 833 3393 Lambinus
848 3328 941 3392 etiam
959 3327 1000 3392 ad
1016 3328 1056 3405 11,
1068 3328 1109 3391 26
1127 3323 1301 3406 significare

223 3437 354 3515 videtur,
378 3436 543 3501 nonnullos
566 3436 670 3518 legere
690 3435 872 3519 nepbpenter
889 3434 1052 3512 scribens.)
1085 3433 1191 3498 Pauca
1207 3433 1300 3498 buius

227 3627 453 3636 ——-—

251 3746 274 3810 ¹)
294 3747 305 3807 ξ
325 3746 339 3798 1
364 3746 390 3794 id
414 3759 465 3794 uon
487 3751 573 3799 totum)
599 3751 672 3794 uetus
695 3744 723 3792 id
745 3757 796 3793 troo
819 3750 870 3792 tom
890 3743 961 3802 tVict.
985 3756 1035 3791 aon
1052 3743 1080 3790 id
1098 3744 1168 3803 tomi.
1203 3740 1227 3792 2.
1247 3754 1300 3790 nou

290 3840 368 3894 porse)
389 3845 410 3880 v.
431 3844 481 3879 uon
497 3843 592 3893 possem
611 3828 705 3892 (Vici).
750 3829 773 3881 5.
793 3843 809 3877 a
827 3828 916 3891 quibus
934 3826 996 3890 tom)
1016 3842 1037 3877 v.
1057 3841 1073 3875 a
1091 3827 1182 3889 quibua
1199 3833 1299 3875 tontum

293 3917 386 3973 (ilict).
424 3914 447 3966 6.
467 3914 568 3962 obiiiia
585 3913 632 3962 boa
649 3914 698 3979 res)
717 3929 738 3963 v.
755 3915 786 3963 ob
803 3913 855 3962 iiiir
874 3926 957 3962 omues
969 3913 1112 3974 res(i¹iot.).
1151 3912 1180 3963 11
1200 3910 1299 3973 quis-

291 4004 370 4064 putet)
391 4014 412 4048 v.
433 3998 494 4061 quid
511 4005 597 4061 potem
614 3999 707 4062 (vicu).
744 3999 778 4049 20
796 4013 841 4047 suo
858 4000 933 4060 autu)
953 4013 975 4046 u.
995 4012 1039 4046 ruo
1058 4004 1127 4045 motu
1145 3997 1225 4054 idid..
1246 4009 1297 4046 noo

293 4087 320 4137 ii.
341 4085 508 4147 Stephanus).
545 4083 578 4135 23
600 4085 731 4146 corifirmot
752 4091 837 4132 autem
859 4083 934 4144 iilud)
954 4097 975 4131 v.
995 4083 1127 4145 coufirmat
1151 4081 1215 4130 iilud
1237 4080 1298 4143 (hoo

292 4174 319 4222 C.
346 4170 493 4232 Stephanus
521 4176 625 4218 secutus
654 4174 693 4218 eat
720 4171 746 4218 lo
771 4173 904 4226 cupierim
933 4171 958 4218 in
984 4170 1151 4217 autumatione
1178 4169 1298 4216 inversus

292 4256 353 4304 ordo
373 4262 424 4312 esi;
445 4268 504 4304 num
520 4260 602 4312 uetus,
623 4254 647 4303 id
667 4260 704 4303 est
717 4255 819 4303 Victorii
839 4258 864 4303 et
880 4253 906 4302 ii.
918 4253 1050 4315 Stephani,
1070 4257 1124 4302 erat
1138 4251 1199 4314 cons.
1214 4256 1299 4299 eutem

291 4340 373 4402 iilud).
410 4338 444 4390 23
461 4339 606 4402 patrioque)
626 4354 647 4387 v.
668 4338 752 4401 patrio
770 4351 868 4401 quoque
886 4339 978 4400 (Aidus
998 4343 1022 4386 et
1041 4338 1206 4399 superiores).

248 4426 272 4488 ¹)
292 4424 318 4473 in
339 4425 418 4474 altera
437 4426 551 4475 editione
570 4425 704 4474 scribitur:
725 4426 766 4483 ,in
788 4423 854 4473 ilbro
873 4423 911 4473 (ΙΙ,
931 4422 1063 4473 Potaaui“.
