3030 5086
632 523 805 574 morasus
827 524 869 572 rv.
917 484 919 489 ¹
1222 505 1283 570 8⁶21

219 698 319 755 eadem
349 715 469 773 prorsus
498 714 544 753 res
572 697 624 766 sit,
652 697 740 771 idque
768 697 878 772 apertis
900 696 999 753 verbis
1026 696 1055 752 iu
1078 696 1143 770 ipso
1166 695 1287 752 exordio

219 782 372 861 profitetur
394 785 421 855 (§
442 783 495 839 lb:
516 785 665 840 constitutio
686 783 733 839 illc
750 786 843 856 prima
865 791 993 850 acturae,
1015 800 1034 838 u
1055 800 1111 856 qua
1132 790 1160 837 tu
1182 799 1287 855 quoquc

218 869 382 941 ordiebare),
406 879 466 924 tum
491 877 594 942 postea
615 885 731 942 quoque
754 876 849 935 tenet,
874 867 908 923 ab
931 868 1024 924 iisdem
1041 869 1184 942 principiis
1201 867 1286 941 profi·

217 957 282 1012 circi
308 953 424 1012 Stoicos
456 963 486 1009 et
513 964 627 1010 veteres
654 952 697 1026 (id
724 961 783 1022 est,
811 951 1003 1024 Antiochum)
1031 952 1138 1009 dicens.
1182 944 1287 1025 Itaque

218 1039 294 1096 idem
317 1039 406 1096 etiam
430 1056 544 1103 nomen,
567 1037 677 1112 quoin
700 1036 776 1094 libro
799 1037 856 1106 ΙΙΙ,
880 1038 919 1095 22
938 1047 968 1099 et
986 1036 1025 1095 23
1049 1037 1143 1112 prima
1165 1047 1287 1094 naturae

218 1124 407 1200 significarat,
425 1125 562 1198 principio
583 1133 696 1180 acturos
717 1121 878 1198 appellans,
900 1122 931 1179 in
953 1131 1058 1196 quarto
1076 1122 1151 1179 libro
1168 1123 1210 1196 (et
1227 1120 1287 1179 for·

219 1218 295 1267 tasse
318 1208 498 1266 commodius
520 1208 698 1282 rectiusque)
717 1207 753 1264 de
775 1207 870 1282 prima
892 1207 944 1264 illa
965 1207 1172 1265 constitutione
1194 1206 1286 1284 ponit,

218 1313 305 1369 quam
329 1295 477 1351 Zenonem
506 1312 524 1350 a
546 1293 706 1351 Polemone
729 1293 876 1368 accepisse
899 1303 983 1368 putat
1004 1292 1071 1367 (45)
1092 1309 1237 1367 quamque
1260 1292 1288 1350 ei

219 1379 386 1437 mutandam
410 1397 474 1436 esse
497 1378 576 1443 dieii,
599 1379 624 1436 si
646 1396 729 1435 suum
748 1377 834 1436 linem
852 1379 994 1435 bonorum
1011 1387 1111 1435 tenere
1130 1377 1202 1434 velit
1212 1377 1286 1452 (34).

218 1464 273 1524 Cui
296 1465 436 1521 hactenus
459 1464 521 1521 iure
533 1465 623 1534 Zeno,
646 1463 671 1521 si
688 1461 828 1533 affuisset,
850 1463 1058 1539 respondisset,
1077 1481 1161 1521 suum
1178 1463 1286 1520 bonum

218 1567 233 1607 e
258 1549 352 1625 prima
373 1549 579 1606 conciliatione
607 1558 729 1605 naturae
757 1565 815 1605 uon
843 1548 886 1605 ita
912 1565 976 1606 esse
998 1547 1131 1625 petitum.
1176 1548 1286 1605 Verum

217 1634 248 1693 iu
276 1635 331 1692 hoc
360 1645 466 1709 quarto
493 1634 584 1701 libro,
615 1633 665 1691 ubi
689 1633 793 1692 Cicero
821 1651 920 1709 presse
943 1633 1121 1692 Antiochum
1145 1633 1286 1707 sequitur,

218 1729 330 1777 tantum
354 1720 383 1777 in
407 1719 462 1776 hoc
484 1730 572 1784 errat,
596 1719 673 1793 quod
696 1719 762 1795 plus
784 1719 877 1776 multo
900 1717 1015 1779 Stoicos
1037 1719 1149 1794 primae
1171 1718 1214 1775 illi
1237 1737 1287 1775 na·

218 1815 301 1862 turae
329 1804 527 1862 conciliationi
551 1804 687 1862 tribuisse
711 1812 808 1879 putat,
837 1822 924 1878 quam
947 1804 1126 1872 tribuerunq
1154 1803 1183 1860 in
1211 1803 1287 1861 libro

217 1890 359 1961 secundo,
388 1889 439 1947 ubi
461 1907 514 1948 suo
537 1890 633 1947 Marte
656 1890 816 1966 Epicurum
838 1888 961 1961 refellit,
990 1888 1141 1963 eliquanto
1167 1889 1286 1965 gravius

218 1975 334 2033 labitur.
369 1975 446 2033 Nam
469 1994 533 2032 cum
557 1975 609 2032 illa
630 1974 742 2051 primae
765 1974 1025 2032 commendationis
1047 1975 1176 2045 notione,
1199 1992 1286 2049 quam

217 2062 255 2118 ab
278 2060 427 2119 Antiocho
449 2072 612 2135 acceperat.
634 2059 677 2117 ita
697 2061 741 2118 uti
764 2060 861 2130 vellet,
885 2070 917 2118 ut
938 2060 1097 2136 Epicurum
1120 2060 1286 2118 inconstan-

218 2147 276 2204 tiae
299 2155 449 2221 argueret,
478 2146 554 2219 quod
577 2145 616 2202 ab
638 2164 673 2204 ea
695 2146 774 2205 illius
795 2145 905 2216 forma,
928 2164 1015 2222 quam
1039 2145 1199 2221 posuisset,
1227 2163 1285 2201 non

217 2232 254 2289 ad
277 2250 352 2301 eum,
376 2231 427 2306 qui
448 2231 476 2288 ei
498 2232 698 2306 responderet,
720 2232 807 2289 finem
831 2232 1027 2307 pervenisset,
1050 2240 1163 2290 ceteros
1185 2239 1288 2288 contra

218 2316 408 2392 philosophos
430 2316 487 2374 sibi
510 2324 645 2373 constare
666 2317 794 2384 doceret,
816 2316 985 2391 imprudens
1007 2335 1061 2392 pro
1082 2316 1135 2372 illa
1156 2315 1286 2373 universi

217 2401 343 2458 hominis
366 2400 575 2459 constitutione
596 2410 749 2477 angustam
768 2400 932 2460 Stoicorum
956 2401 1102 2458 notionem
1126 2400 1285 2476 primorum

217 2496 340 2543 naturae
368 2496 398 2542 et
419 2487 666 2543 enumerationem
690 2485 855 2554 substituit,
885 2504 943 2560 quo
969 2485 1080 2543 iactum
1109 2495 1167 2552 est,
1197 2493 1230 2542 ut
1255 2485 1285 2542 in

217 2570 454 2646 inexplicabilem
479 2571 699 2646 perversitatem
723 2571 873 2630 incideret.
920 2571 996 2629 Nam
1024 2579 1178 2646 postquam
1202 2569 1287 2639 dixit,

217 2656 371 2714 Polemoni
395 2668 425 2713 et
447 2655 602 2714 Aristoteli
625 2655 720 2731 prima
742 2656 806 2714 visa
828 2674 892 2713 esse
914 2657 1043 2723 manbre,
1065 2674 1167 2725 sericas,
1190 2658 1288 2730 inperii

217 2752 328 2810 motum,
357 2744 530 2816 iutegritatem
552 2744 685 2816 corporis,
714 2743 902 2809 valetudinem,
932 2741 999 2797 hinc
1027 2750 1124 2798 natam
1153 2758 1218 2798 esse
1245 2740 1287 2797 ait

218 2836 348 2884 veterum
372 2826 557 2896 sententiam,
580 2835 613 2883 ut
634 2825 719 2882 linem
744 2827 885 2883 bonorum
909 2826 1038 2882 dicerent
1060 2824 1217 2883 secuudum
1235 2844 1286 2882 na·

217 2921 313 2969 turam
337 2911 451 2982 vivere,
479 2911 589 2982 idest,
617 2912 726 2969 virtute
749 2911 894 2980 adhibita,
922 2909 981 2968 frui
1009 2911 1110 2985 primis
1137 2930 1155 2968 a
1182 2920 1286 2968 natura

218 2997 304 3055 datis.
348 2997 386 3054 Et
409 3008 506 3054 tamen
529 2997 598 3070 quid
622 2996 668 3053 vel
693 2995 877 3054 mediocriter
899 2995 1061 3054 attendenti
1083 2995 1213 3072 apertius
1232 3005 1286 3066 est,

219 3101 306 3157 quam
335 3082 406 3139 illud
434 3084 578 3140 secandum
606 3092 731 3138 nutrirem
758 3084 844 3138 vivere
871 3080 939 3156 poni
968 3083 1112 3157 potuisse,
1143 3081 1206 3139 sive
1233 3080 1285 3138 illa

218 3168 281 3226 sive
308 3167 394 3244 longe
422 3167 481 3224 alia
503 3167 598 3243 prima
619 3165 771 3234 fecissent,
800 3166 863 3223 eius
887 3176 999 3231 autem,
1029 3166 1106 3241 quod
1133 3166 1163 3223 in
1191 3166 1286 3242 expli·
1326 3170 1328 3174 '

218 3253 312 3310 cande
333 3253 388 3311 hac
405 3253 475 3322 vita,
498 3270 572 3328 quac
596 3263 717 3310 naturae
739 3251 904 3320 conveniet,
928 3270 1071 3309 summum
1089 3261 1141 3319 est,
1164 3252 1286 3309 adbibita

218 3343 322 3406 virtute,
345 3339 375 3396 in
393 3339 451 3396 illis
468 3338 570 3415 primis
587 3358 624 3394 ne
642 3337 790 3394 minimam
807 3338 926 3412 quidem
943 3355 1006 3394 esse
1023 3334 1285 3412 significationem?

218 3422 324 3497 Itaque
346 3424 450 3481 Cicero
478 3423 523 3480 his
550 3422 698 3481 veteribus
725 3422 755 3480 in
784 3423 885 3480 eadem
914 3422 1094 3479 constantiae
1121 3421 1207 3479 laude
1234 3422 1285 3479 ad·

218 3508 314 3583 iungit
330 3507 546 3582 Calliphontem
569 3519 599 3565 et
617 3508 792 3578 Diodorum,
815 3526 887 3583 quos
910 3507 1009 3564 eadem
1032 3507 1126 3583 prima
1148 3506 1285 3564 habuisse

219 3592 383 3669 siguificare
406 3593 536 3662 videtur;
563 3604 642 3651 certe
664 3592 802 3650 alienon
826 3592 971 3658 nominet3
999 3604 1029 3648 et
1056 3603 1151 3649 tamen
1175 3591 1204 3648 in
1227 3592 1284 3648 fine

219 3679 360 3736 bonorum
384 3678 559 3754 discrepant.
605 3680 651 3735 De
668 3677 815 3755 Aristippi
839 3687 868 3735 et
884 3677 1057 3752 Hieronymi
1073 3686 1101 3734 et
1119 3675 1283 3757 Stoicorum

219 3763 321 3839 primis
350 3763 520 3822 Ciceronem
548 3763 660 3838 aliquid
688 3763 798 3821 dixisse
825 3762 932 3831 videri,
965 3762 1042 3836 quod
1071 3762 1225 3832 exciderit,
1254 3763 1284 3819 in

219 3849 408 3906 annotatione
436 3849 574 3924 exposui;
608 3849 659 3908 sed
691 3849 753 3906 sive
782 3848 857 3906 dixit
885 3846 994 3922 aliquid
1023 3848 1085 3905 sive
1112 3866 1170 3905 non
1198 3847 1285 3919 dixit,

219 3952 293 4009 quae
321 3934 348 3991 ei
375 3934 453 3992 inter
481 3933 645 3993 Stoicorum
673 3935 768 4011 prima
795 3943 826 3991 et
851 3951 994 3991 summum
1023 3935 1130 3991 bouum
1163 3932 1193 3990 iu
1226 3951 1285 3990 una

218 4019 327 4076 virtute
350 4019 475 4094 positum
502 4019 579 4077 ratio
601 4019 781 4077 intercedere
804 4018 868 4076 visa
889 4018 941 4087 sit,
971 4016 1090 4076 difficile
1117 4027 1162 4076 est
1189 4018 1284 4095 suspi-

218 4105 288 4162 cari.
332 4106 433 4179 Atque
463 4105 538 4162 hanc
566 4114 676 4162 tantam
706 4102 905 4162 confusionem
928 4103 1064 4163 Ciceroni
1086 4103 1226 4162 accidisse
1249 4123 1284 4161 eo

218 4190 312 4266 magis
334 4190 498 4247 mirandum
521 4199 574 4261 cst,
598 4190 677 4265 quod
698 4190 728 4246 in
747 4190 811 4265 ipsa
828 4187 988 4248 Carneadis
1006 4188 1151 4246 divisione
1167 4199 1283 4247 seuten-

219 4274 324 4332 tiarum
347 4275 383 4332 dc
406 4293 518 4332 summo
541 4275 633 4345 bono,
661 4293 719 4350 qua
741 4285 807 4350 post
828 4274 1007 4332 Antiochum
1030 4274 1135 4345 utitur,
1165 4274 1284 4349 aliquod

218 4368 315 4417 tamen
340 4360 473 4418 relictum
497 4370 561 4418 erat
582 4360 683 4418 harum
707 4359 857 4418 notionum
881 4359 1044 4418 discrimen.
1145 4437 1148 4442 Ι
