3030 5086
260 467 303 530 94
657 473 707 525 un
730 481 860 531 sturnus
883 480 954 528 non.

267 652 338 732 ipsa
359 659 474 715 natura
495 640 636 723 aindas,
671 650 783 730 quibus
811 656 957 714 contenta
984 650 1038 727 sit,
1072 657 1104 715 et
1130 649 1290 732 parabiles
1318 654 1355 714 et

270 753 453 817 terminatas
480 750 588 827 habet3
617 748 756 815 inanium
784 759 887 816 autem
917 751 1123 832 cupiditatum
1151 770 1207 818 neo
1234 751 1353 816 modus

270 853 351 918 ullus
374 871 430 918 nec
451 851 523 918 finis
545 851 677 918 inveniri
699 858 811 934 potest.
1274 860 1281 869 '

278 1016 283 1025 .
345 957 427 1020 XIV.
445 957 496 1021 46.
512 956 603 1036 Quod
616 954 641 1019 si
653 955 748 1025 ritem
761 972 883 1020 omnem
894 954 1073 1037 perturbari
1084 954 1227 1021 videmus
1237 972 1353 1021 errore

232 1060 253 1118 b
271 1067 301 1123 et
312 1056 488 1135 inscientia·
501 1055 749 1138 sapientiamque
765 1074 836 1121 esse
853 1056 960 1136 solam,
977 1074 1058 1138 quae
1075 1073 1133 1121 nos
1150 1075 1170 1121 a
1186 1056 1352 1122 libidinum

271 1162 389 1241 impetu
416 1170 447 1223 et
469 1177 487 1222 a
509 1156 709 1222 formidinum
731 1165 853 1222 terrore
875 1157 1008 1222 vindicet
1029 1164 1061 1222 et
1081 1158 1180 1239 ipsius
1201 1157 1353 1225 fortntme

271 1261 390 1326 modice
412 1259 495 1325 ferre
518 1261 630 1324 doceat
650 1259 779 1324 iniurias
802 1267 834 1324 et
856 1277 963 1324 omnes
984 1265 1139 1325 monstret
1160 1260 1242 1339 vias,
1264 1277 1352 1342 quae

270 1364 310 1426 ad
329 1361 463 1443 quietem
480 1369 512 1425 et
529 1361 784 1442 tranquillitatem
801 1358 913 1439 ferant
930 1360 1005 1443 quid
1022 1369 1079 1442 est,
1098 1379 1153 1426 cur
1169 1362 1351 1428 dubitemus

271 1464 384 1539 dicere,
407 1470 438 1528 et
459 1463 643 1544 sapientiam
667 1470 797 1543 propter
818 1462 995 1544 voluptates
1017 1464 1222 1545 expetendam
1244 1473 1278 1530 et
1296 1464 1350 1529 in·

214 1568 253 1630 to
272 1566 448 1646 sipientiam
464 1574 596 1646 propter
612 1564 769 1629 molestias
787 1582 857 1629 esse
872 1561 1074 1646 fugiendam?
1101 1566 1152 1630 47.
1166 1565 1352 1647 Eademque

341 1709 362 1750 t,
385 1700 453 1768 [quid
469 1701 492 1749 si
511 1699 560 1765 ΑΙ]
618 1705 639 1750 5.
666 1699 799 1750 inscitiaC
843 1699 1003 1749 noradini
1029 1701 1049 1748 L
1104 1704 1125 1751 fi.
1150 1698 1281 1765 etsormt'd.
1301 1698 1351 1750 LO

273 1774 294 1822 l,
314 1769 456 1819 rreodicueE
491 1768 630 1819 modesteC
666 1768 750 1818 doceat
769 1784 824 1833 apro
843 1773 962 1826 rnonrteet)
983 1769 1049 1818 LPR
1068 1784 1116 1818 om.
1138 1768 1188 1819 Mc
1224 1773 1246 1818 9.
1262 1768 1350 1834 volup·

270 1847 341 1887 tatem
360 1838 522 1888 LPMCttor.

271 1970 456 2021 attenuantur.
475 1979 589 2034 qrtorunt
605 1977 704 2032 ponera
720 1978 770 2014 non
788 1967 962 2015 contennrnnt.
979 1969 1114 2033 patuerunt
1130 1968 1216 2016 tannen
1231 1961 1349 2035 copiam.

272 2046 335 2102 Nec
352 2056 528 2102 exterreantur
545 2056 572 2100 ot
591 2064 641 2099 enon
658 2053 832 2101 contemnunt.
852 2061 967 2099 necnon
983 2053 1148 2100 eontennnnrt
1165 2053 1195 2100 ot
1211 2053 1349 2118 quaerunt

271 2141 357 2187 tannen
380 2130 573 2193 conveniunt;
598 2129 688 2186 inulto
712 2129 817 2192 minus,
841 2146 916 2202 quae
939 2128 975 2185 de
993 2129 1151 2205 generibus
1172 2139 1346 2203 sequunturff

271 2215 338 2275 Hic.
361 2224 394 2272 nt
416 2215 487 2271 alibi
510 2233 608 2289 saepo,
632 2233 683 2269 non
706 2222 804 2269 naturn
829 2231 866 2269 ex
883 2232 946 2282 ‹·on;
969 2211 1067 2270 fueret
1088 2213 1166 2270 enim
1189 2213 1348 2288 scriptum:

272 2320 387 2375 qtearnen
413 2316 511 2373 parente
533 2309 712 2356 contemnunt.
741 2308 874 2372 qtrrternnt
901 2307 987 2354 tannen
1014 2301 1126 2374 cepiano.
1171 2284 1346 2357 Generatim

271 2386 497 2443 contemnebant
526 2395 555 2440 et
578 2384 792 2447 extenuabant,
821 2382 902 2441 velut
930 2383 1086 2453 obscenas,
1114 2383 1187 2453 cibi,
1216 2394 1347 2452 ceteram

272 2471 371 2527 rivere
400 2479 496 2526 tannen
526 2469 555 2525 in
585 2469 713 2525 omniurn
737 2468 830 2542 leopin
852 2468 1009 2525 ntalebant.
1060 2468 1212 2526 Bentleius
1240 2468 1345 2525 vitium
1443 2458 1446 2464 ’

271 2554 413 2611 orationis
447 2563 592 2619 senserat,
627 2572 645 2609 a
672 2553 817 2610 sententia
845 2553 1009 2624 oberravit,
1043 2554 1079 2610 ad
1108 2570 1196 2628 qnam
1225 2552 1348 2629 propius

271 2639 395 2696 accessit
418 2639 455 2695 H.
479 2638 619 2706 wolfius,
648 2637 699 2694 sed
728 2637 874 2695 soloecam
898 2636 966 2694 fecit
990 2639 1164 2696 orationem.
1210 2638 1348 2695 Mosarna

272 2742 324 2780 nec
348 2723 474 2780 rotinere
497 2743 547 2780 non
576 2741 628 2779 nec
652 2722 755 2778 tollere
777 2722 936 2779 absurdum
961 2733 1052 2799 putat.
1098 2723 1125 2783 Ο
1148 2723 1265 2780 beatum
1288 2723 1347 2779 cri·

273 2809 360 2866 ticum
370 2807 389 2882 l)
423 2807 582 2885 [Perverse
599 2818 702 2864 eontra
720 2807 796 2864 dixit
809 2806 996 2875 Kuehnerus‚
1014 2825 1071 2864 non
1091 2807 1265 2885 intellegens
1280 2807 1348 2883 ipsa
1370 2872 1376 2884 ¹

271 2911 380 2969 genera
402 2892 570 2968 singulatim
589 2889 770 2969 extenuari]
804 2890 968 2950 Coniuncta
985 2891 1054 2948 huic
1070 2893 1232 2951 sententiae
1252 2904 1346 2959 arant,

272 2997 346 3052 quae
370 2978 410 3034 de·
428 2977 597 3053 frugalitate
621 2977 891 3052 praecipiebantur3
915 2976 973 3033 vid.
997 2977 1038 3046 Π,
1063 2977 1112 3034 90.
1162 2997 1164 3001 ’

357 3062 430 3139 Cap.
454 3063 542 3120 XIV.
572 3062 621 3120 46.
664 3060 817 3136 inscientia)
849 3063 1011 3136 lquor-attone
1043 3081 1133 3118 rerum
1161 3062 1289 3119 bonarum
1322 3070 1348 3119 et

272 3151 412 3205 nrnlannn.
436 3147 513 3217 §aa
560 3148 703 3204 Pervorse
725 3143 777 3214 Εξ,
802 3144 898 3222 Spin,
923 3147 991 3208 Bas.
1013 3149 1132 3217 inantia,
1155 3164 1230 3221 quae
1252 3145 1346 3204 facul·

271 3234 324 3290 tati
348 3232 459 3306 aliquid
483 3243 560 3288 reete
584 3241 613 3288 et
634 3231 746 3300 ordine,
770 3231 825 3288 hoc
848 3242 900 3289 est.
924 3231 997 3288 acite
1014 3231 1120 3308 agendi
1137 3231 1284 3288 contraria
1301 3239 1348 3289 eat

271 3320 316 3390 (nt
338 3321 443 3374 inentia
467 3318 606 3391 loquendi„
631 3320 727 3391 nepottr'
746 3318 882 3391 parendi),
913 3334 970 3372 non
994 3315 1156 3392 cognitioni
1179 3325 1208 3373 et
1229 3315 1346 3373 intelle·

271 3403 397 3479 gantiae.
430 3402 498 3458 Vid.
520 3400 713 3459 Gernhardus
736 3401 765 3457 in
789 3419 852 3459 exo.
876 3401 912 3458 ad
936 3400 1000 3460 Cat.
1015 3401 1100 3466 Maia
1124 3401 1263 3458 tractavit
1284 3419 1347 3457 rem

271 3488 357 3544 etiarn
383 3486 454 3546 Otto
477 3487 513 3543 ad
537 3486 565 3543 b.
588 3486 607 3542 l.
652 3486 761 3544 Nescio
790 3497 902 3555 tamen,
932 3503 983 3543 cur
1004 3486 1021 3543 1
1043 3484 1101 3546 Off.
1127 3488 1186 3544 144
1214 3488 1348 3545 inact'lt'am

271 3575 395 3648 tcertporia
418 3590 470 3647 pro
493 3574 598 3629 insertio
621 3575 744 3647 tererpoeda
765 3574 891 3647 capiendi
911 3570 1091 3628 nominatam
1114 3589 1172 3628 non
1195 3568 1301 3630 ferant.

356 3677 373 3713 α
389 3656 582 3732 sonnidinnnr)
605 3656 870 3732 Praepositionem,
894 3674 981 3730 qnam
1006 3656 1081 3713 Dav.
1105 3675 1120 3713 e
1143 3656 1227 3713 Part.
1251 3655 1347 3713 tribuo

271 3751 300 3798 et
323 3741 419 3798 Meno.
442 3741 564 3811 addidit,
587 3742 735 3798 habebant
758 3741 836 3801 Oxx.
861 3736 930 3815 Εξχ,
955 3740 1024 3799 Gzii
1046 3729 1156 3811 omnes,
1180 3736 1243 3821 [B].

356 3824 495 3902 morrrtret)
521 3825 593 3885 Cum
612 3826 673 3884 Eri.
697 3824 810 3883 fuciunt
827 3826 892 3884 Pal.
911 3829 935 3892 l,
960 3826 1047 3902 Spin..
1071 3823 1137 3903 [B.]
1160 3826 1243 3882 codd.
1256 3825 1347 3896 Seni,

272 3912 362 3975 Mon,
388 3930 444 3986 urg.
468 3911 548 3969 Crat.
594 3911 712 3968 Excidit
735 3912 858 3967 verbum
887 3911 915 3967 in
940 3911 1112 3987 vulgaribus
1134 3910 1210 3985 (Pal.
1235 3912 1268 3977 5,
1291 3923 1347 3985 χψ,

272 3995 350 4054 Gud.
378 3999 422 4066 ll:
463 3996 568 4052 deinde
602 3996 790 4053 substitutum
826 3998 918 4054 doceat
951 3995 1038 4066 (Pall.
1075 4004 1228 4070 quattuor,
1261 3989 1348 4063 Εΰξ,

271 4080 349 4138 Gud.
375 4081 413 4152 2).
460 4081 531 4137 Mox
555 4071 665 4136 ἀπονία
687 4069 735 4136 nui
760 4072 912 4157 ἀταραξία
934 4082 971 4137 ab
996 4081 1124 4156 Epicuro
1147 4081 1266 4137 laudata
1288 4079 1348 4157 sig·

272 4165 414 4222 initientur.
459 4164 633 4242 [Voluptates
656 4164 821 4223 restitutum
846 4185 882 4222 ex
907 4166 1041 4228 Aban..
1064 4177 1097 4224 ut
1119 4166 1179 4223 iarn
1201 4165 1230 4222 in
1254 4163 1348 4241 praef.

272 4250 316 4306 ed.
341 4251 356 4307 Ι
380 4250 466 4306 scribi
491 4250 626 4306 debuisse
650 4249 806 4329 dixeram]
1150 4320 1155 4329 ἱ

359 4337 405 4391 47.
454 4345 481 4391 nt
508 4335 648 4409 rationein)
672 4337 706 4393 ln
731 4337 870 4393 Albinam
894 4337 1013 4412 irrepsit
1036 4340 1162 4393 nationem
1185 4345 1229 4399 ut,
1257 4334 1347 4409 idque
1382 4334 1391 4351 ⁴

271 4419 387 4476 silentio
411 4430 603 4496 propagatum
628 4433 680 4477 est.

1317 4592 1328 4628 b
