3030 5086
348 492 410 559 658
735 512 779 558 nn
801 511 933 558 munaus
955 512 1026 559 nou.

348 680 423 761 quid
446 679 580 758 dicatur,
609 687 726 760 potest;
754 680 785 744 in
808 679 962 745 nobismet
983 680 1060 761 ipsis
1087 688 1190 745 autem
1217 700 1259 745 ae
1287 677 1444 760 intellegi

347 782 481 863 quidem,
504 785 539 843 ut
554 789 685 863 propter
700 782 792 846 aliam
810 782 987 864 quampiam
1007 801 1081 860 rem,
1098 781 1186 847 verbi
1202 782 1310 864 gratia
1328 798 1441 863 prop-

348 892 396 950 ter
417 885 622 964 voluptatem,
645 902 703 948 nos
727 903 880 962 antemna
903 892 1034 966 propter
1056 902 1114 948 nos
1136 884 1217 948 enim
1239 884 1342 964 iliam,
1370 901 1439 947 non

346 994 476 1067 propter
498 1004 567 1050 eam
589 987 818 1067 nosmetipsos
843 986 1007 1068 diligimus
1048 987 1101 1049 31.
1125 988 1326 1067 Quamquam
1353 984 1439 1066 quid

306 1092 408 1161 best,
436 1088 520 1168 quod
547 1089 646 1169 magis
673 1088 870 1169 perspicuum
899 1087 955 1166 sit,
984 1106 1077 1168 quom
1105 1105 1166 1152 non
1194 1088 1290 1153 modo
1314 1104 1437 1152 earum

417 1281 435 1322 1.
455 1273 566 1338 quicquid
590 1275 611 1323 R
663 1274 773 1323 nobramet
798 1283 873 1323 antem
897 1275 955 1339 ipsis
977 1274 1065 1324 PROr.
1100 1276 1165 1324 nobis
1187 1283 1266 1323 autam
1290 1273 1356 1339 ἱρείε
1385 1273 1435 1324 Lc

345 1361 372 1391 aa
390 1358 439 1392 om.
456 1343 548 1392 ELCR
583 1349 604 1393 2.
624 1342 716 1405 ostili}
737 1343 887 1407 qnodeg.
923 1343 1122 1392 utom.ELCR
1157 1347 1180 1391 3.
1200 1341 1434 1408 nottpronontll

346 1417 367 1462 5.
387 1428 458 1475 quam
476 1427 524 1462 om.
544 1426 638 1471 omnes,
656 1411 699 1463 Or.

429 1566 501 1642 Cap.
516 1568 572 1624 XI.
595 1573 621 1625 in
645 1568 770 1625 nobismet
791 1568 858 1643 apae
880 1578 966 1624 anetem
990 1568 1062 1642 cet.)
1085 1568 1135 1626 Sic
1154 1567 1214 1626 Erl.
1233 1563 1300 1648 [B],
1325 1567 1432 1637 Crat,

344 1653 422 1711 vict.
469 1654 511 1712 Ut
533 1653 560 1710 R
581 1656 619 1723 (in
642 1654 767 1710 nobismet
788 1663 876 1710 antem
899 1656 978 1728 ipsis)
1002 1653 1066 1711 Pal.
1089 1656 1117 1724 4,
1141 1653 1197 1714 El..
1222 1655 1307 1712 Parr.
1330 1658 1341 1709 1
1361 1653 1430 1710 et2

344 1738 385 1811 (hi
409 1738 466 1795 duo
489 1743 557 1810 ortt),
581 1737 659 1796 Gud.
680 1751 810 1812 uterque.
835 1740 912 1801 Bas,
937 1738 1022 1795 modo
1046 1738 1117 1795 satis
1135 1740 1262 1795 editores
1281 1739 1430 1795 attende·

343 1824 410 1880 rint.
455 1824 606 1880 Manutius
628 1833 657 1880 et
679 1824 816 1899 deinceps
838 1824 928 1881 ceteri
950 1834 1018 1880 ante
1041 1823 1147 1882 Gzium
1172 1842 1208 1880 ex
1227 1823 1265 1882 C:
1291 1829 1318 1880 in
1344 1824 1431 1881 nobis

343 1919 430 1965 autem
452 1913 527 1984 apsis.
573 1909 688 1966 Deinde
711 1909 740 1965 in
764 1910 827 1966 cod.
850 1910 928 1965 arch.
949 1910 1049 1980 (Pali,
1074 1910 1183 1984 Εΰχψ)
1206 1909 1248 1965 sie
1271 1909 1428 1983 seriptum

343 2004 421 2064 erat,
449 2014 480 2051 na
508 2005 537 2050 et
564 2005 593 2050 at
615 1995 744 2051 omissis:
775 1997 889 2068 intelleqi
914 1997 1020 2069 quidem
1048 1997 1128 2068 (qrcid
1149 1993 1189 2072 [B
1212 1992 1254 2070 at]
1280 1993 1367 2052 Gud.
1397 1996 1429 2063 2,

343 2082 416 2154 qrtoel
438 2080 544 2154 reliqui
566 2078 649 2147 Gzii,
673 2081 737 2154 ipso
760 2090 848 2148 testa,
872 2089 902 2136 et
923 2080 987 2136 Pal.
1013 2083 1047 2148 4,
1071 2081 1118 2137 tibi
1141 2080 1182 2146 U;
1205 2079 1278 2136 nihil
1303 2079 1430 2155 signiti-

343 2176 426 2223 eatur
454 2165 510 2221 nisi
538 2166 659 2239 quidenna
688 2166 745 2223 vid.
776 2165 812 2221 ad
840 2166 870 2231 Ι,
894 2165 946 2238 39)
969 2174 1082 2240 propter
1108 2166 1190 2221 oham
1218 2184 1332 2221 coaeum
1365 2174 1429 2221 eet.

342 2250 426 2324 Quod
445 2251 540 2308 Aldus
553 2250 703 2307 Manutius
722 2250 822 2320 edidit,
846 2251 887 2306 ita
909 2261 938 2306 et
960 2268 977 2305 a
999 2247 1095 2306 forma
1116 2249 1246 2323 reliquae
1268 2250 1430 2307 orationis

342 2338 460 2411 (quidem
485 2368 520 2378 -
545 2338 675 2406 antennas)
699 2346 727 2392 et
757 2354 774 2391 a
796 2335 996 2411 superioribus
1019 2336 1145 2407 (intelleqi
1166 2337 1263 2405 tamen)
1287 2335 1429 2409 requiri·

342 2434 402 2482 tur,
426 2431 458 2477 ut
481 2420 690 2477 dubitationem
716 2440 773 2477 non
796 2421 911 2478 habeat.
956 2421 1008 2493 (Ut
1031 2421 1106 2477 Dav.
1131 2419 1173 2476 ait
1195 2439 1257 2476 esse
1282 2419 1312 2476 in
1338 2419 1430 2480 CCC

341 2517 371 2563 et
393 2507 477 2566 Ball..
501 2507 551 2562 sed
575 2507 610 2562 de
632 2507 771 2579 affluit)
794 2517 901 2582 negant
919 2506 997 2564 Oxx.
1033 2505 1207 2562 Lambinus:
1229 2508 1351 2578 intelleqr'
1375 2510 1433 2581 qai

336 2601 434 2667 potest,
457 2602 485 2647 ut
504 2602 617 2667 propter
638 2594 707 2665 eet.)
741 2592 807 2665 Qua
829 2591 943 2648 ratione
966 2591 1093 2648 dicatur:
1116 2610 1148 2647 ne
1169 2593 1284 2664 intellegi
1305 2592 1428 2665 quidem

338 2687 433 2752 potest,
458 2687 486 2733 ut
509 2709 548 2718 -
570 2696 696 2744 amoinus,
721 2677 782 2734 dixi
805 2677 843 2733 ad
860 2678 931 2741 ΙΙ,6
955 2678 1016 2751 (qui
1031 2677 1146 2751 probari
1164 2686 1258 2750 potest.
1282 2686 1313 2732 at
1335 2681 1428 2749 cet).

341 2760 445 2839 [Initio
474 2762 578 2837 eapitis
606 2761 692 2818 etiam
723 2763 748 2818 B
781 2766 806 2818 ai
832 2765 899 2836 quaid
925 2764 1026 2831 dicere,
1060 2781 1076 2817 e
1104 2780 1161 2835 quo
1189 2761 1266 2818 Bait.
1303 2764 1330 2817 si
1360 2766 1425 2836 qai.

340 2847 431 2905 Editt.
456 2850 525 2921 queis.
569 2847 650 2903 Idem
674 2847 736 2903 eod.
759 2846 931 2924 absurdum]

428 2934 476 2988 31.
504 2931 672 3006 Qrcomqnutn
695 2935 763 3006 qrrid
784 2944 835 2989 eat.
865 2935 937 3007 qzunl
959 2935 1044 3004 rrrnqia
1062 2935 1234 3007 perspicuum
1256 2936 1305 2998 sit,
1329 2950 1427 3005 quam

341 3037 390 3074 noa
409 3020 485 3074 niodo
496 3019 564 3090 net.)
588 3018 745 3074 Exciderat
762 3038 843 3091 qinom
856 3019 883 3074 in
898 3019 997 3074 codiee
1009 3018 1177 3093 archetypo.
1207 3016 1426 3074 Restituerunt

342 3103 491 3160 Manutius
514 3113 543 3159 et
567 3102 725 3159 Lambinus
750 3100 793 3182 [et
815 3115 883 3159 ante
907 3104 941 3170 is,
965 3103 1014 3177 qui
1038 3104 1101 3160 eod.
1122 3101 1247 3177 Glogav.
1267 3099 1425 3183 scripsit}

340 3187 438 3246 Ceteri
456 3187 583 3244 editores
596 3188 679 3261 quasi
696 3189 882 3244 sanissimum
896 3189 992 3245 locum
1011 3188 1091 3244 taciti
1110 3195 1306 3261 praetereunt,
1325 3186 1424 3244 Orel-

341 3274 397 3330 lius
420 3273 507 3330 etiam
530 3283 670 3330 annotata
700 3283 728 3330 et
756 3274 921 3347 improbata
950 3274 1002 3330 illa
1024 3273 1150 3329 Manutii
1172 3272 1327 3346 scriptura.
1378 3273 1423 3330 Et

340 3370 436 3415 tamen
460 3358 568 3415 nemini
592 3378 691 3415 eorum
715 3359 744 3414 in
764 3370 888 3415 mentem
907 3359 987 3415 venit
1002 3357 1131 3426 eredere,
1155 3356 1259 3414 Latine
1276 3376 1331 3431 pro
1349 3357 1423 3417 his:

341 3446 407 3502 nilnl
427 3455 466 3500 ast
488 3448 573 3516 rnnqis
591 3448 778 3519 perspicuum.
802 3463 884 3518 quarn
906 3447 985 3501 solean
1008 3446 1094 3500 iacere
1116 3443 1173 3499 diei
1196 3442 1282 3499 etiam
1307 3461 1423 3517 posse:

340 3532 406 3586 nihil
432 3540 471 3586 eat
492 3533 577 3602 tnoqis
596 3535 780 3604 perspicuum,
809 3532 889 3586 soem
911 3532 1010 3597 tuem
1040 3529 1106 3589 sed,
1133 3537 1167 3584 ut
1189 3546 1291 3603 saepe,
1323 3546 1421 3586 nemo

340 3616 465 3673 attendit
492 3615 528 3671 ud
558 3615 700 3671 orationis
722 3614 856 3671 formam.
902 3614 1142 3689 (Wesenbergius
1171 3623 1200 3669 et
1227 3612 1355 3669 attendit
1388 3623 1423 3672 et

340 3712 417 3757 reete
441 3700 590 3768 indicavit,
615 3700 639 3756 is
662 3719 777 3773 quoque
800 3700 845 3757 sui
865 3700 991 3771 similis.)
1025 3698 1208 3772 Quamquam
1232 3697 1311 3772 quod
1334 3698 1420 3761 dico.

340 3787 447 3842 nemini
471 3786 542 3842 illud
566 3786 595 3842 in
620 3796 743 3841 mentem
764 3786 888 3845 venisse.
912 3805 968 3841 non
993 3803 1112 3859 prorsus
1135 3794 1244 3840 eertum
1265 3782 1336 3840 mihi
1354 3795 1420 3855 est,

339 3872 483 3927 nerninem
507 3871 537 3926 id
561 3870 757 3927 defensurum.
798 3872 903 3945 Neque
927 3871 1002 3926 enim
1027 3870 1112 3945 longo
1136 3870 1172 3925 ab
1196 3869 1249 3924 hae
1271 3868 1419 3927 similitu·

339 3957 406 4013 dine
429 3966 570 4012 remotum
594 3965 639 4013 est
661 3966 689 4012 et
712 3957 740 4012 in
764 3956 864 4013 eadem
890 3957 1044 4031 pravitate,
1068 3955 1146 4029 quod
1169 3955 1198 4011 in
1221 3954 1279 4010 alio
1301 3972 1419 4030 genere

339 4041 453 4097 dicendi
481 4041 612 4099 accidere
641 4042 736 4097 video.
786 4041 859 4099 Cum
889 4042 965 4098 enim
994 4040 1097 4099 Cicero
1131 4057 1218 4115 saepe
1245 4039 1287 4096 sic
1315 4039 1418 4097 dieat:

339 4128 406 4200 qrrid
433 4137 471 4183 est
497 4129 574 4183 aliteri
589 4130 717 4200 fureret,
748 4136 780 4182 ut
803 4127 1002 4201 intellegatur:
1032 4126 1087 4181 nisi
1111 4126 1165 4182 hoe
1188 4134 1245 4191 est,
1273 4124 1353 4198 qnod
1379 4135 1418 4184 tu

338 4211 425 4268 iacis.
456 4211 526 4268 alibi
550 4223 644 4268 atatem
669 4213 768 4287 plene:
793 4215 860 4286 qrzril
881 4224 919 4268 est
941 4214 1018 4268 ahud
1032 4216 1128 4284 furere
1151 4216 1203 4267 nisi
1217 4211 1296 4283 salso
1319 4229 1418 4269 aarum

338 4302 423 4372 speeie
440 4317 542 4372 europei·
559 4300 641 4367 tatis,
665 4298 759 4353 exorti
779 4307 853 4359 sunt.
877 4298 926 4372 qui
944 4296 1142 4355 defenderent.
1166 4294 1338 4353 uCicerone
1356 4315 1418 4371 pro

339 4384 392 4439 hoe
415 4383 577 4458 posteriore
606 4383 663 4439 dici
692 4383 794 4439 etiam:
824 4385 891 4457 qnid
917 4393 955 4439 est
983 4384 1060 4440 aliud
1080 4386 1189 4455 Jiuera,
1211 4383 1290 4454 salsa
1318 4400 1417 4439 reram

338 4473 424 4543 specie
446 4488 548 4542 eeneper
569 4470 645 4525 laedit
677 4469 788 4524 Putant
809 4479 906 4524 antem
930 4468 971 4525 sic
996 4487 1061 4524 eum
1085 4467 1194 4523 dixisse
1217 4465 1295 4527 Phil.
1319 4467 1419 4531 11,7.
