3030 5086
448 506 491 551 uu
515 505 595 551 usn.
618 505 681 551 nm.
704 506 740 551 111
763 505 870 553 camo
898 507 962 568 (aa.)
1179 487 1244 555 379

165 673 270 753 aliquo
293 679 348 736 aut
369 672 525 751 sagittam,
548 672 592 736 sio
614 691 671 737 nos
693 673 834 737 ultimum
856 672 888 736 in
910 672 1001 738 bonis
1022 673 1160 738 dicimus
1185 673 1245 757 [sic

240 885 258 927 t.
281 876 342 925 sicat
358 892 402 925 nos
425 891 523 935 omnes,
541 875 583 925 Or.
638 875 740 927 numium
758 892 808 929 orn.
830 877 874 926 PR
925 877 1028 927 dirimere
1045 877 1165 928 LPMcs
1207 879 1244 926 sr'c
1275 893 1277 898 ’

166 973 197 981 -
217 944 323 994 collimat
342 945 385 992 Or.
405 945 458 993 sino
476 945 556 994 uncis.
580 1019 583 1024 .

164 1133 373 1208 comprehendi
391 1133 527 1190 voluntas
550 1142 579 1189 et
601 1134 755 1192 consilium
774 1133 908 1196 feriendi
931 1145 972 1195 ut
996 1134 1047 1208 qui
1069 1147 1127 1190 non
1145 1132 1243 1204 feriat,

165 1219 309 1276 excidisse
334 1219 485 1294 proposito
508 1219 667 1287 iudicetur,
696 1219 837 1276 deinde
828 1218 886 1314 qpsi
913 1218 994 1275 illam
1023 1219 1242 1276 adiunctionem

165 1304 335 1372 secludunt,
365 1315 397 1360 ut
425 1303 519 1361 simile
542 1305 580 1359 sit
603 1323 660 1360 non
683 1300 725 1374 aqi
746 1291 899 1397 τυγχάνειν
926 1299 984 1359 τῶν
1013 1291 1138 1398 πρώτων
1165 1292 1242 1359 κοντοὶ

164 1377 263 1462 φύσιν,
287 1389 338 1445 sed
360 1386 403 1460 τῷ
424 1406 523 1444 ταντα
545 1391 638 1443 ποιεῖν
659 1376 699 1444 τὰ
720 1389 793 1442 καθ
820 1376 910 1443 αὑτὸν
932 1378 1007 1462 πρὸς
1030 1377 1065 1442 τὸ
1087 1403 1243 1462 τογχανειν

165 1463 271 1528 αὐτῶν.
306 1475 412 1547 ltaque
434 1491 498 1527 cum
523 1473 565 1529 sic
587 1473 674 1528 inane
691 1471 817 1529 fecerint
833 1471 978 1546 sagittarii
996 1470 1179 1546 propositum
1198 1471 1244 1542 (ut

165 1575 223 1613 non
242 1556 368 1616 feriendi
385 1557 465 1631 scopi
484 1575 573 1614 causa
590 1558 726 1633 sagittam
745 1559 868 1613 emittat
892 1557 1136 1632 quemadmodum
1155 1555 1244 1612 homo

164 1661 252 1717 agere
270 1645 427 1701 iubebatur
444 1643 539 1717 prima
556 1653 679 1698 naturae
696 1641 879 1716 adipiscendi
896 1645 1006 1715 causa),
1024 1640 1112 1698 facile
1129 1640 1245 1714 reliqua

164 1727 332 1797 conficiunt,
356 1729 407 1785 sed
424 1727 589 1784 incidunt
580 1745 610 1783 m
633 1728 672 1796 id,
696 1727 774 1801 quod
792 1727 970 1784 Plutarchus
993 1727 1059 1783 adv
1081 1725 1172 1786 Stoic.
1192 1725 1244 1794 26,

164 1811 256 1868 hac
247 1833 323 1908 ipsa
341 1814 560 1888 comparatione
589 1824 688 1883 utens,
717 1812 876 1887 aenigmati
905 1813 1001 1868 simile
1031 1829 1096 1868 csse
1125 1810 1182 1868 ait
1210 1818 1245 1866 ut

163 1887 216 1953 τὸν
237 1885 399 1967 τοξεύοντα
421 1899 521 1955 dicant
542 1887 642 1955 πάντα
663 1899 756 1953 ποιεῖν
778 1889 861 1953 ἕνεκα
877 1893 932 1952 τοῦ
947 1915 1048 1952 παντο
1064 1891 1187 1969 ποιῆσαι
1202 1887 1242 1950 τοὶ

163 1998 230 2055 περι
248 1971 339 2038 αυτόν
356 1974 442 2056 (πρὸς
457 1973 492 2039 τὸ
511 1968 649 2057 actaeo).
679 1981 809 2039 Orellius
828 1981 895 2037 dum
914 1981 983 2039 huic
1000 1982 1066 2037 loco
1083 1978 1239 2038 eGraeoia

163 2064 296 2122 fontibus
319 2067 413 2123 locem
436 2067 541 2124 afferre
564 2080 695 2128 conatur,
718 2085 765 2123 res
788 2066 1000 2123 dissimillimas
1022 2084 1057 2123 ac
1079 2065 1166 2141 longe
1184 2064 1244 2121 dis·

164 2150 236 2208 sitas
259 2152 422 2210 confundit.
458 2154 534 2210 Nam
558 2153 636 2225 quod
655 2153 800 2211 Stobacus
818 2171 846 2225 p.
865 2152 921 2209 136
935 2153 1036 2214 Ηοοι.,
1058 2170 1077 2208 a
1094 2168 1153 2224 quo
1166 2150 1245 2207 Mat·

165 2236 280 2293 thiasus
309 2255 427 2312 quoque
457 2238 671 2295 enarrationem
700 2238 855 2311 petendam
885 2245 1055 2311 putaverat,
1085 2236 1244 2292 discrimen

165 2321 284 2395 aliquod
300 2319 355 2380 τοῦ
372 2339 484 2378 σκοαου
502 2333 532 2379 et
547 2339 601 2377 τοο
589 2316 723 2386 τέλους
734 2335 953 2390 commemorat,
972 2322 1000 2378 id
1020 2322 1121 2378 eadem
1135 2321 1244 2396 pagiua

165 2418 234 2481 etp
254 2409 312 2464 138
311 2417 469 2504 apparet
465 2426 522 2465 non
540 2407 577 2464 ad
595 2405 822 2463 diversitatem
813 2425 943 2480 ipsarum
961 2425 1069 2475 rorum,
1087 2406 1117 2462 in
1136 2406 1244 2484 quibus

165 2491 204 2546 sit
226 2482 241 2546 ὁ
265 2479 375 2556 σκότος
391 2502 421 2547 et
437 2509 472 2547 το
461 2482 582 2558 τεᾝλος
605 2492 762 2566 pertinere,
785 2491 835 2547 sed
854 2492 890 2548 ad
908 2492 1032 2568 logicam
1051 2491 1181 2548 eiusdem
1199 2489 1244 2546 rei

164 2577 318 2642 rationem,
336 2587 370 2631 ut
382 2591 492 2640 σκοαος
508 2567 769 2650 εἰιῆεοᾶαιμονία,
787 2577 865 2650 quod
877 2587 1043 2652 appetatur
1060 2568 1147 2641 τελος
1158 2575 1197 2631 sit
1207 2591 1243 2630 το

165 2652 355 2732 εὐδαιμονεῖν.
379 2671 528 2733 tamquam
547 2672 649 2729 status,
674 2678 760 2734 quem
778 2663 844 2736 quis
862 2663 986 2737 adeptus
1003 2662 1056 2731 sit3
1079 2660 1127 2716 hic
1145 2670 1242 2716 autem

164 2763 211 2801 res
234 2744 378 2818 dignitate
405 2763 440 2801 ac
467 2765 573 2820 genere
596 2747 744 2802 diiunctae
767 2746 995 2822 distinguuntur.
1041 2745 1154 2803 Eodem
1177 2760 1243 2820 per·

164 2830 239 2886 tinet
261 2830 308 2886 vel
337 2831 435 2924 potius
464 2832 566 2889 eadem
594 2841 639 2887 est
667 2831 817 2888 distinctio
839 2849 893 2888 τοο
917 2824 1037 2906 αἱρετοῦ
1059 2829 1115 2903 (rei
1138 2830 1242 2898 bonae,

165 2916 247 2971 velut
269 2903 451 2988 φρονήσεως)
480 2927 509 2972 et
536 2913 591 2972 τοῦ
614 2908 750 2988 αἱρετέον
774 2921 880 2987 (status
903 2916 1025 2972 eandem
1048 2934 1110 2972 rem
1134 2915 1243 2972 bonam

164 2999 351 3062 continentis,
375 3000 456 3056 velut
478 3003 605 3074 φρονεῖν
630 2998 687 3055 vid
713 2999 795 3059 Stob
822 3001 884 3058 llcl
908 3000 978 3059 Eth.
1003 3020 1032 3075 p.
1050 3002 1108 3057 140
1132 3008 1161 3056 et
1183 3000 1241 3057 196

165 3087 276 3153 Haeo).
306 3103 392 3158 quam
418 3086 525 3141 nollem
549 3084 694 3151 Orellius,
724 3085 910 3143 incantores
934 3085 1060 3142 fortasse
1090 3103 1161 3141 ase
1184 3103 1243 3141 non

163 3180 305 3226 tractatas
328 3170 489 3244 attingens.
518 3169 700 3228 confudisset
727 3189 792 3227 cum
821 3172 975 3228 notissimo
1003 3169 1172 3226 discrimine
1200 3170 1243 3227 rei

164 3255 347 3331 expetendae
370 3256 486 3327 (bonae,
509 3251 563 3311 τοῦ
586 3249 720 3330 αἱρετοῦ)
744 3267 771 3313 et
795 3256 962 3331 seligendae
985 3256 1166 3326 (sumendae,
1189 3251 1244 3311 τοῦ

163 3337 298 3414 ληττοῦ).
338 3341 488 3397 Conliaiore
500 3341 566 3412 (sic)
579 3353 608 3395 et
624 3343 745 3397 conliniet
762 3343 902 3416 scriptum
921 3351 967 3397 est
983 3341 1012 3397 in
1027 3341 1092 3398 Pal.
1109 3344 1121 3395 1
1137 3350 1167 3396 et
1179 3339 1242 3416 Erl.

165 3423 209 3502 [et
234 3423 281 3501 B],
305 3428 445 3482 collr'acore
467 3427 496 3481 in
520 3426 564 3481 ed.
591 3427 665 3484 Ven.
685 3429 774 3488 1480,
798 3426 889 3494 Crat,
914 3427 1004 3485 vtes..
1028 3427 1118 3484 Man..
1142 3424 1243 3494 Grut,

164 3510 392 3585 posterioribus3
416 3512 444 3566 in
468 3511 534 3567 aliis
552 3511 627 3567 etin
646 3511 730 3569 codd.
750 3512 954 3583 deterioribus,
979 3511 1059 3570 Oxx.
1079 3520 1109 3567 et
1125 3511 1243 3580 nostris,

164 3605 225 3650 tum
250 3595 337 3650 otiam
363 3616 418 3670 mg.
442 3595 522 3653 Crat.
546 3605 575 3650 et
597 3596 661 3654 cod.
687 3598 762 3654 Mor.
784 3600 926 3654 colliroore.
963 3598 1022 3654 Pro
1043 3599 1136 3672 aliquo
1154 3596 1242 3653 etiam

165 3679 242 3738 Oxx.
267 3699 368 3736 omnes
391 3684 526 3755 ntiquom
549 3681 619 3736 alibi
643 3693 814 3739 annotatum
838 3702 896 3740 non
921 3693 974 3742 est.

249 3769 288 3821 sic
304 3784 353 3821 nos
369 3769 490 3823 rotimum
507 3771 534 3822 io
552 3768 626 3822 horris
637 3769 758 3824 dr'cimus.
782 3765 834 3848 [sic
899 3763 1054 3847 collioect.])
1078 3767 1242 3824 Edebatur:

163 3855 233 3906 sicut
255 3870 303 3906 uos
326 3854 446 3907 utilimum
467 3857 494 3907 in
517 3853 590 3907 bouis
612 3853 727 3908 dimone
749 3853 803 3922 (ita
821 3854 909 3910 etiam
929 3854 994 3910 Pal.
1012 3856 1025 3908 l
1041 3848 1096 3932 [B]
1108 3862 1138 3908 at
1150 3850 1243 3910 Gaius

164 3954 180 3991 e
203 3946 343 4009 quattuor
365 3937 426 3992 suis
450 3957 503 4010 pro
525 3939 665 4008 dicimus),
689 3941 728 3995 sic
751 3941 803 4007 itti,
820 3942 917 4013 facere
938 3941 1035 3999 omnia,
1058 3956 1129 4012 quoe
1146 3939 1243 4012 possit,

164 4031 194 4076 ut
215 4023 341 4078 colboeet.
377 4021 568 4078 Manifestum
592 4032 644 4078 est.
669 4023 747 4095 quod
770 4023 988 4080 recentissimos
1005 4023 1133 4080 editores
1150 4040 1187 4078 ne
1205 4022 1242 4077 ab

164 4107 231 4162 aliis
254 4107 370 4180 quidem
394 4108 561 4164 admonitos
584 4108 710 4163 sensisse
733 4108 838 4177 miror,
871 4109 1032 4164 orationem
1057 4126 1115 4164 non
1138 4107 1243 4163 cohae-

164 4211 229 4248 rere
257 4210 311 4248 nec
339 4193 497 4266 quidquam
521 4192 700 4267 respondere
727 4193 811 4249 initio
834 4193 1078 4269 comparationis:
1111 4193 1148 4250 Ut
1175 4196 1243 4249 enim

164 4281 190 4333 si
211 4288 283 4344 cet,
314 4296 368 4333 nec
391 4278 511 4334 omnino
534 4278 606 4342 dici,
635 4277 704 4334 huic
726 4280 863 4354 exemplo
893 4279 988 4335 simile
1011 4295 1075 4334 essa
1098 4295 1243 4335 summum

164 4364 283 4420 bouum.
319 4363 434 4420 Deinde
456 4373 553 4420 autem
577 4381 654 4437 quae
676 4363 749 4419 haec
771 4364 940 4420 coniunctio
962 4374 1023 4420 est:
1045 4366 1115 4420 secut
1135 4382 1183 4420 nos
1203 4395 1239 4406 -

164 4448 288 4517 dicimus,
310 4452 349 4506 sio
371 4451 412 4504 illi
425 4451 521 4522 socero
542 4445 620 4508 cet?
664 4447 819 4522 Quomodo
841 4449 919 4506 enim
942 4467 980 4506 ex
1002 4448 1101 4505 verbis
1123 4449 1244 4505 clusorem
