3030 5086
196 472 260 537 412
587 489 633 534 un
655 486 786 534 nmmos
808 487 880 535 non.

198 676 255 722 nos
272 677 368 722 unum
384 663 504 721 certum
520 656 628 721 vitium
645 656 835 721 consuetudo
853 656 966 720 Latine
977 657 1170 735 traducerem
1193 673 1277 721 nunc

198 760 280 825 omni
296 759 403 824 virtuti
431 758 538 822 vitium
567 757 723 822 contrario
752 757 876 822 nomine
898 758 1075 838 opponitur.
1119 758 1171 821 41.
1194 757 1276 821 Tum

196 860 262 926 ille:
284 861 342 926 His
364 860 407 942 igi
422 879 461 925 ur
482 859 528 924 ita
544 859 665 940 positis,
687 858 796 939 iuquit,
819 859 960 940 sequitur
976 877 1091 940 magna
1107 858 1276 938 contentio,

197 982 290 1044 quam
308 968 474 1027 tractatam
491 960 740 1041 aPeripateticis
757 960 878 1025 mollius
893 962 958 1042 (est
974 961 1055 1026 enim
1076 979 1183 1024 eorum
1200 978 1276 1026 con·

158 1064 179 1131 5
197 1066 328 1129 svetudo
355 1063 478 1128 dicendi
505 1081 568 1127 non
591 1062 668 1128 satis
690 1067 781 1127 acuta
803 1069 935 1144 propter
955 1061 1182 1144 ignorationem
1205 1061 1277 1126 dia·

196 1165 337 1244 lecticae)
365 1165 543 1231 Carneades
577 1169 650 1229 tuus
679 1165 805 1246 egregia
832 1165 968 1244 quadam
996 1163 1216 1229 exercitatione
1242 1163 1276 1226 in

178 1265 366 1355 ¹dialecticis
388 1284 571 1346 summaque
594 1266 858 1347 eloquentiorem
882 1266 914 1329 in
937 1283 1091 1330 summum
1108 1264 1276 1329 discrimen

197 1368 336 1447 adduxit
359 1375 528 1449 propterea
550 1368 634 1449 qnod
656 1385 798 1448 pugnare
819 1385 881 1431 non
905 1366 1034 1445 destitit
1056 1367 1086 1431 in
1110 1365 1193 1430 omni
1215 1365 1277 1430 hac

269 1577 287 1621 i.
307 1571 350 1619 loc
368 1572 424 1635 (pro
443 1572 513 1634 nnnc)
532 1569 652 1621 LPMCR
695 1576 718 1619 3.
739 1570 783 1636 [lis
802 1586 852 1620 om.
871 1569 905 1638 A]
953 1576 975 1618 t.
995 1586 1056 1633 quae
1072 1578 1222 1634 pervastata
1240 1577 1276 1619 ert

197 1639 240 1690 LO
276 1638 399 1688 molliora
434 1655 512 1688 eorum
531 1639 613 1687 om.E
650 1643 672 1689 b.
692 1638 890 1689 dicordiam?
927 1643 950 1690 t.
969 1655 981 1687 e
1001 1637 1276 1704 Grecm(proe9reqia)

199 1706 269 1776 [n1P
287 1724 317 1757 ex
338 1705 428 1757 Gracia
447 1708 469 1755 Ε
506 1712 529 1755 8.
552 1705 621 1773 [qaid
640 1706 673 1773 Α]

282 1900 351 1937 trane
378 1883 449 1936 omrai
474 1878 579 1952 virtuts)
603 1878 653 1938 Sic
676 1879 803 1936 Munatii
825 1878 901 1936 liber
923 1888 1023 1948 vetus,
1053 1898 1109 1954 mg.
1133 1878 1229 1948 Crat,
1258 1897 1275 1936 e

197 1965 261 2022 Pal.
279 1970 290 2021 l
307 1957 393 2023 Grtc.
413 1974 443 2021 et
458 1964 647 2033 recentiores,
667 1964 744 2040 Spir.
757 1959 822 2045 [B].
850 1965 911 2020 Hoc
928 1963 1006 2021 Oxx.
1025 1973 1054 2020 et
1072 1962 1140 2022 Gaii
1157 1963 1275 2039 reliqui.

284 2054 332 2107 41.
356 2069 438 2124 quam
455 2059 599 2106 tractatam
615 2082 657 2092 -
678 2050 833 2106 Carneades
852 2082 887 2090 -
908 2048 977 2123 rem)
998 2047 1047 2107 Sic
1064 2048 1141 2107 Pell.
1161 2052 1187 2119 1,
1201 2050 1230 2118 4,
1244 2050 1273 2117 b,

196 2136 281 2194 Parr.
299 2138 324 2204 1,
339 2136 366 2207 3,
379 2131 488 2204 Meam,
502 2133 580 2210 Spir.
593 2131 657 2215 [B]‚
670 2133 749 2192 Gud.
760 2137 793 2204 23
817 2134 946 2191 restituit
958 2134 1038 2209 (post
1051 2135 1077 2191 R
1089 2144 1119 2190 et
1130 2134 1276 2207 Marsum)

197 2219 364 2287 Gruterus.'
399 2219 517 2294 Reliqui
546 2219 629 2277 codd.
657 2218 806 2293 (universe
835 2238 886 2276 eos
914 2217 1044 2295 appellet
1068 2219 1158 2290 Dan,
1182 2217 1275 2290 Oxx.‚

197 2304 275 2363 Gud.
306 2311 316 2363 l
345 2315 374 2364 et
396 2306 494 2377 Bas.):
522 2324 592 2380 qnae
608 2314 779 2379 pertractata
801 2315 855 2374 est,
884 2304 961 2379 quod
985 2303 1100 2360 etiamsi
1124 2303 1275 2361 meliorem

196 2391 401 2447 auctoritatem
420 2390 551 2460 haberet,
575 2388 646 2447 ferri
670 2408 727 2446 non
745 2397 855 2465 posset,
878 2389 957 2463 quod
974 2399 1079 2446 novem
1099 2389 1274 2447 sententiam

197 2475 226 2531 in
255 2475 353 2532 verbis
385 2476 539 2532 Carneades
567 2484 623 2533 cet.
654 2474 758 2533 Cicero
786 2493 844 2532 non
873 2482 933 2531 tam
961 2475 1087 2549 abrupte
1115 2492 1275 2532 exorsurus

197 2571 261 2617 erat
283 2579 336 2617 nec
359 2560 409 2617 illo
434 2560 588 2617 verborum
612 2559 724 2617 ordine.
757 2560 893 2616 Alteram
911 2559 1097 2634 scripturam,
1121 2577 1196 2633 quae
1219 2558 1277 2616 fuit

196 2645 225 2702 in
249 2645 349 2702 codice
372 2645 527 2720 primario,
551 2645 687 2702 Bromius
709 2645 939 2703 etrecentiorss
961 2644 1130 2701 anacoluthi
1154 2662 1275 2702 excuss·

197 2730 276 2788 tione
299 2728 474 2799 defendunt3
502 2748 578 2804 quae
606 2739 704 2786 tamen
732 2749 769 2787 an
793 2749 850 2786 non
874 2728 1017 2800 sufficiet,
1046 2748 1104 2786 non
1127 2728 1275 2786 Immerito

197 2815 321 2872 dubites.
356 2815 432 2872 Nem
451 2823 483 2872 ut
500 2815 644 2885 omittam,
667 2814 777 2872 nullam
798 2815 827 2872 in
847 2825 904 2871 tam
924 2814 1007 2870 brevi
1025 2813 1193 2890 parenthesi
1212 2832 1274 2871 rnu-

196 2900 302 2957 tendae
331 2900 557 2957 constructionis
580 2918 698 2958 causam
722 2899 813 2958 fuisse
836 2897 952 2972 (referri
976 2899 1052 2956 enim
1077 2907 1188 2974 potest,
1217 2917 1274 2956 non

196 2986 289 3042 multo
317 2985 456 3042 maiorem
485 2985 577 3043 fuisse
600 2990 614 3056 ξ
642 2987 694 3056 11,
724 3003 900 3061 quemquem
928 2984 970 3041 ibi
998 2983 1057 3041 alia
1085 2992 1148 3041 erat
1176 3002 1274 3055 causa,

196 3079 237 3140 ut,
261 3070 353 3128 ascito
376 3071 467 3127 verbo
490 3071 616 3139 arbitror,
641 3070 810 3139 modestius,
834 3088 920 3145 quam
945 3078 1050 3147 coepta
1069 3078 1155 3140 esset,
1179 3070 1275 3128 oratio

195 3155 341 3228 finiretur)
361 3189 401 3198 —
425 3156 475 3213 sed
498 3165 531 3212 ut
553 3155 607 3212 hoc
630 3156 774 3226 omittam,
798 3155 893 3213 oratio
915 3173 973 3212 non
997 3163 1136 3223 mutatur,
1159 3155 1211 3222 sed
1233 3155 1276 3212 ita

196 3241 297 3298 eadem
320 3239 415 3297 forma
439 3241 641 3311 continuetur,
666 3250 711 3308 ut,
734 3240 759 3297 si
782 3240 936 3297 sustuleris
958 3259 1027 3308 rem,
1051 3240 1150 3297 omnia
1172 3240 1275 3298 ordine

195 3326 371 3401 procedant;
406 3325 510 3382 deinde
544 3326 608 3401 ipse
641 3326 713 3383 ordo
742 3326 898 3382 verborum
927 3325 1097 3398 (Carneades
1126 3335 1187 3382 tuas
1210 3335 1274 3394 cst,

195 3411 328 3474 subiecto
350 3410 435 3468 initio
459 3411 567 3486 posito)
586 3411 704 3468 minime
726 3420 813 3486 aptus
831 3411 948 3467 videtur
970 3410 1096 3467 orationi
1119 3419 1186 3487 post
1208 3430 1275 3486 per·

195 3495 330 3553 euthasio
358 3495 388 3552 in
417 3495 503 3553 aliam
533 3494 657 3553 formam
681 3496 859 3564 transeunti,
889 3495 940 3552 sed
968 3494 1089 3570 periodo
1117 3503 1197 3552 recte
1225 3496 1275 3552 de·

195 3581 333 3638 currenti.
378 3581 516 3638 Tollendi
540 3581 652 3651 mendi,
676 3581 701 3638 si
725 3580 860 3638 mendum
884 3590 937 3650 est,
962 3579 1071 3656 duplex
1095 3590 1140 3636 est
1161 3580 1219 3649 via,
1243 3589 1276 3637 nt

195 3675 328 3723 eut‘cum
342 3665 461 3742 Gnyeto
478 3667 638 3724 scribatur:
661 3686 717 3740 qam
734 3676 859 3734 tractata,
882 3674 942 3735 aut,
967 3684 1024 3739 quo
1043 3666 1135 3740 magis
1155 3665 1274 3737 inclino,

195 3751 328 3808 deleatur
351 3771 419 3821 rem3
443 3772 520 3823 narn,
544 3752 594 3826 qui
612 3751 748 3808 subtilius
771 3752 844 3808 haec
866 3751 1007 3826 exegerit,
1030 3752 1167 3826 reperiet,
1191 3751 1275 3810 Cice·

195 3854 296 3893 ronem
325 3837 376 3893 illo
405 3837 536 3910 ablativo
569 3837 599 3893 in
629 3837 784 3894 contrariis
813 3835 1025 3911 coniungendis
1054 3846 1083 3892 et
1110 3836 1275 3893 mutatione

158 3922 160 3925 ’
195 3921 387 3997 significanda
410 3941 466 3978 uon
490 3921 578 3979 facile
595 3922 638 3978 uti
654 3924 726 3994 (carn
743 3933 811 3980 esset
828 3931 945 3978 tractata
962 3924 1076 3978 mollius.
1098 3923 1274 3995 Carneadeo).

195 4005 281 4080 Quod
305 4006 422 4065 Stoicus
445 4007 653 4082 Peripateticis
676 4008 848 4065 dialecticae
871 4007 1085 4082 ignorationem
1109 4007 1214 4077 obicit,
1238 4007 1274 4062 ds

194 4091 240 4161 iis,
264 4094 313 4166 qui
338 4102 404 4167 post
416 4092 652 4166 Theophrastum
676 4092 805 4163 fuerunt,
829 4111 887 4148 non
907 4091 1054 4149 immerito
1072 4092 1128 4148 dici
1148 4092 1273 4161 videtur,

194 4195 267 4251 quos
291 4176 399 4236 Strabo
417 4178 498 4235 XIII
516 4197 543 4251 p.
565 4178 624 4234 609
649 4176 775 4236 Casaub.
800 4178 841 4235 ait
864 4196 921 4234 non
946 4177 1077 4251 potuisse
1100 4173 1274 4249 φιλοσοφεῖν

194 4259 414 4338 πραγματικῶς,
439 4252 514 4319 ἀλλὰ
538 4255 637 4326 θέσεις
660 4255 842 4337 insubrium,
866 4280 1042 4335 quamquam
1067 4261 1095 4317 in
1120 4261 1274 4336 perturba·

194 4345 325 4403 tionibus
353 4347 443 4404 animi
467 4345 670 4420 similibusque
699 4347 786 4404 rebus
814 4366 872 4404 non
902 4347 964 4402 sine
992 4365 1083 4403 causa
1106 4346 1271 4404 Stoicorum

193 4435 288 4505 spinas
306 4434 446 4506 purtimrdi
467 4443 490 4489 et
513 4433 656 4506 definiendi
672 4433 920 4508 praetermittebant
942 4433 1043 4506 (Tusa.
1066 4433 1121 4501 Ν,
1147 4432 1187 4505 9).
