3030 5086
513 382 557 444 ar
581 396 662 444 nan.
685 396 748 443 mn.
771 397 783 442 1
805 397 878 444 cnr.
900 401 922 447 s.
942 396 1006 459 (re.)
1259 379 1301 444 35
1345 452 1348 458 ,

215 565 298 644 vult,
320 573 353 630 et
374 564 450 630 dicit
469 565 577 645 plane,
600 565 684 645 quod
706 564 898 644 intellegam3
929 571 1086 629 ettamen
1109 581 1167 645 ego
1189 583 1210 627 a
1231 563 1300 643 phi·

216 667 368 749 losopho,
396 665 559 732 malforat
581 665 803 747 eloquentiam,
832 685 894 730 non
916 683 1082 746 aspernor,
1111 665 1137 730 si
1159 683 1221 729 non
1243 664 1301 729 ba·

219 767 305 848 beat,
328 787 390 833 non
411 768 582 833 admodum
603 765 756 847 flagitem
779 787 814 833 re
835 767 911 832 mihi
932 785 995 831 non
1017 785 1117 847 aeque
1139 765 1300 844 5511515511,

220 870 401 952 etquidem
423 870 501 935 locis
516 869 667 951 pluribus.
701 867 763 933 Sed
785 875 862 950 quot
877 869 1026 947 homines,
1048 874 1097 932 tot
1112 868 1300 946 sententiam

218 969 288 1036 falli
310 972 406 1053 igitur
426 989 604 1053 possumus.
644 971 853 1050 Quamobrem
875 971 1011 1048 tandem,
1033 969 1142 1050 inquit,
1164 988 1227 1033 non
1249 986 1300 1033 sa·
1318 971 1342 1036 5

219 1073 360 1138 tisfaeit‘?
386 1080 418 1138 te
444 1071 527 1138 enim
548 1071 682 1136 iudicem
703 1090 838 1153 aequum
860 1078 952 1152 puto,
979 1072 1085 1150 modo,
1113 1089 1195 1152 quae
1217 1069 1302 1135 dicat

295 1281 316 1328 1.
342 1274 424 1343 [55551
441 1273 638 1343 5511595551]
681 1291 722 1339 epo
746 1291 795 1326 om.
815 1275 980 1324 LPMCROr.
1023 1280 1048 1324 1.
1071 1273 1189 1337 omisserit
1206 1286 1300 1323 omnes.

220 1352 247 1397 ⁴.
267 1352 289 1394 at
307 1342 447 1409 equt'darnL
471 1342 618 1409 5155151511
655 1348 677 1390 5.
698 1341 869 1408 [5555155551]
889 1342 1042 1393 1555515551
1071 1342 1091 1390 L
1127 1341 1243 1403 5511515511
1256 1341 1303 1390 alt

220 1554 282 1592 eam
303 1544 423 1610 555155,
451 1534 574 1590 5155151
592 1533 814 1603 5515555555,
848 1532 904 1590 hoc
926 1542 984 1600 est,
1012 1535 1102 1589 551555
1124 1551 1181 1589 5555
1202 1526 1303 1610 velam]

219 1619 303 1695 Ergo
325 1619 374 1676 hic
395 1636 512 1692 555555
534 1617 672 1674 55515551
694 1618 795 1674 eadem
812 1627 873 1675 'aut
894 1617 1003 1675 similia
1026 1618 1141 1675 Latinis
1162 1617 1192 1673 in
1215 1626 1300 1673 natu·

220 1705 278 1762 rali
308 1703 452 1761 sermonis
480 1720 581 1769 cursu,
615 1720 690 1776 qnae
712 1703 808 1760 nobis.
857 1703 962 1759 Restat
994 1704 1063 1759 illud
1089 1721 1143 1778 pro
1169 1704 1233 1759 illac
1263 1720 1301 1759 ex

221 1784 309 1870 [AB]
325 1789 389 1848 ml.
408 1798 439 1844 51
455 1788 481 1845 L
499 1797 659 1862 receptum.
693 1787 748 1844 Est
769 1790 824 1845 hoc
847 1806 884 1844 ex
906 1797 1069 1863 pervagato
1091 1805 1197 1864 genere
1215 1804 1303 1844 accu-

221 1874 384 1932 sativornm
407 1872 670 1947 pronominalium,
698 1872 749 1946 qui
776 1872 862 1930 initio
890 1873 1054 1930 sententiae
1082 1873 1121 1929 ad
1147 1891 1208 1929 rem
1237 1871 1301 1929 uni·

222 1977 307 2016 verse
329 1957 550 2033 significandam
573 1957 642 2032 poni
663 1957 768 2028 solent,
792 1957 847 2015 etsi
863 1957 977 2014 nnllnm
994 1957 1164 2015 accusativo
1181 1956 1301 2031 proprie
1356 2012 1359 2017 .

221 2053 323 2119 aptum
346 2043 468 2099 verbnm
492 2042 649 2112 subicitur,
682 2050 716 2099 ut
742 2060 808 2099 cnm
837 2042 959 2099 dicitur:
993 2043 1053 2100 Hoc
1081 2047 1199 2111 1555555,
1232 2043 1304 2099 illud

223 2130 272 2186 ta'bt'
290 2131 437 2197 5555511155,
465 2127 528 2184 vel:
551 2129 619 2201 quid
640 2131 690 2184 5151
712 2127 760 2183 tibi
780 2137 887 2197 auctor,
916 2127 978 2183 vel:
1006 2129 1214 2201 quodquidam
1235 2145 1302 2185 auc·

222 2224 293 2271 torae
314 2222 377 2271 sant
397 2212 476 2286 (Liv.
498 2212 620 2282 XXIII,
648 2214 695 2282 16,
722 2213 768 2281 15,
796 2213 902 2282 XXX,
926 2213 975 2281 26,
1001 2213 1046 2286 7),
1074 2212 1122 2269 vel
1145 2212 1249 2269 etiam:
1271 2213 1303 2268 51

221 2318 331 2375 operum
352 2299 388 2354 do
410 2298 490 2368 (Ter.
513 2297 608 2354 Andr.
631 2299 655 2366 1,
682 2300 708 2366 1,
736 2296 804 2367 130,
826 2297 869 2367 Π,
896 2299 921 2367 1,
947 2299 992 2370 7),
1015 2297 1066 2353 nbi
1088 2297 1158 2354 olim
1182 2296 1300 2372 ellipsin

220 2382 407 2461 grammatici
429 2382 614 2438 advocabant
636 2381 785 2456 (Reddim.
807 2383 840 2439 11
859 2401 887 2456 p.
903 2384 972 2451 148,
996 2391 1056 2439 551.
1082 2383 1120 2439 10
1139 2391 1168 2439 51
1186 2401 1215 2457 p.
1231 2383 1302 2450 160,

221 2468 401 2527 Ramaborn.
424 2486 453 2542 p.
467 2466 549 2541 394).
594 2465 662 2544 [Gr.
686 2467 752 2524 Lat.
776 2464 889 2543 12211]

312 2553 360 2610 15.
382 2561 515 2609 ettamen
538 2571 584 2624 555
604 2572 623 2607 5
640 2553 813 2626 pbuoaopbo)
835 2553 898 2625 Epo
919 2551 1024 2609 habuit
1045 2551 1133 2608 etiam
1146 2549 1212 2629 [B]
1235 2551 1300 2619 cod.

221 2639 302 2695 vict
315 2632 452 2695 Formam
470 2636 612 2694 orationis
629 2636 716 2694 buius
731 2636 789 2693 loci
806 2636 955 2693 declaravi
970 2637 1000 2694 in
1012 2637 1156 2694 Emendd.
1166 2636 1302 2696 Ciceron.

220 2742 252 2799 p.
266 2723 319 2802 50,
339 2721 400 2792 nbi,
423 2721 602 2796 comparatis
624 2721 770 2780 similibus
793 2721 937 2796 exemplis
959 2721 1008 2795 (ad
1031 2722 1114 2779 Fam.
1137 2723 1195 2793 Ill,
1219 2722 1247 2793 8,
1272 2722 1300 2790 7,

220 2826 277 2883 pro
299 2806 364 2864 Mil.
388 2807 437 2876 33,
461 2806 497 2862 55
519 2807 559 2865 N.
583 2807 621 2864 D.
645 2807 676 2878 1,
700 2807 750 2877 23,
773 2807 854 2876 51115,
877 2805 1002 2865 Graecis
1024 2811 1153 2881 quoqne)
1175 2806 1300 2877 ostendi,

221 2891 394 2967 primariam
418 2892 593 2948 sententiam
616 2892 692 2948 hanc
715 2910 794 2948 esse:
823 2911 842 2947 5
864 2892 1026 2966 philosopho
1054 2894 1229 2965 eloquentiam
1250 2911 1303 2948 555

215 2980 352 3050 11551155,
380 2976 433 3032 555
461 2976 487 3032 51
516 2976 659 3032 adiectam
689 2976 942 3043 observationem,
970 2994 1035 3032 cum
1060 2986 1173 3050 posset,
1201 2985 1303 3033 nostro

222 3081 304 3118 mora
337 3061 427 3118 etiam
460 3061 600 3130 deberet,
637 3080 690 3135 per
723 3060 941 3118 concessionem
976 3060 1124 3136 interponi
1157 3064 1219 3134 (eoi
1250 3080 1302 3117 non

221 3148 371 3222 napamer),
395 3163 432 3202 ex
455 3164 550 3219 aequo
572 3146 755 3202 interiectam
779 3164 852 3203 esse.
897 3144 959 3204 cfr.
982 3145 1019 3202 ad
1041 3147 1080 3215 V,
1104 3147 1154 3203 89.
1203 3146 1303 3202 Tamen

223 3231 328 3291 Cicero
351 3231 441 3301 dixit,
465 3230 544 3304 quod
566 3231 742 3287 sententiam
766 3230 802 3286 55
825 3249 860 3288 eo
883 3230 1031 3306 adiungit,
1060 3230 1095 3286 de
1118 3250 1177 3304 qno
1200 3230 1302 3304 quaeri

222 3336 282 3374 non
309 3332 429 3372 5555555
458 3315 509 3379 511,
538 3333 603 3371 eum
632 3316 690 3372 iam
718 3316 909 3386 concesserit,
938 3316 1098 3391 Epicurum
1127 3315 1200 3373 55115
1227 3316 1302 3372 5555

223 3401 313 3475 15551.
350 3397 475 3480 [Fallere
498 3400 624 3458 etiamB
642 3409 672 3456 et
683 3400 762 3458 011.
785 3401 852 3471 duo,
875 3401 904 3457 15
928 3410 981 3471 551,
1005 3419 1106 3457 omnes
1128 3410 1246 3475 praeter
1263 3402 1302 3471 A,

224 3486 317 3543 51515
340 3485 483 3542 edebatur
505 3495 574 3542 ants
596 3481 732 3563 Aldum.]

307 3583 360 3626 nob
388 3589 472 3643 aeque
499 3572 646 3643 5551515511)
680 3570 819 3643 8515515511
852 3569 940 3626 etiam
969 3565 1034 3649 [B,]
1063 3569 1143 3628 Oxx.
1173 3562 1244 3640 Εξψ
1272 3578 1303 3625 51

226 3655 378 3730 „plerique
400 3655 462 3711 fera
485 3655 587 3711 codd.“
614 3654 691 3712 Gaii.
737 3653 797 3713 Sed
825 3655 903 3728 qnod
931 3673 1053 3730 perse,
1083 3673 1148 3711 cnm
1178 3654 1215 3710 55
1243 3654 1302 3710 lec·

224 3741 312 3797 tionis
335 3749 452 3813 tempus
468 3739 638 3807 referretur,
660 3748 740 3795 recte
759 3738 914 3809 diceretur,
938 3730 997 3796 hic¹
1008 3740 1085 3796 inter
1101 3749 1199 3795 cetere
1215 3757 1302 3811 prae·

225 3825 319 3882 sentia
340 3824 413 3881 ferri
435 3824 546 3898 nequit.
591 3825 630 3881 Et
654 3843 722 3880 mox
745 3833 823 3880 recte
836 3819 921 3903 [AB]
944 3824 1005 3880 Erl.
1028 3833 1058 3880 et
1080 3823 1143 3881 eod.
1157 3824 1237 3881 Vict.
1260 3824 1302 3896 (id

225 3919 282 3970 551.
310 3909 428 3984 optimi)
455 3908 557 3965 etalii
580 3909 715 3966 nonnulli
737 3911 885 3982 emissaria
914 3926 980 3964 narn
1010 3908 1052 3964 ibi
1080 3912 1210 3983 satisfecit
1238 3919 1301 3965 155-

225 4003 285 4051 tum
308 4013 347 4050 ex
370 3994 396 4050 Ε
418 4002 546 4053 5515155.

304 4080 444 4154 pluribus)
472 4079 540 4135 Non
563 4089 681 4135 secutus
703 4097 767 4134 sum
790 4075 831 4155 [B
854 4076 898 4154 et]
921 4077 997 4145 ura,
1028 4077 1108 4151 quod
1135 4076 1187 4133 illo
1215 4076 1302 4133 modo

226 4164 271 4220 vel
304 4164 410 4240 optimi
443 4163 526 4220 codd.
560 4164 712 4231 aberrent,
747 4162 835 4219 etiem
869 4163 920 4219 ubi
953 4181 1074 4237 prorsus
1106 4162 1224 4237 ineptus
1257 4171 1303 4218 est

226 4249 437 4325 superlativum
460 4248 519 4305 vid.
542 4248 695 4307 0551155
718 4247 780 4306 Cic.
803 4248 897 4306 5511.
922 4248 956 4304 P.
979 4249 1003 4316 I,
1030 4249 1078 4304 12.

309 4345 373 4409 quot
395 4336 519 4405 15151555,
543 4345 579 4390 151
601 4336 756 4407 sententiae)
778 4334 897 4390 Terent.
921 4332 1041 4390 Phorm.
1063 4333 1105 4404 11,
1129 4333 1158 4403 4,
1184 4333 1232 4388 14.

1061 4446 1096 4495 3*
