3030 5086
427 496 470 540 nr
495 496 574 541 arar„
597 495 659 540 rna.
686 497 705 540 v
728 495 800 540 cnr.
823 498 931 544 na-rr.
946 495 1077 555 ire-so.)
1231 476 1294 539 745

218 665 344 729 oraculo
367 664 484 728 editur:
513 664 638 727 ··Virtus
660 664 701 727 ad
724 664 815 728 beate
831 664 995 726 vivendum
1013 681 1048 726 se
1064 663 1131 743 ipsa
1149 671 1294 726 contenta

219 775 297 844 est“,
322 767 446 845 Quare?
468 766 583 845 inquit;
606 764 790 846 respondet:
816 765 924 843 „Quia
947 764 1007 828 nisi
1028 765 1114 845 quod
1132 764 1295 828 honesturn

217 880 274 947 est,
297 867 414 932 nullum
442 874 491 930 est
512 868 596 930 aliud
619 866 761 931 bonum.“
807 866 879 930 Non
902 885 1018 946 quaero
1042 866 1118 944 iam,
1146 884 1293 930 verumne

218 972 272 1049 sit,
296 971 373 1033 illud
398 970 476 1047 dico,
500 987 546 1045 ea,
570 987 649 1049 quae
667 968 758 1046 diem,
781 968 943 1049 praeclare
964 968 1045 1032 inter
1067 971 1102 1032 se
1119 967 1293 1031 cohaerere.

218 1073 268 1138 80.
292 1071 412 1135 Dixerit
435 1070 493 1133 hoc
510 1071 591 1134 idern
608 1068 771 1150 Epicurus,
794 1088 920 1150 semper
936 1069 1062 1133 beatum
1084 1087 1154 1134 esse
1169 1069 1334 1148 sapien-5
1415 1057 1422 1072 ’

218 1183 295 1252 tern;
314 1174 398 1253 quod
416 1172 541 1252 quidem
558 1172 638 1236 solet
655 1171 784 1235 ebullire
797 1168 1040 1254 nonnumquam
1058 1189 1149 1252 quern
1162 1171 1294 1250 quidem,

288 1349 309 1391 2
330 1341 457 1406 respondes
476 1342 545 1402 ng.
592 1347 613 1391 5.
633 1341 731 1390 laecE
754 1341 846 1404 quidem
866 1343 921 1405 (pro
941 1341 1010 1395 idem)
1030 1341 1075 1390 CR
1120 1345 1141 1390 6,
1162 1339 1220 1402 quid
1237 1341 1293 1404 (pro

218 1411 291 1475 quod)
312 1413 332 1459 a
355 1410 434 1473 quiC
469 1409 528 1459 soter
546 1427 586 1458 om
616 1411 637 1458 E
674 1408 831 1458 ebullirernE

218 1554 327 1617 seatium
356 1550 507 1622 utriusque
536 1549 612 1605 enirn
641 1549 783 1605 rationem
814 1559 844 1603 et
871 1567 987 1603 causam
1018 1547 1166 1620 explicare
1195 1547 1291 1603 debet.

219 1639 323 1708 ltaque
346 1634 482 1709 prirnurn,
506 1635 640 1690 absoluta
665 1635 718 1689 bac
741 1634 851 1708 protasi
869 1635 1077 1707 (contentarer),
1101 1632 1183 1706 sequi
1206 1632 1293 1687 deba·-

219 1723 275 1776 bat'
286 1720 433 1795 apodosis,
451 1739 525 1793 quae
538 1719 665 1775 Zenonis
682 1719 865 1775 constantiae
883 1718 1109 1774 declarationem
1123 1718 1294 1785 contineret,

221 1807 326 1863 deinde
350 1816 457 1869 autern,
481 1824 557 1861 nova
575 1804 684 1878 protasi
705 1805 809 1879 posita,
833 1804 926 1859 altera
948 1803 1095 1877 apodosis,
1119 1820 1194 1874 quae
1217 1812 1294 1858 cete·
1347 1850 1350 1859 .

218 1910 266 1947 ros
284 1911 301 1945 o
319 1910 349 1945 se
367 1890 521 1945 dissentire
539 1891 716 1955 ostenderet,
741 1891 794 1945 hac
812 1889 873 1945 fare
892 1888 1033 1944 orationis
1053 1886 1161 1943 forma:
1186 1886 1293 1959 „Quian

218 1994 283 2032 curn
308 1994 325 2030 a
347 1976 465 2031 Zenone
494 2008 540 2034 —,
565 1974 631 2029 huic
654 1975 772 2030 decreto
796 1974 943 2039 convenit,
967 1972 1043 2045 quod
1062 1972 1180 2041 iudicat,
1205 1972 1294 2028 hone·

164 2064 167 2069 ’
219 2072 294 2117 aturn
319 2075 412 2116 sotum
438 2061 544 2117 bonurn
568 2079 647 2127 esse;
674 2078 739 2115 curn
763 2061 800 2115 ab
824 2059 953 2133 Epicuro
976 2057 1097 2112 vobisve
1121 2057 1196 2112 idem
1220 2056 1317 2112 illud-

219 2146 335 2210 dicitur,
359 2156 537 2219 repugnant,
562 2164 637 2219 quae
660 2145 695 2201 de
719 2145 802 2200 bonis
826 2155 856 2199 et
877 2144 961 2199 malis
985 2142 1142 2198 statuitis.“
1188 2140 1294 2198 Cicero

219 2232 380 2287 orationem
404 2231 577 2286 ‘riridiorem
603 2229 733 2285 efficiens
755 2248 791 2284 ne
814 2230 843 2285 in
862 2229 959 2303 priore
976 2227 1092 2299 quidem
1112 2238 1194 2300 parte
1213 2226 1293 2282 illam

218 2316 342 2373 formant
367 2316 470 2380 tenuit,
494 2315 558 2372 sed.
583 2314 701 2370 inducta
724 2314 962 2388 interrogationis
985 2323 1014 2367 et
1037 2313 1170 2385 responsi
1192 2312 1294 2383 fignra,

218 2401 370 2474 apodosin,
394 2404 417 2458 sl
442 2400 477 2455 de
500 2399 692 2473 grammatica
711 2399 824 2454 ratione
843 2398 1019 2473 quaerimus,
1043 2397 1072 2451 in
1096 2398 1187 2453 verbo
1209 2400 1296 2471 inquit

167 2534 170 2537 .
218 2485 350 2560 (aliquis)
373 2486 534 2549 constituit,
559 2485 595 2538 ad
620 2483 791 2557 particulam
816 2488 880 2557 quio
901 2501 956 2538 non
977 2493 1054 2555 apte,
1078 2482 1148 2555 quia
1165 2482 1294 2537 nondum

218 2570 382 2627 absolvitur
411 2570 592 2626 constantiae
621 2568 786 2628 Stoicorum
816 2567 1000 2643 significatio.
1056 2567 1161 2639 Itaque
1190 2566 1237 2622 bic
1265 2567 1295 2622 in

218 2660 282 2730 quia
306 2655 427 2710 eandenr
448 2655 589 2710 habentus
607 2654 728 2728 figuram
748 2654 889 2709 orationis
907 2672 963 2708 non
983 2653 1080 2710 statirn
1099 2652 1193 2720 adid,
1217 2651 1294 2724 quod

218 2741 365 2816 particula
383 2741 531 2814 expectari
556 2739 646 2804 iubet,
672 2739 894 2813 progredientis.
919 2757 1005 2811 quarn
1024 2738 1060 2793 ad
1079 2738 1103 2802 I,
1121 2738 1157 2793 18
1180 2737 1210 2793 in
1227 2740 1295 2792 enim

219 2835 248 2881 et
272 2834 363 2898 itaque
385 2825 541 2881 declaravi.
577 2823 653 2901 [Cir.
672 2824 719 2879 bic
737 2824 826 2891 11,6;
849 2824 938 2880 Tusa
958 2825 993 2879 V.
1009 2820 1075 2899 32]
1109 2821 1141 2880 C.
1158 2821 1295 2895 Sigonius

219 2921 249 2966 et
267 2911 419 2966 Manutius
441 2930 499 2966 cant
523 2910 672 2965 abundare
695 2909 848 2984 putabant,
873 2927 929 2962 non
954 2909 1230 2972 animadvertentes,
1254 2906 1296 2961 sic

219 2995 329 3051 nullam
354 2994 474 3051 omnino
497 2994 569 3055 eiua,
594 3013 679 3067 quarn
704 2997 769 3066 quib
792 2993 944 3068 promittit,
968 2991 1131 3049 sententiae
1150 2991 1296 3066 significa·

219 3081 328 3136 tionem
352 3098 425 3134 ease.
471 3080 659 3136 Recentiores
683 3080 750 3134 inde
778 3097 796 3133 a
815 3078 942 3134 Daviaio
965 3079 1027 3151 (qui
1051 3077 1139 3134 scribi
1164 3077 1296 3143 volebat3

219 3173 325 3239 quare?
343 3168 494 3237 inquirenti,
512 3166 664 3237 respondet)
676 3174 820 3220 conantur
838 3164 980 3237 apodosin
1000 3163 1028 3218 in
1047 3163 1138 3219 verbo
1155 3165 1297 3235 respondet

218 3250 397 3307 constituere
415 3251 509 3320 (velut
526 3250 662 3305 Brernins
685 3249 846 3305 scribebat:
874 3256 978 3322 qnare!
1000 3253 1025 3304 si
1040 3250 1163 3322 quoeris,
1188 3266 1296 3320 respon·

219 3337 289 3408 det);
319 3336 359 3391 ita
387 3336 468 3410 prior
498 3354 565 3408 pars
588 3335 766 3399 absolvitur,
795 3334 918 3389 alteram
948 3334 1050 3389 deesse
1079 3351 1135 3388 non
1164 3331 1295 3388 animad-

218 3431 345 3477 vertunt.
392 3420 595 3494 (Coniecturae
620 3420 685 3476 illas
708 3419 839 3475 ordinem
863 3420 1035 3487 verborum,
1065 3417 1236 3493 praesertim
1266 3418 1295 3472 in

218 3506 302 3562 initio
331 3506 484 3580 apodosis,
514 3524 635 3580 pravum
666 3515 695 3561 et
722 3515 887 3561 contortum
917 3505 1040 3569 habere,
1069 3523 1105 3559 ex
1134 3503 1297 3559 abundanti

219 3591 307 3664 dico.)
341 3591 470 3648 Orellius
493 3591 689 3647 anacoluthon
713 3590 769 3646 hoc
791 3609 855 3646 essa
879 3600 972 3665 putat,
996 3587 1121 3645 fortasse
1144 3606 1202 3644 non
1223 3588 1296 3643 rnul-

218 3686 278 3732 tum
303 3677 473 3750 discrepans
496 3679 532 3731 ab
556 3696 590 3731 ea
613 3676 736 3737 ratione,
759 3694 846 3749 quarn
871 3674 1004 3749 exposui.

305 3763 354 3818 80.
385 3762 433 3817 laec
461 3759 544 3837 idern)
573 3762 622 3818 Sic
651 3758 696 3840 [ut
726 3761 814 3817 etiam
844 3756 883 3839 B]
912 3759 998 3818 Grut.
1028 3758 1143 3814 e'Pall.
1167 3760 1183 3813 4
1209 3768 1238 3814 et
1263 3758 1296 3824 6;

218 3866 284 3902 narn
301 3855 388 3902 antea
400 3847 542 3902 edebatur
554 3849 669 3920 quidem,
687 3845 764 3920 quod
782 3855 846 3902 erat
862 3846 891 3901 in
905 3845 983 3902 Oxx.
1005 3845 1150 3909 omnibuS,
1169 3841 1248 3900 Gud.
1265 3845 1296 3910 l;

217 3933 285 3989 Par.
308 3931 363 4005 lli)
386 3940 415 3987 et
438 3931 548 3989 Gaea
572 3933 745 3988 omittebant
771 3948 879 3986 vocent.
904 3931 981 4004 quod
999 3930 1075 3987 Dav.
1099 3930 1252 4003 probabat·

302 4020 376 4090 quod
398 4020 505 4090 quidem
527 4020 591 4073 solet
614 4018 734 4088 ebullire)
756 4017 814 4073 Pro
837 4019 911 4090 qztoel
933 4015 1021 4071 etiarn
1040 4013 1098 4072 Ox.
1111 4035 1129 4091 χ
1142 4011 1292 4071 etGud.l

217 4106 265 4177 qui
286 4102 362 4172 tillo:
391 4107 439 4175 qai
460 4105 533 4175 qaod
555 4105 639 4174 solet).
685 4102 852 4158 Insvavitar
875 4102 949 4157 duae
972 4101 1109 4174 deinceps
1133 4098 1296 4155 sententiae

217 4189 361 4263 incipiunt
385 4207 402 4242 a
426 4187 570 4262 particula
594 4190 701 4262 quidem
725 4187 890 4261 pronomini
915 4186 1008 4242 eidem
1033 4185 1164 4241 subiecta
1187 4183 1296 4256 (minua

217 4272 387 4330 offensionis
411 4274 498 4328 babet
523 4273 593 4329 illud
617 4274 646 4329 in
665 4272 731 4330 Cat.
746 4273 801 4328 50:
825 4273 914 4345 Atque
937 4272 1001 4327 boec
1020 4272 1126 4344 quidem
1147 4293 1203 4334 -;
1225 4288 1297 4343 quae

216 4362 349 4433 quirlerrr);
373 4359 401 4414 in
426 4371 550 4433 utraque
575 4369 670 4414 tamen
696 4378 748 4433 per
770 4376 800 4414 se
824 4367 891 4432 apte
915 4357 1060 4431 particula
1082 4355 1212 4417 additur:
1244 4350 1295 4433 [ad

216 4446 281 4501 Att.
307 4445 395 4508 XIII,
420 4445 469 4499 49.
498 4447 510 4500 l
537 4444 653 4518 longius
676 4444 804 4518 spatium
828 4438 978 4521 intereat;]
1007 4441 1195 4513 (Lambinusz
1222 4440 1297 4514 qaod
