3030 5086
216 463 337 528 XXXII
652 470 854 530 Plenummo.

219 668 316 715 causa
337 649 451 730 ambigi
473 656 587 730 potest,
611 649 692 716 sitne
708 651 826 733 aliquid
843 651 873 715 77
886 651 977 716 ΒΕ71.
995 670 1070 717 casu
1086 663 1225 718 erratum
1244 670 1299 732 an,

219 776 289 822 cum
311 767 396 823 esset
416 758 478 821 iam
501 757 532 821 in
555 757 725 840 archetypo
747 759 906 840 mendum,
935 759 966 824 in
994 759 1184 825 deteriorum
1207 759 1300 841 prin·

220 865 288 946 cipe
310 864 488 930 coniectura
505 866 701 931 emendatum
714 868 763 949 (ut
775 867 812 945 V,
824 868 865 931 32
883 871 1041 949 enpantar
1056 886 1115 949 pro
1131 872 1230 950 ayant
1244 864 1300 942 ad,

220 974 263 1038 34
283 972 430 1036 secandae
451 991 509 1054 pro
531 972 638 1050 sedere,
661 973 702 1038 57
727 973 765 1036 ab
787 992 845 1055 pro
867 973 932 1051 777,
954 975 997 1039 58
1018 973 1139 1038 7777777
1161 994 1220 1058 pro
1239 974 1300 1039 777-

219 1078 371 1161 7777777
394 1080 509 1145 omissa
528 1081 652 1161 quidem
670 1081 719 1145 hic
737 1081 797 1147 illic
814 1081 845 1145 in
863 1081 954 1145 BErl.
974 1083 1079 1161 verba,
1102 1102 1163 1164 quo
1180 1101 1300 1165 genere

220 1206 281 1251 uon
305 1206 377 1252 ram
400 1194 539 1268 peccant
561 1194 696 1269 apparet
711 1189 741 1253 in
760 1189 969 1254 deterioribus
986 1208 1023 1254 ex
1039 1191 1210 1273 archetypo
1228 1210 1298 1257 ser·
1413 1229 1415 1234 ·

220 1303 303 1373 cata,
326 1301 362 1359 ut
383 1295 421 1374 V,
433 1297 471 1361 31
491 1296 575 1372 sotis,
597 1298 638 1361 37
662 1302 822 1374 7777777777,
846 1297 1041 1380 maximeque
1062 1300 1102 1364 57
1122 1317 1176 1362 noc
1191 1297 1298 1379 volup·

220 1405 313 1464 tatem
334 1401 521 1484 requirentes
541 1409 574 1468 77
590 1405 631 1469 66
652 1403 686 1466 td
705 1424 727 1466 o
749 1405 962 1479 cononounitate
977 1412 1009 1471 et
1027 1425 1095 1483 uso,
1117 1407 1203 1487 quod
1220 1406 1297 1472 Bai·

220 1516 306 1576 terus
329 1511 466 1590 inclusit3
497 1530 568 1575 nam
591 1512 645 1590 lv,
669 1514 705 1576 31
737 1532 800 1574 non
826 1512 1002 1577 coniectura
1030 1513 1178 1595 supplere
1205 1513 1298 1579 177717

220 1627 297 1684 7777.
348 1620 382 1683 17
411 1618 469 1683 hoc
496 1619 577 1682 enim
605 1638 720 1701 genere
747 1619 943 1700 mendorum,
976 1621 1007 1685 in
1035 1621 1074 1685 ils
1101 1620 1298 1702 praesertim,

221 1747 302 1809 quae
324 1735 454 1807 propter
475 1727 558 1790 idem
580 1732 636 1790 aut
656 1727 756 1792 simile
774 1727 900 1791 verbum
918 1728 965 1792 bis
987 1729 1124 1810 positum
1146 1729 1297 1793 omittun-

220 1843 280 1913 tur,
303 1834 437 1898 maxime
459 1852 552 1899 casus
574 1842 606 1898 et
628 1852 717 1898 error
738 1841 864 1916 regnat,
893 1854 953 1899 non
976 1834 1054 1902 fides
1077 1843 1132 1901 aut
1154 1835 1297 1902 mutandi

220 1941 373 2007 voluntas.
418 1942 467 2006 De
489 1941 598 2006 ordine
619 1941 785 2006 verborum
807 1942 906 2006 dicam
929 1940 1018 2008 infra.

307 2049 463 2128 Quamdiu
496 2068 534 2114 77
562 2048 687 2113 meliore
714 2048 831 2114 lamilia
860 2068 941 2114 unus
969 2052 1065 2116 codex
1092 2051 1298 2134 Erlangensis

220 2156 313 2237 plene
334 2157 465 2221 collatus
488 2164 571 2236 7777,
599 2158 640 2220 ad
668 2157 735 2221 eius
763 2157 971 2222 testimonium
994 2157 1213 2223 stabiliendum
1235 2158 1298 2224 uti·

220 2265 291 2330 liter
306 2266 465 2331 interdum
482 2263 721 2341 adhibebantur,
744 2283 826 2328 nune
843 2265 926 2329 omni
943 2264 1008 2330 lore
1023 2265 1157 2330 utilitate
1173 2265 1297 2349 carent]

222 2373 281 2452 7117,
311 2393 389 2454 quos
412 2373 524 2436 mixtos
546 2372 617 2436 dixi.
663 2372 703 2435 Hi
727 2388 744 2433 e
766 2372 893 2436 meliore
916 2372 1031 2437 lamilia
1052 2373 1155 2454 prima
1176 2373 1299 2455 origine

224 2482 309 2546 ducti
337 2480 525 2546 deteriorum
552 2479 822 2561 interpolationem
851 2487 1065 2560 susceperunt.
1108 2480 1189 2545 Nam
1211 2481 1299 2562 quod

221 2590 354 2655 alterum
376 2588 408 2652 in
431 2595 565 2652 mentem
587 2587 693 2653 venire
714 2594 853 2668 poterat,
884 2587 1006 2651 codices
1034 2606 1052 2652 e
1073 2587 1228 2653 deteriore
1250 2586 1300 2652 fa·

222 2696 307 2760 milia
330 2703 417 2760 ortos
438 2694 600 2760 meliorum
623 2694 857 2775 comparatione
879 2696 1061 2759 emendatos
1083 2713 1162 2775 esse,
1184 2694 1216 2759 id
1237 2695 1300 2760 tol·

221 2805 309 2884 litor,
339 2801 498 2884 quodue,
530 2821 611 2883 quae
640 2800 756 2867 habent
783 2802 957 2867 emelioris
979 2802 1103 2884 generis
1125 2802 1301 2884 scripturis,

221 2911 346 2976 minime
369 2910 520 2975 eiusmodi
543 2919 624 2987 7777,
647 2928 728 2990 quae
749 2909 829 2991 quia,
851 2909 1006 2975 intellecta
1028 2909 1190 2975 meliorum
1212 2911 1300 2989 codi7

221 3037 291 3083 oum
324 3017 533 3098 praestantia,
566 3017 736 3098 praecipue
767 3017 841 3082 inde
873 3036 997 3082 sumere
1030 3016 1166 3082 voluisse
1198 3017 1301 3084 videri

220 3127 334 3207 possit,
364 3132 443 3191 7777,
473 3125 556 3206 quod
585 3124 616 3187 hi
644 3124 767 3190 codices
796 3125 842 3190 ita
864 3125 1035 3207 comparati
1057 3133 1145 3198 sunt,
1174 3131 1209 3189 77
1235 3143 1301 3191 777

221 3235 321 3299 solum
344 3232 496 3297 eiusmodi
519 3237 604 3296 recta
623 3231 768 3296 voluntas
786 3251 847 3297 non
866 3237 1029 3314 appareat„
1053 3233 1108 3297 sed
1131 3230 1299 3314 singularis

221 3342 377 3423 quaedam
401 3340 532 3404 licentia
577 3339 736 3404 Facillime
763 3345 882 3404 autem.
913 3359 981 3404 eum
1004 3340 1097 3423 vulgo
1120 3338 1300 3405 circumfer·

221 3457 331 3514 rentur
364 3447 487 3512 codices
519 3447 700 3528 interpolati
737 3454 769 3512 et
800 3447 960 3512 hominum
992 3447 1105 3513 iudicio
1139 3453 1299 3529 tamquam

221 3556 451 3621 emendatiores
473 3555 693 3636 probarentur,
716 3555 769 3619 illa
791 3561 903 3627 aetate,
926 3573 990 3636 qua
1010 3555 1138 3620 incensa
1154 3554 1185 3618 77
1205 3555 1301 3620 Italia

222 3663 468 3729 exardescebant
495 3662 601 3727 studia
628 3669 768 3727 veterum
795 3664 998 3744 scriptorum,
1028 3661 1154 3742 aliquis,
1184 3663 1237 3743 qui
1264 3663 1297 3726 in

222 3771 380 3853 antiquius
402 3777 434 3835 et
450 3771 602 3852 integrius
625 3771 783 3852 exemplar
805 3770 964 3843 inciderat
988 3770 1020 3833 id
1039 3757 1299 3849 interpolatorum

221 3878 453 3960 comparatione
475 3896 676 3958 corrumpere
697 3878 808 3958 potuit.

307 3988 343 4050 ln
366 3986 424 4049 hoc
446 3985 585 4050 codicum
606 4003 721 4067 genere
744 3985 906 4050 habendus
928 3992 977 4050 est
998 3984 1133 4066 primum
1153 3984 1213 4065 ille,
1236 4003 1298 4066 quo

222 4094 378 4159 Victorius
401 4112 476 4157 usus
499 4100 556 4158 est.
590 4095 621 4157 Is
644 4093 766 4165 omittit
790 4092 925 4174 quaein
947 4092 1154 4158 deterioribus
1176 4093 1298 4157 addun-

223 4209 274 4267 tur
296 4202 320 4279 I,
344 4203 385 4266 30
408 4210 439 4265 77
455 4202 497 4265 63
520 4201 612 4264 7711.
639 4201 678 4263 12
701 4198 764 4279 (scd
784 4198 863 4279 forte
883 4199 1008 4283 7777777),
1031 4200 1201 4281 multisque
1222 4199 1298 4265 loeis

222 4327 290 4373 cum
314 4308 404 4374 bonis
426 4309 589 4381 consentit,
612 4307 697 4372 velut
719 4308 778 4380 1,4
799 4326 813 4370 e
834 4307 968 4383 Graecis,
992 4309 1035 4373 20
1048 4306 1179 4387 pedatu,
1201 4308 1298 4373 iuter·

222 4418 296 4481 dum
318 4416 427 4482 leviter
448 4416 574 4481 aberrat
596 4416 634 4498 (1,
656 4417 695 4481 16
716 4414 775 4479 aa
797 4415 852 4500 tu).
896 4416 1014 4480 Verum
1037 4434 1075 4480 ex
1097 4416 1205 4481 eodem
1224 4414 1297 4480 Vio-
