3030 5086
235 458 301 522 640
626 476 671 520 nn
695 475 825 523 munaus
848 476 920 522 nou.

237 645 287 708 22.
310 643 376 708 Nec
398 659 471 707 vero
494 643 557 707 alia
579 652 653 707 sunt
674 646 854 725 quaerenda
872 651 983 708 contra
999 642 1206 710 Carneadiam
1229 644 1325 710 illam

237 745 436 822 seutentiam
459 762 654 825 quocumque
676 745 757 810 enim
777 746 868 809 modo
886 764 1038 811 summum
1057 747 1170 811 honum
1192 748 1240 812 sic
1263 764 1323 811 ex·

237 848 372 928 ponitur,
394 853 430 911 ut
450 847 483 911 id
506 854 593 911 vacet
616 846 787 926 honestate,
810 865 866 911 nec
883 845 986 912 officia
1004 866 1060 912 uec
1076 849 1207 914 virtutes
1224 849 1259 912 in
1281 865 1325 912 ea

236 948 358 1013 ratione
387 966 443 1013 nec
469 948 623 1013 amicitiae
652 955 797 1013 constare
819 956 960 1029 possunt
1005 949 1186 1014 Coniunctio
1208 959 1322 1015 antem

197 1051 306 1116 heum
329 1050 493 1114 honestate
515 1049 563 1114 vel
587 1049 755 1132 voluptatis
773 1050 822 1114 vel
845 1068 905 1114 non
929 1050 1054 1115 dolendi
1077 1051 1110 1115 id
1131 1051 1234 1133 ipsam
1259 1051 1322 1115 ho-

311 1259 328 1303 I.
351 1252 514 1304 Carneadeam
531 1254 597 1304 Pctt
633 1263 656 1302 ⁴.
672 1253 809 1332 amict'tr'aC
846 1259 860 1301 5
888 1253 925 1303 vel
938 1271 983 1302 non
998 1253 1143 1304 dolendiael
1155 1252 1286 1319 voluptatis
1299 1254 1323 1302 L

238 1445 324 1512 XIV,
350 1445 415 1517 20),
440 1444 490 1500 sod
514 1443 685 1502 Ciceronem
710 1443 834 1499 oblitum
859 1443 998 1518 putabat,
1022 1444 1176 1511 Pisonem,
1199 1464 1259 1502 uon
1285 1463 1323 1502 ae

237 1529 327 1602 loqui.
375 1530 486 1585 Verum
510 1529 564 1584 hoc
588 1528 653 1585 ideo
677 1547 796 1603 prorsus
819 1529 898 1585 credi
922 1547 979 1586 nou
1003 1539 1113 1605 potest,
1142 1530 1221 1605 qnod
1251 1530 1323 1605 ipsa

237 1614 381 1687 Torquati
405 1624 433 1670 et
451 1613 573 1672 Catonis
596 1614 834 1671 commemoratio
857 1615 1034 1681 ostenderet,
1059 1612 1230 1673 Ciceronem
1255 1613 1323 1672 for-

239 1719 301 1755 mae
326 1718 342 1755 a
365 1717 396 1755 se
419 1699 570 1755 institutae
594 1699 762 1755 memoriam
788 1700 924 1756 tenuisse.
965 1699 1025 1759 Sed
1048 1708 1080 1756 ut
1102 1701 1180 1756 credi
1204 1711 1323 1774 posset,

238 1795 383 1840 restarent
405 1784 463 1840 alia
486 1785 573 1840 vitia:
597 1784 721 1858 primum
743 1785 914 1841 inanissima
936 1795 966 1841 et
990 1783 1228 1843 manifestissima
1252 1794 1325 1842 tau·

239 1870 350 1944 talogia
367 1870 412 1941 (de
435 1872 565 1925 vacru'tate
587 1871 686 1927 doloris
708 1873 800 1927 eadem
818 1881 872 1926 cet.
891 1881 933 1926 et:
957 1889 1027 1944 piene
1044 1880 1136 1927 contra
1155 1871 1323 1945 voluptatem

238 1957 310 2012 dicta
333 1964 408 2019 sarit,
432 1956 523 2010 cadero
546 1957 628 2028 cet),
659 1955 763 2011 deinde
787 1955 951 2012 Stoicorum
978 1955 1087 2012 ntentio
1110 1955 1147 2011 ab
1170 1955 1225 2012 hoc
1249 1955 1323 2013 loco

239 2031 359 2115 prorsus
381 2040 491 2102 aliena,
520 2039 656 2112 qnoniam
686 2040 733 2096 hic
755 2050 944 2096 semoventur
966 2040 1129 2096 sententiae
1152 2040 1324 2098 honestatis

238 2136 385 2201 expertes.
410 2125 540 2200 Epicuri,
565 2125 747 2199 Hieronymi,
766 2124 936 2194 Carneadis,
960 2125 1065 2181 deinde
1083 2144 1144 2195 eae,
1167 2144 1245 2200 qrrae
1263 2126 1323 2182 ho·

239 2220 380 2268 aestatem
405 2230 470 2266 cum
488 2209 590 2265 hunrili
609 2210 777 2266 accessione
796 2210 951 2265 habebant.
975 2209 1172 2286 Calliphontis
1194 2222 1225 2268 ct
1243 2210 1325 2268 Dio·

239 2297 317 2366 dori3
346 2306 406 2353 tum
436 2295 550 2351 demum
580 2305 658 2351 recte
682 2296 717 2351 ad
742 2294 856 2352 Stoicos
885 2296 1064 2369 pervenitur.
1111 2296 1146 2352 Et
1170 2296 1241 2371 quid
1265 2296 1326 2353 illa

238 2400 303 2437 curis
328 2381 440 2438 Catone
464 2380 623 2453 disputatio
646 2380 771 2454 pertinet
795 2380 831 2435 ad
856 2379 901 2447 id,
925 2381 1003 2454 qtrod
1028 2381 1074 2437 hic
1096 2381 1208 2458 agitur.
1240 2400 1324 2457 qttae

239 2477 341 2521 contra
366 2466 522 2539 Epicurum
546 2464 690 2534 dicantur,
716 2465 804 2522 etiam
828 2474 932 2522 contra
957 2466 1167 2542 Hieronymum
1190 2478 1221 2524 et
1244 2466 1324 2525 (Tar-

241 2551 361 2607 noadem
385 2547 539 2607 sufficere?
573 2551 676 2624 Itaque
695 2570 752 2606 vox
767 2554 884 2625 prinnina
903 2570 1023 2625 prorsus
1040 2552 1182 2627 explicari
1201 2552 1322 2626 nequit.

240 2637 315 2693 Nam
340 2655 374 2691 ea
397 2636 438 2691 sic
462 2636 589 2710 ponitur,
614 2645 654 2703 ut,
678 2654 742 2692 cnm
767 2646 796 2691 et
819 2636 937 2691 secundi
962 2646 991 2692 et
1008 2637 1105 2710 quarti
1128 2635 1195 2694 libri
1216 2637 1324 2712 dispu-

240 2721 312 2777 tatio
336 2721 499 2795 significata
517 2721 555 2776 sit
572 2724 709 2794 (perardum
726 2732 750 2777 et
768 2722 845 2794 cet),
869 2721 925 2777 dici
944 2721 1057 2789 debeat,
1081 2721 1217 2797 primum,
1241 2740 1325 2796 quae

239 2825 303 2861 cnm
318 2807 469 2878 'I‘orquato
489 2805 637 2880 disputata
654 2807 721 2866 sint.
745 2818 847 2863 contra
861 2807 1072 2882 Hieronymum
1091 2818 1119 2863 et
1132 2805 1323 2865 Carneadem

239 2891 369 2947 converti
394 2910 489 2964 posse.
514 2891 627 2957 deinde,
651 2910 726 2965 quae
750 2911 815 2948 cnm
834 2890 955 2949 Catone.
979 2902 1079 2948 contra
1098 2891 1171 2949 alios
1187 2891 1322 2967 aliquos.

241 2978 349 3032 l'erurn
381 2975 408 3032 hi
439 2994 491 3031 nec
514 2987 582 3031 stunt.
604 2976 656 3032 ulli
680 2995 733 3033 neo
756 2976 972 3050 significantiam
1001 2977 1237 3051 necquidquam
1263 2988 1323 3049 est,

239 3061 316 3134 quod
340 3061 381 3117 illi
401 3065 520 3135 prienam
544 3061 728 3136 respondeat.
775 3061 928 3118 Postremo
953 3061 1056 3118 Latine
1079 3062 1187 3119 dicitnr
1215 3066 1241 3119 in
1266 3064 1323 3119 ali·

238 3165 319 3220 pretim
344 3148 509 3203 remendare
528 3146 566 3211 in,
589 3147 667 3219 <lund
685 3147 714 3201 in
733 3165 767 3202 oa
785 3146 868 3220 qrtasi
887 3146 915 3201 in
936 3145 1026 3203 fundo
1045 3147 1155 3203 residat·
1170 3157 1201 3204 et
1217 3147 1321 3205 locum

239 3231 354 3299 haheat,
378 3242 470 3287 corrtrn
493 3233 599 3304 aliquid
620 3234 717 3287 cadere
738 3250 832 3305 neque
856 3231 994 3287 usitatum
1016 3250 1109 3305 neque
1130 3243 1241 3289 rectum
1262 3245 1320 3290 est.

238 3316 377 3373 Uinnium
406 3327 503 3372 nantem
534 3317 675 3386 trraxime,
705 3317 777 3372 haec
805 3336 822 3373 a
845 3314 988 3374 Cicerone
1016 3317 1125 3390 scripta
1154 3336 1211 3377 non
1240 3335 1322 3387 esse,

238 3402 364 3457 ‹reternlit
389 3401 530 3457 orationis
554 3400 582 3457 in
608 3403 643 3458 iis
666 3401 834 3458 sententiis.
859 3420 934 3474 qttae
957 3402 1140 3458 honestatem
1164 3418 1222 3460 non
1246 3420 1322 3459 con·

239 3487 340 3547 tinent,
364 3487 549 3544 controvcndis
566 3488 608 3544 aio
625 3497 695 3564 apta
711 3500 740 3544 et
757 3487 889 3561 aequalis
907 3486 1083 3562 progressio,
1104 3486 1176 3544 nihil
1196 3497 1228 3544 nt
1245 3487 1320 3546 addi

239 3571 330 3645 possit
352 3583 400 3627 aut
426 3571 545 3629 includi.
587 3576 723 3648 Apparet
744 3574 842 3648 igitur,
866 3573 894 3628 in
920 3573 1027 3629 veteris
1050 3572 1160 3631 codicIs
1184 3571 1321 3650 margine

237 3656 364 3730 aliquem
383 3669 525 3715 annotare
539 3658 675 3725 votuisse,
693 3677 736 3723 ea,
755 3677 830 3731 quae
842 3658 889 3731 hic
902 3657 1006 3716 Cicero
1020 3658 1157 3716 Pisonem
1175 3660 1318 3717 omitten-

238 3751 295 3798 tem
321 3743 445 3812 inducit‚
469 3744 506 3799 ab
530 3743 593 3817 ipso
617 3743 758 3800 Cicerone
781 3742 851 3798 alibi
875 3743 1010 3816 exposita
1033 3762 1111 3814 esse,
1135 3744 1186 3800 aad
1210 3745 1319 3802 inscite

238 3827 360 3886 Catonis
388 3831 475 3885 ctiam
506 3828 681 3883 mentionem
711 3828 853 3884 intulisse.
898 3827 942 3883 Ea
965 3829 1117 3885 annotatio
1140 3828 1170 3885 in
1194 3827 1318 3887 Cicero·

239 3914 342 3968 trienne
365 3913 506 3969 orationis
530 3913 661 3968 ordinem
685 3925 803 3986 recepta
826 3922 870 3968 est
892 3912 1109 3972 eodemmodo.
1132 3932 1191 3986 quo
1215 3912 1268 3969 illa
1288 3914 1319 3970 in

238 3998 313 4053 libro
337 3999 376 4064 ΙΙ,
400 3999 456 4053 108
480 3996 524 4074 [ct
549 3998 594 4053 III
613 3999 649 4053 N.
669 3998 705 4053 D.
725 3996 789 4074 77].
834 3997 950 4055 Similia
972 3997 1172 4055 additamenta
1194 3999 1224 4054 in
1249 4017 1316 4057 ora·

237 4082 348 4138 tionum
368 4082 624 4140 Ciceroninnaram
643 4083 793 4140 codicibus
813 4083 911 4139 notavi
930 4081 1040 4156 Opusc.
1053 4083 1147 4139 Acad.
1164 4084 1180 4141 1
1198 4103 1226 4159 p.
1247 4085 1318 4141 148.

237 4167 323 4241 Quod
347 4167 440 4225 Gaius
463 4168 629 4243 strapicatus
647 4178 700 4237 est,
725 4187 761 4224 ex
779 4168 877 4243 priore
897 4167 1025 4223 editione
1043 4167 1109 4224 libri
1127 4169 1222 4243 quinti
1242 4169 1320 4227 haec

237 4251 266 4308 in
290 4254 458 4321 secuudum,
482 4273 570 4328 qnam
595 4272 647 4309 nos
666 4253 834 4322 habeamur,
859 4253 984 4322 venisse,
1008 4271 1045 4308 ne
1062 4253 1121 4309 alia
1137 4272 1321 4312 commento·

236 4356 308 4403 reim
332 4357 424 4413 pauca
442 4339 501 4406 itta,
526 4357 600 4412 quac
619 4339 723 4398 Cicero
743 4338 771 4394 in
791 4340 845 4395 hoc
862 4336 947 4407 lihro,
973 4348 1163 4412 posteaquam
1187 4339 1321 4398 describi

236 4432 359 4498 coeptus
382 4433 435 4493 est,
460 4424 584 4481 mutavit
606 4425 655 4498 (ad
679 4426 743 4482 Att.
764 4426 853 4495 xnt,
873 4425 922 4494 21,
936 4425 977 4496 4),
1000 4442 1058 4481 non
1081 4423 1227 4482 eiusmodi
1251 4424 1320 4485 fue-
