3030 5086
278 469 341 534 626
671 484 716 529 oa
739 483 870 529 atdraus
894 483 966 528 aon.

278 673 400 719 summo
419 652 502 716 bouo
519 652 672 729 dissentit,
692 651 732 716 de
749 657 817 715 tota
833 650 1049 733 philosophiae
1066 621 1187 719 ratione
1203 652 1364 719 dissentit.

279 756 435 821 Critolaus
464 753 577 817 imitari
601 753 699 817 voluit
726 753 886 833 antiquos
916 761 948 817 et
975 755 1100 835 quidem
1127 763 1176 820 est
1202 755 1366 835 gravitate

279 856 440 939 proximus
468 861 500 918 et
527 855 683 920 redundat
711 854 826 933 oratio;
859 872 897 917 aa
923 862 1028 920 tamen
1056 876 1093 919 oe
1118 857 1145 920 is
1173 857 1299 938 quidem
1329 856 1364 919 in

352 1048 372 1092 l.
392 1042 421 1091 de
438 1050 489 1090 tota
509 1067 539 1076 -
558 1039 666 1090 dissentit
680 1041 763 1091 omia
799 1046 821 1091 2.
841 1041 951 1105 antiquos
970 1040 1041 1091 uoluit
1057 1041 1168 1095 Lca0r.
1187 1042 1259 1092 voluit
1278 1041 1366 1093 ontP

280 1117 302 1162 3.
324 1112 437 1160 Attamen
457 1108 590 1160 arceor.
629 1125 657 1158 ns
675 1124 722 1158 om.
743 1124 838 1167 omnes,
858 1111 900 1158 Cr.

370 1284 417 1340 14.
441 1281 577 1357 esposuit)
596 1281 625 1337 id
643 1290 697 1352 est,
720 1282 762 1338 sio
780 1281 921 1350 delinivit,
944 1291 978 1338 ut
994 1294 1071 1339 esset
1089 1282 1221 1339 vacuitas
1239 1281 1366 1338 doloris.

280 1369 388 1427 Rarior
410 1367 512 1441 utique
536 1367 619 1423 verbi
641 1385 712 1424 usus
734 1367 806 1424 satia
830 1366 997 1424 defenditur
1020 1386 1056 1424 ex
1080 1372 1094 1437 ξ
1114 1369 1150 1423 at
1172 1379 1199 1425 et
1213 1369 1366 1442 22(e.cpo·

280 1457 386 1511 sitiones
409 1455 506 1508 stamini
527 1453 588 1509 boni
609 1461 639 1508 et
660 1471 791 1509 summanr
814 1453 909 1508 boucam
926 1456 964 1509 ar'o
980 1456 1131 1527 arpotritrtr,
1156 1462 1184 1508 ot
1200 1453 1278 1525 cet).
1316 1453 1365 1508 De

282 1539 417 1596 uberiore
440 1537 603 1593 sententiae
627 1537 825 1612 explicatione
849 1556 943 1611 neque
975 1538 1022 1593 hie
1046 1556 1140 1611 neque
1163 1537 1208 1613 ibi
1227 1536 1366 1610 intellegi

281 1625 402 1681 verbum
427 1632 532 1698 potest.
577 1620 651 1699 [Cir.
675 1623 690 1679 1
713 1622 751 1680 N.
778 1623 814 1680 D.
839 1624 893 1678 45:
924 1641 984 1679 vere
1011 1626 1133 1698 seposito
1160 1624 1209 1679 itta
1231 1625 1367 1679 sortientia

282 1720 331 1779 eat,
356 1709 385 1766 h.
410 1726 444 1770 e.q
468 1705 592 1783 posita]
1426 1705 1429 1709 ’

367 1811 399 1850 uc
422 1803 508 1848 tomen
531 1812 562 1848 ne
584 1795 607 1847 is
630 1791 751 1865 paridem)
776 1793 930 1861 Attamen,
954 1791 1033 1865 quod
1051 1791 1144 1850 Gaius
1163 1793 1191 1848 in
1206 1790 1368 1849 Addendis

282 1879 469 1955 probaverat,
492 1895 530 1933 ex
543 1876 604 1932 Erl.
619 1872 672 1956 [B]
685 1877 796 1952 sumpsi
809 1877 880 1948 (vid.
895 1877 932 1932 ad
946 1877 986 1943 ΙΙ,
1001 1877 1067 1950 85);
1090 1897 1131 1939 ne.
1155 1877 1232 1952 quod
1251 1888 1317 1951 post
1332 1895 1367 1931 ea

282 1963 443 2031 exciderat,
455 1962 620 2018 addendum
633 1980 707 2032 esse,
721 1962 777 2018 iam
790 1962 922 2018 Bromius
934 1970 1074 2018 senserat.
1099 1961 1269 2021 Sententiae
1282 1961 1365 2018 enim

283 2049 325 2106 sio
347 2048 513 2105 cohaerent.
549 2046 621 2105 Cum
641 2045 745 2104 Cicero
763 2047 973 2123 Hieronymum
994 2065 1114 2121 prorsus
1131 2065 1149 2102 a
1162 2046 1368 2122 l'eripatetica

282 2133 428 2191 sententia
446 2132 601 2188 deflexisse
619 2131 751 2199 dixisset,
775 2132 890 2197 subicit,
915 2130 1078 2190 Critolaum
1098 2132 1160 2206 (qui
1179 2131 1314 2189 Aristoni
1334 2131 1366 2188 in

283 2220 384 2276 schola
400 2218 540 2275 successit
557 2217 665 2290 quique
678 2236 743 2273 cum
757 2215 908 2275 Carneade
922 2227 950 2273 et
965 2217 1097 2293 Diogene
1111 2218 1233 2274 Romam
1246 2215 1368 2293 legatus

284 2305 389 2362 missus
402 2305 458 2374 est)
475 2305 576 2359 imitari
593 2304 705 2358 oolctiase
718 2305 842 2376 otsh'qoos
855 2302 922 2373 (hoc
935 2302 1037 2358 ordine
1049 2302 1137 2358 ctiam
1151 2302 1227 2377 Spir.
1242 2297 1313 2381 [B];
1334 2302 1367 2358 in

285 2389 349 2447 Pal.
362 2391 380 2444 4
394 2397 422 2443 et
435 2387 515 2446 Gud.
531 2388 547 2442 2
562 2387 671 2443 excidit
684 2390 784 2459 volarit),
803 2406 877 2461 quae
891 2387 1016 2443 imitatio
1029 2387 1203 2445 necessario.
1221 2386 1365 2461 quoniam

285 2473 459 2549 Hieronymi
477 2471 635 2528 defectioni
649 2473 827 2528 eontrarium
847 2473 901 2527 ltoe
919 2482 972 2539 est,
991 2472 1027 2528 ad
1045 2472 1211 2529 universam
1230 2471 1368 2546 discipli-

284 2578 361 2627 nam,
379 2577 437 2614 non
456 2558 492 2613 ad
511 2557 603 2613 solam
616 2557 777 2613 orationem
792 2558 927 2631 pertinet.
952 2558 1055 2630 ltaque
1068 2557 1159 2623 addit,
1178 2558 1253 2614 bane
1265 2552 1367 2615 imita·

283 2645 393 2701 tionem
413 2643 554 2698 hactenus
566 2641 697 2700 Critolao
711 2642 895 2698 strecessisse.
914 2651 947 2698 ut
963 2643 1109 2717 gravitate
1121 2646 1192 2714 (non
1210 2642 1369 2707 orationis,

283 2748 350 2786 uam
368 2729 440 2784 haee
457 2746 588 2784 seorsum
613 2727 758 2797 laudatur,
781 2727 833 2783 sed
856 2728 1049 2793 decretorum,
1074 2728 1177 2802 utqui
1202 2728 1287 2785 bonis
1311 2746 1368 2784 ex·

283 2814 376 2872 ternis
399 2824 428 2868 et
451 2812 583 2887 eorporis
606 2831 662 2868 non
687 2813 807 2868 nimium
832 2813 976 2882 tribuerit,
1001 2814 1089 2869 'l'uso
1110 2814 1145 2873 V.
1170 2814 1222 2887 51)
1246 2822 1274 2869 et
1298 2831 1369 2870 ora·

285 2899 373 2956 tionis
396 2898 481 2974 copia
499 2897 536 2953 ad
555 2915 605 2954 eos
623 2897 784 2956 accederet.
818 2898 880 2954 latu
900 2898 1046 2971 quonmdo
1065 2899 1109 2954 his
1127 2908 1276 2973 tamquam
1295 2915 1370 2955 con·

286 2985 407 3041 tranium
431 2983 525 3039 subici
544 2993 654 3057 potest:
678 2993 818 3039 adtamen
842 2987 868 3038 in
889 2987 988 3057 patriis
1006 2987 1132 3039 institutis
1150 2981 1256 3040 tnonet?
1284 2982 1370 3056 Quid

285 3069 362 3126 enim
387 3068 480 3143 magis
503 3067 653 3142 expectari
677 3065 799 3123 debuit?
838 3068 956 3141 (ltaque
981 3069 1140 3125 Lambinus
1162 3068 1294 3143 scripsit:
1319 3069 1372 3124 scat

284 3155 421 3211 reclaudat
444 3156 538 3219 oratio,
562 3160 594 3208 ut
617 3152 685 3208 huie
708 3153 928 3227 reprehensioni
949 3154 1096 3210 contraria
1114 3165 1190 3210 esset
1213 3153 1277 3209 laus
1296 3170 1371 3210 cort·

285 3248 419 3296 servatae
433 3237 621 3312 disciplinam
641 3257 741 3293 verum
756 3238 847 3294 nihilo
859 3239 957 3312 aptius
969 3239 1024 3294 erit
1037 3249 1133 3307 tanuen,
1146 3237 1231 3312 quasi
1244 3247 1372 3313 propter

286 3323 510 3380 redundantiam
530 3321 673 3378 orationis
692 3322 746 3378 hoo
761 3324 910 3398 expectari
931 3342 987 3380 non
1000 3324 1138 3398 potuerit.
1162 3322 1258 3380 Video
1275 3324 1370 3379 etiam

288 3409 383 3465 virum
402 3407 548 3481 quendam
566 3407 766 3463 doctissimum
785 3419 921 3464 notamen
940 3409 1075 3465 eomodo
1093 3408 1243 3484 explicare
1255 3408 1372 3467 conari.

287 3494 324 3549 de
347 3511 405 3566 quo
428 3492 464 3548 ad
483 3493 523 3552 ΙΙ.
537 3493 576 3548 84
601 3492 672 3561 dixi,
698 3504 730 3549 ut
753 3494 825 3549 haec
847 3494 886 3550 sit
908 3494 1068 3549 sententia:
1091 3505 1129 3551 et.
1152 3493 1289 3568 quamvis
1308 3511 1371 3549 non

288 3577 416 3635 excellat
443 3577 589 3652 gravitate
618 3587 648 3633 et
671 3578 812 3634 orationis
840 3579 939 3653 copia.
970 3588 1067 3634 tamen
1091 3589 1147 3636 eet.
1194 3579 1305 3636 Verum
1337 3588 1374 3634 ut

288 3663 433 3731 omittam,
456 3673 480 3719 et
500 3673 595 3732 tonan,
620 3680 677 3719 non
695 3682 728 3719 oo
744 3673 840 3729 tament,
863 3664 905 3720 sio
924 3664 1002 3738 poni,
1026 3664 1055 3720 in
1073 3663 1132 3720 illia
1150 3663 1222 3720 locis
1239 3663 1372 3737 primum

288 3749 400 3822 aliquid
423 3748 460 3804 ad
483 3766 554 3816 rem,
578 3767 653 3821 quae
671 3748 776 3822 agitun
800 3749 950 3823 pertinens
967 3749 1094 3824 ponitur,
1117 3748 1222 3805 deinde
1239 3748 1373 3811 additur,

290 3834 405 3890 etiamsi
429 3833 485 3889 hoo
508 3851 565 3889 non
589 3834 636 3902 sit,
661 3834 741 3889 aliud
764 3843 860 3890 tamen
879 3852 952 3902 esse,
976 3843 1009 3890 ut
1026 3834 1077 3890 illo
1095 3852 1194 3890 carere
1212 3833 1374 3908 possimus.

292 3919 348 3976 Hie
372 3920 426 3974 hoc
450 3919 544 3993 ipsum
567 3919 674 3994 agitur,
697 3928 852 3975 maneatue
875 3918 1024 3977 Critolaus
1047 3919 1075 3974 in
1099 3919 1202 3994 patriis
1226 3918 1375 3975 institutis

291 4022 397 4070 neene;
421 4021 474 4059 nee
497 4003 533 4058 ad
557 4022 620 4059 eam
645 4022 705 4059 rem
728 4005 854 4078 pertinet
871 4004 1013 4061 orationis
1030 4004 1233 4062 redundantia.
1269 4003 1374 4070 Addo,

290 4089 315 4146 si
339 4091 386 4161 (is)
409 4091 553 4163 paridem,
579 4100 610 4145 ut
633 4100 693 4145 tum
717 4089 812 4159 debet,
837 4089 991 4164 significat,
1015 4090 1103 4145 alium
1122 4089 1303 4145 nominatum
1323 4088 1374 4152 iri,

291 4174 327 4230 de
355 4192 413 4247 quo
441 4175 619 4231 contrarium
643 4175 771 4233 dicatur,
801 4175 955 4231 dicendum
984 4174 1075 4231 fuisse
1104 4186 1129 4230 et
1157 4175 1209 4231 die
1238 4175 1375 4248 quddam.)

296 4260 430 4334 Apparet
459 4259 548 4335 igitur
577 4261 630 4316 hoc
659 4260 730 4329 dici,
760 4261 894 4333 qttarnris
918 4260 1067 4318 Critolaus
1095 4260 1203 4316 imitari
1231 4258 1375 4333 antiquos

293 4344 421 4401 voluerit
443 4354 472 4400 et
494 4345 594 4418 aliqua
616 4363 653 4400 ex
677 4356 760 4420 parta
783 4346 913 4402 imitatus
936 4346 984 4415 sit,
1007 4346 1044 4402 ab
1060 4344 1231 4421 Hieronymi
1249 4343 1377 4402 levitate

293 4429 437 4497 diversus,
462 4439 558 4486 tamen
583 4430 659 4487 huno
683 4449 799 4505 quoque
817 4431 893 4487 inter
910 4450 961 4487 eos
978 4431 1144 4505 ponendum
1163 4448 1237 4500 csse,
1260 4429 1312 4504 qui
1331 4429 1378 4487 eie
