3030 5086
282 456 345 520 272
672 476 717 521 nn
739 474 871 522 mamus
893 475 964 521 sou.

281 639 475 723 profitendae
487 641 557 719 sint,
574 660 613 706 ne
628 641 661 706 id
672 660 734 707 non
746 644 865 725 pudeat
875 642 999 722 sentire,
1016 645 1100 724 quod
1111 641 1231 724 pudeat
1243 638 1357 705 dicere.

283 742 332 806 78.
355 742 519 807 Amicitiae
530 761 604 807 vero
621 742 707 808 locus
724 745 776 808 ubi
793 762 864 810 esse
880 750 1056 824 potestant
1071 743 1140 824 quie
1156 742 1276 808 amicus
1287 757 1359 806 esse

283 843 435 924 cuiquam,
452 862 545 924 quem
563 862 624 908 nou
641 844 745 925 ipsum
756 851 839 910 amet
855 851 986 928 propter
1001 845 1125 925 ipsum?
1153 843 1237 925 Quid
1252 851 1358 908 autem

281 950 330 1010 est
346 963 461 1024 amare,
478 964 495 1009 e
512 964 574 1026 quc
586 964 698 1011 nomen
715 946 842 1012 ductum
859 945 1012 1011 amicitiae
1028 954 1086 1025 est,
1102 945 1162 1012 nisi
1173 945 1252 1012 velle
1268 944 1359 1010 bonis

1306 1046 1312 1060 Ι
1339 1046 1346 1060 0

243 1046 416 1127 {reliquam
449 1045 530 1111 affici
558 1066 650 1129 quam
679 1048 833 1128 maximia
867 1047 990 1113 etiamsi
1018 1048 1060 1112 ad
1088 1066 1124 1113 se
1151 1066 1189 1113 ex
1215 1047 1254 1112 iis
1282 1045 1360 1112 mhrl

281 1148 458 1214 redundet?
496 1149 639 1227 Prodest,
661 1149 771 1231 inquit,
792 1149 868 1214 mihi
890 1168 926 1214 ec
946 1167 1020 1215 csse
1042 1149 1155 1214 animo.
1188 1149 1288 1213 Immo
1310 1148 1358 1214 vi·

354 1342 372 1385 Ι.
388 1335 548 1400 proferendae
566 1334 729 1387 LPMCROr.
770 1353 798 1385 ae
816 1336 875 1385 idem
895 1336 916 1386 C
951 1353 979 1385 ae
997 1335 1127 1402 idpudeot
1145 1335 1277 1385 aasentias
1295 1333 1360 1399 quod

281 1420 326 1453 non
342 1403 473 1467 pudeotll
524 1409 548 1452 2.
566 1404 607 1452 ubi
622 1403 729 1454 locuall
764 1421 815 1453 esee
833 1412 890 1468 poet
908 1403 997 1453 amicae
1016 1405 1105 1454 omL
1150 1411 1173 1453 4.
1192 1421 1221 1454 ex
1239 1403 1272 1455 C.
1296 1402 1357 1452 omi·

281 1471 350 1521 etiae
372 1471 468 1520 ductum
485 1471 582 1522 LMCR
635 1478 659 1522 5.
682 1490 712 1522 cx
732 1472 769 1521 tie
788 1472 855 1539 [A]11
878 1471 937 1521 aedil
958 1489 987 1522 ex
1005 1473 1034 1522 iia
1052 1473 1118 1524 EOr.
1173 1477 1196 1520 d.
1219 1470 1318 1522 redeunt
1335 1479 1358 1520 et

277 1539 376 1604 prodest
400 1539 466 1608 [ME
490 1539 571 1589 redeat
595 1540 653 1604 quid
670 1540 768 1605 prodeat
792 1541 864 1592 LMC
887 1540 970 1590 redeat
994 1550 1015 1590 rt
1037 1540 1106 1605 prod.
1130 1540 1174 1590 PR
1213 1539 1304 1590 redeat.
1324 1538 1358 1588 Et

280 1607 372 1672 quadem
387 1607 511 1673 prodOs,
548 1608 678 1673 iaqusaff)
693 1624 740 1660 om.
757 1609 808 1659 Mc
844 1609 913 1676 (mdc
927 1609 1004 1673 aliquae
1019 1610 1050 1673 R)
1086 1609 1110 1657 ia
1124 1625 1151 1659 eo
1165 1607 1285 1658 LPMCR

361 1783 530 1856 profitendae
551 1783 617 1857 siat)
640 1784 813 1854 Prqiteudoe
834 1781 922 1838 etiam
946 1783 1010 1839 Pal.
1026 1784 1051 1851 l,
1075 1781 1152 1840 ΕΗ
1175 1778 1249 1855 (ἳῖ),
1272 1780 1357 1837 codd.

281 1867 356 1924 Mor.
381 1874 411 1922 et
433 1866 524 1937 Scal,
549 1885 602 1923 nec
625 1866 753 1924 dubitari
777 1867 865 1924 debet
887 1867 922 1924 de
946 1867 1038 1942 Spin,
1062 1883 1239 1942 quemquam
1263 1864 1357 1924 Gzius

280 1951 446 2008 incredibili
469 1951 613 2022 socordia,
637 1951 797 2027 praefatus,
821 1952 976 2009 Davisium
1000 1952 1036 2008 de
1054 1952 1151 2010 Pall
1175 1950 1240 2008 falli
1262 1949 1357 2008 videri

280 2036 516 2112 necquidquam
540 2034 701 2094 Gruterum
725 2055 843 2094 monere
867 2038 910 2111 (at
938 2037 963 2094 is
992 2037 1146 2112 perspicue
1168 2034 1241 2093 illud
1264 2035 1356 2111 scrip·

280 2121 341 2195 sit),
364 2129 452 2196 neget
477 2139 564 2190 ,enos
586 2122 654 2178 illos
676 2121 761 2179 binos
784 2140 801 2178 a
823 2121 944 2198 vulgata
966 2121 1147 2179 discedere“.
1188 2116 1229 2202 [B
1250 2116 1355 2201 recte]

280 2206 396 2262 Deinde
414 2224 515 2263 omnes
538 2225 607 2263 suos
629 2206 699 2264 dicit
717 2206 827 2264 habere
849 2207 1032 2281 sancitaque
1055 2206 1161 2278 edidit3
1183 2205 1298 2264 fallitur
1320 2205 1356 2262 de

280 2290 341 2347 Erl.
371 2300 413 2361 et,
443 2291 561 2365 opinor,
590 2292 626 2348 de
649 2292 798 2360 omnibus;
827 2292 1032 2350 coniunctivae
1055 2302 1099 2349 est
1121 2310 1159 2348 ex
1181 2309 1216 2349 eo
1239 2302 1356 2368 genere,

280 2374 316 2432 de
339 2394 398 2449 quo
421 2375 529 2432 dictum
553 2384 598 2431 est
619 2377 656 2433 ad
680 2381 694 2447 §
715 2378 763 2434 15.
808 2378 854 2434 De
881 2377 1035 2453 gerundivi
1065 2395 1119 2434 usu
1147 2377 1177 2434 in
1206 2376 1263 2434 hoc
1289 2376 1355 2435 loco

280 2458 342 2516 dixi
365 2461 401 2517 ad
424 2462 455 2530 I,
480 2462 507 2516 6.
553 2461 625 2518 Mox
653 2481 685 2519 ae
706 2464 736 2518 id
757 2482 808 2519 nors
825 2464 931 2538 pudeat
953 2471 1008 2521 eet.
1038 2462 1080 2519 sic
1107 2462 1292 2538 adiungitur,
1323 2473 1357 2518 ut

281 2562 346 2601 cum
370 2544 513 2602 brevitate
537 2546 661 2619 quadam
686 2557 715 2604 et
732 2547 829 2623 ellipsi
847 2546 951 2607 Cicero
974 2546 1128 2623 significet,
1151 2566 1210 2622 quo
1232 2546 1356 2605 consilio

280 2647 398 2703 quaque
416 2630 451 2686 de
468 2648 557 2687 causa
575 2630 648 2687 haec
665 2631 756 2701 dicat;
780 2633 848 2705 (hoc
870 2632 937 2690 ideo
960 2641 1057 2689 statuo
1080 2641 1108 2689 et
1132 2632 1207 2703 dico,
1230 2650 1267 2689 ne
1290 2640 1355 2700 cet,

280 2713 310 2770 id
339 2723 397 2771 est:
431 2733 513 2786 nam,
542 2715 598 2772 nisi
626 2715 669 2772 ita
696 2717 898 2787 statuerimus,
933 2735 990 2775 non
1020 2717 1142 2793 pudebit
1169 2718 1253 2791 cet.);
1286 2714 1354 2778 cfr..

280 2799 305 2855 si
333 2800 407 2857 tanti
436 2808 494 2869 est,
524 2801 553 2869 l,
577 2800 617 2857 43
646 2803 689 2873 (ae
716 2805 816 2860 invido
844 2803 922 2876 cet).
967 2803 1105 2860 Erratum
1134 2812 1180 2860 est
1204 2801 1234 2859 in
1263 2801 1309 2859 his
1337 2821 1355 2859 a

279 2883 422 2958 pluribus.

366 2970 414 3026 78.
453 2968 528 3038 Quid
548 2979 636 3027 oraton
658 2980 696 3028 est
724 2969 829 3049 aurore)
857 2971 998 3029 Davisius
1027 2971 1156 3028 malebat
1182 2972 1251 3047 qaid
1276 2973 1354 3041 caira,

280 3053 357 3128 quod
380 3064 571 3130 praeceperat
605 3055 651 3124 is,
690 3055 773 3113 cuius
806 3057 1004 3114 correctiones
1038 3056 1121 3115 codd.
1154 3052 1198 3126 Εξ
1232 3056 1352 3112 habent.

280 3138 390 3196 Putant
412 3140 489 3197 enim
513 3158 549 3196 ex
572 3140 689 3197 amandi
713 3142 841 3212 notione,
867 3161 882 3198 e
906 3160 963 3215 quo
986 3160 1091 3199 nomen
1114 3141 1262 3199 amicitiae
1284 3141 1355 3197 duc·

279 3233 340 3279 tum
364 3224 493 3295 dicatur,
527 3225 708 3295 confirmari,
743 3227 820 3300 quod
849 3217 1042 3283 deamicitia
1070 3226 1178 3284 dictum
1202 3227 1249 3284 sit.
1294 3224 1354 3285 Sed

280 3307 399 3380 Cicer0,
433 3310 529 3384 posito
558 3309 615 3366 iam
644 3311 673 3367 in
702 3311 799 3386 priore
828 3311 974 3368 sententie
1000 3315 1088 3387 ipsum
1111 3321 1224 3387 propter
1249 3316 1354 3385 ipsam,

279 3392 333 3449 hoc
357 3403 505 3467 tamquam
529 3413 637 3452 novum
660 3395 803 3472 adiungit.
837 3397 914 3453 Tum
938 3398 1045 3454 ductum
1063 3395 1365 3455 ootioitiaeGruterus

278 3478 366 3534 tacite
389 3476 442 3555 [ex
465 3477 524 3555 A];
552 3480 718 3554 superiores
741 3489 769 3536 et
793 3481 933 3538 Davisius
956 3501 972 3537 e
995 3482 1055 3539 suis
1078 3481 1175 3552 codd,
1205 3490 1237 3538 ut
1259 3480 1353 3537 nestri

278 3562 448 3620 deteriores.
494 3564 538 3619 De
562 3582 611 3634 eo,
640 3565 719 3638 quod
748 3565 895 3639 sequitur,
923 3568 962 3623 od
983 3586 1025 3634 ee,
1054 3566 1163 3623 dictum
1186 3566 1222 3623 ad
1247 3566 1276 3635 1,
1302 3567 1352 3623 67.

279 3647 356 3705 Nihil
377 3668 410 3705 ee
432 3651 465 3704 iis
488 3648 575 3704 etiam
600 3648 676 3723 Spin.
700 3645 739 3728 [B
762 3651 829 3707 nillil
850 3670 882 3706 ar
906 3647 982 3729 lu'js.]

212 3747 215 3752 '
362 3734 501 3789 redarrdet.
525 3733 655 3807 Prodest)
667 3731 756 3813 [Cum
774 3735 910 3791 ederetur
926 3738 1026 3792 redeat.
1050 3737 1090 3792 Et
1108 3738 1228 3810 prodest,
1251 3740 1353 3809 inquis,

277 3821 329 3887 (-
353 3829 377 3874 el
398 3820 508 3894 prodest
531 3818 560 3874 in
583 3819 743 3889 Palatinis,
773 3820 796 3876 si
821 3819 951 3876 Grutero
974 3821 1090 3889 credas,
1119 3821 1269 3882 omnibus,
1298 3815 1351 3888 Et,

278 3903 387 3959 Gud.?
409 3909 468 3974 —),
493 3904 588 3961 Aldus
611 3904 695 3960 fecit:
718 3907 757 3961 Et
780 3907 886 3980 quidem
905 3907 1026 3980 prodest,
1051 3916 1275 3979 tenueruntque,
1298 3924 1353 3962 ex·

277 3997 362 4063 cepto
381 3987 514 4058 Davisio,
537 3987 598 4045 fere
618 3990 716 4047 ceteri.
756 3990 862 4063 (Gaius
880 3991 966 4046 etiam
985 3990 1046 4048 Erl.
1066 3999 1095 4047 et
1112 3989 1191 4065 Spir.
1215 4007 1352 4058 ,servare

276 4072 401 4146 simplex
415 4075 551 4146 qm'dem“,
571 4075 710 4133 narravit.
722 4093 787 4132 cnm
800 4076 919 4132 deberet
931 4085 955 4132 et
967 4075 1085 4148 dicere.)
1115 4075 1178 4131 Alii
1191 4074 1351 4132 deteriores

277 4156 334 4228 (El.
352 4168 484 4231 uterque,
508 4155 615 4229 Maed,
633 4159 718 4229 CCC,
737 4160 816 4218 Oxx.
829 4160 883 4234 Ux,
908 4159 986 4218 Gud.
1003 4162 1031 4234 1)
1048 4179 1085 4216 ex
1102 4158 1214 4217 infelici
1237 4177 1352 4217 correc-

276 4241 356 4299 tione
373 4245 440 4316 qto‘d
452 4246 573 4317 prodeat.
591 4254 623 4300 ut
636 4244 701 4301 LM.
731 4244 780 4301 Ad
797 4246 888 4302 redeat
906 4264 991 4302 nemo
1008 4245 1167 4319 quidquam
1185 4253 1351 4313 annotaret,

276 4345 312 4383 ne
335 4327 360 4384 is
383 4327 508 4401 quidem.
533 4330 582 4401 qui
600 4329 670 4385 milri
688 4329 749 4385 Eri.
773 4330 946 4388 contulerat.
980 4332 1085 4404 Itaque
1109 4341 1196 4387 antea
1218 4329 1350 4386 dixeram

277 4413 317 4469 Et
340 4415 453 4486 prodest
480 4412 604 4471 fortasse
633 4413 749 4471 deiendi
778 4434 878 4490 posse,
908 4414 959 4471 sed
982 4415 1075 4472 videri
1104 4414 1288 4472 scribendum
1312 4415 1352 4471 At
1409 4492 1415 4501 .
