3030 5086
410 367 455 414 nn
476 366 557 413 uun.
580 366 643 414 urs.
666 369 678 414 1
703 367 776 414 csr.
798 367 985 428 17.(55-5e.)
1170 348 1229 412 107

151 551 224 598 cum
262 551 396 615 corpore
434 534 593 615 dolemus,
636 534 706 600 fieri
743 544 847 601 tamen
887 553 1059 617 permagna
1096 535 1231 599 accessio

152 644 273 716 potest,
303 637 329 700 si
352 636 480 718 aliquod
502 647 663 703 aeternum
686 645 719 702 et
739 637 893 702 infinitum
914 636 1096 718 impendere
1117 635 1232 700 malum

153 738 246 804 nobis
268 739 439 819 opinemur.
480 740 572 818 Quod
589 740 675 805 idem
696 740 768 804 licet
788 738 960 804 transferre
982 738 1013 803 in
1032 738 1231 818 voluptatem,

153 850 191 905 ut
218 859 256 905 ca
284 841 384 904 maior
411 841 466 919 sit,
499 842 527 905 si
555 841 630 906 nihil
657 841 720 905 tale
748 849 930 906 metuamus.
974 842 1026 906 56.
1059 842 1125 907 Iam
1152 840 1231 904 illud

153 944 280 1024 quidem
307 942 508 1024 perspicuum
535 951 598 1021 est,
631 943 796 1011 maximam
829 941 925 1006 animi
956 950 1012 1006 aut
1039 941 1270 1023 voluptatemb

155 1052 214 1109 aut
234 1042 409 1109 molestiam
430 1044 501 1125 plus
523 1046 641 1109 autad
663 1044 789 1110 beatam
816 1051 871 1108 aut
897 1044 939 1108 ad
966 1045 1114 1110 miseram
1135 1044 1253 1107 vitam*

155 1147 272 1212 afferre
297 1145 446 1209 momenti
474 1164 568 1226 quum
595 1165 704 1212 eorum
731 1146 900 1225 utrumvis
928 1146 955 1210 si
983 1164 1083 1227 aeque
1110 1146 1164 1209 diu
1191 1145 1233 1210 sit

155 1249 188 1313 iu
216 1265 357 1328 corpore
400 1246 472 1311 Non
494 1247 596 1327 placet
617 1257 749 1326 autem,
763 1248 906 1312 detracta
926 1246 1101 1328 voluptate,
1129 1246 1231 1328 aegri-

156 1351 294 1415 tudinem
323 1348 429 1413 statim
457 1351 619 1431 consequi,
652 1350 712 1415 nisi
745 1349 777 1414 in
805 1350 975 1430 voluptatis
1007 1348 1109 1413 locum
1142 1348 1232 1414 dolor

155 1450 237 1517 forte
269 1450 474 1528 successerit3
513 1458 547 1515 at
584 1459 695 1516 contra
726 1453 865 1533 gaudere
898 1458 1020 1516 nosmet
1052 1450 1231 1514 omittendis
1250 1446 1308 1516 10'

157 1552 330 1631 doloribus,
354 1552 477 1616 etiamsi
498 1552 643 1634 voluptas
665 1572 712 1633 ea,
735 1572 816 1634 quae
837 1554 963 1618 sensum
985 1560 1123 1631 moveat,
1146 1551 1231 1616 nulla

229 1728 249 1771 1.
273 1736 438 1785 corporcaon
460 1720 507 1771 dol
534 1723 553 1770 E
607 1704 749 1787 a'aliqmd
771 1739 857 1772 omnes
902 1731 1022 1773 aternum
1045 1724 1067 1771 E
1121 1729 1143 1772 4.
1172 1720 1233 1770 iliad

156 1789 220 1854 quod
237 1790 269 1862 E¹
300 1797 323 1838 5.
344 1789 428 1854 [ammei
443 1790 572 1839 maximum
590 1791 618 1857 Α]
661 1797 683 1839 6.
709 1791 744 1840 ad
766 1808 813 1841 om.
834 1793 856 1840 Ε
874 1791 934 1857 (bis)
972 1792 1033 1841 Post
1055 1792 1147 1840 Mutum
1171 1791 1229 1839 add.

156 1860 229 1908 adara
247 1859 267 1907 L
305 1858 562 1922 immoravimus
579 1860 692 1909 utrumuis
712 1862 734 1909 R

157 2033 215 2071 non
245 2016 385 2072 minorem
408 2015 539 2072 dolorem
562 2016 759 2091 percipiamus
781 2018 881 2090 (quam
904 2035 969 2073 cum
993 2016 1112 2089 animo).
1135 2015 1178 2071 ita
1199 2025 1233 2069 ut

158 2100 285 2157 nondum
312 2101 343 2156 in
371 2100 436 2174 ipso
465 2112 612 2158 momento
640 2101 821 2177 percipiendi
851 2102 1013 2177 praesentis
1042 2099 1151 2156 doloris
1178 2118 1231 2155 ex·

156 2185 244 2242 collat
265 2186 355 2242 animi
379 2186 476 2255 dolor,
506 2197 603 2242 tarmen
631 2205 791 2261 permagna
819 2187 948 2243 accessio
971 2186 1034 2242 fieri
1057 2195 1154 2260 potest
1177 2193 1231 2240 cet.

157 2267 197 2350 [Ι.
216 2270 390 2328 Muellerus:
408 2272 544 2328 doleamus
561 2277 649 2328 urrirno
665 2291 698 2328 uc
715 2291 773 2329 cuni
791 2291 863 2347 corp.
881 2274 944 2340 dol,
968 2283 1101 2344 utaequa
1120 2271 1159 2327 sit
1181 2289 1231 2324 nou

157 2364 257 2429 irrupto,
286 2356 337 2412 vix
359 2351 462 2434 recte]
505 2355 599 2414 Gzius
626 2357 716 2413 tradit
744 2377 798 2432 pro
820 2364 889 2413 enirn
917 2356 990 2413 duos
1018 2374 1087 2412 suos
1115 2355 1231 2412 codices

157 2441 265 2497 habere
293 2460 358 2511 riori,
392 2460 429 2497 ex
458 2452 528 2498 uota
555 2463 582 2501 a.
612 2443 738 2509 scilicet,
774 2442 861 2499 duos:
894 2461 980 2515 acque
1008 2461 1058 2497 oon
1086 2443 1230 2496 doleamus.

157 2526 251 2583 Paulo
284 2537 350 2600 post
383 2527 491 2600 aliquid
521 2527 609 2583 etiam
647 2527 765 2602 „plures
798 2528 920 2602 scripti*
952 2526 1021 2584 Gzii
1051 2537 1079 2582 et
1106 2544 1138 2600 χ;
1172 2525 1231 2580 vid.

157 2613 231 2680 κάς
259 2611 304 2667 18.

243 2697 292 2752 56.
337 2697 395 2751 Iuor
424 2698 493 2752 adad
520 2698 629 2771 quidem
653 2700 827 2771 perspicuum
856 2699 908 2772 cst)
933 2697 1121 2753 Perbreviter
1143 2695 1232 2751 attin·

157 2781 235 2857 gitur
256 2799 303 2837 res
326 2781 464 2844 obscura,
493 2801 568 2855 quae
591 2802 734 2856 nusquam
757 2782 829 2838 alibi
852 2782 1018 2857 exponitur.
1064 2782 1141 2837 Nam
1165 2798 1231 2837 eum

158 2876 225 2923 aute
253 2868 422 2939 Torquatus
450 2867 582 2943 singulas
614 2869 704 2924 animi
738 2878 768 2923 et
794 2868 928 2941 corporis
957 2867 1123 2940 voluptates
1151 2864 1231 2921 dolo·

157 2970 262 3025 resque
284 2961 492 3027 comparasset,
516 2971 593 3009 nunc
610 2943 706 3028 negat,
730 2953 881 3026 utriusque
898 2953 1015 3027 generis
1032 2952 1153 3008 eandem
1172 2951 1232 3006 vim

158 3056 221 3093 csse
244 3037 280 3094 ad
303 3047 395 3094 totum
419 3047 527 3093 statum
550 3029 739 3110 εὐδαιμονίας
761 3037 945 3093 efficiendum
964 3048 1015 3094 aut
1033 3036 1230 3092 minuendum.

157 3123 192 3179 In
215 3142 273 3196 quo
297 3122 394 3191 miror,
418 3123 488 3196 quid
510 3123 579 3179 novi
598 3122 774 3178 discriminis
792 3118 862 3179 oriri
880 3123 972 3197 possit
990 3133 1107 3198 praeter
1124 3121 1233 3196 gradus

158 3207 238 3275 illos,
268 3227 341 3281 quos
369 3218 437 3263 ante
467 3207 579 3281 posuit;
614 3226 680 3263 nam
709 3227 816 3282 genere
844 3225 901 3264 non
931 3206 1084 3263 differebat
1108 3217 1232 3279 utraque

158 3292 302 3367 voluptas.
348 3293 407 3352 Sed
431 3293 589 3367 Epicurus,
614 3311 688 3366 quac
711 3293 919 3350 coniunxerat.
942 3311 1043 3350 rursus
1067 3292 1181 3348 divellit
1203 3301 1233 3347 et

158 3378 249 3434 utitur
272 3378 435 3434 incuriosus
457 3377 604 3434 communi
627 3378 778 3434 bominum
801 3378 939 3452 opinione
962 3378 998 3434 de
1020 3379 1109 3433 anicii
1129 3377 1232 3451 volup·

158 3463 228 3519 tatis
250 3473 279 3518 et
302 3463 410 3519 doloris
434 3464 471 3519 vi.

243 3547 304 3604 Non
333 3550 423 3622 placet
455 3558 543 3604 orclem
576 3548 645 3621 cet.)
682 3549 762 3604 Haec
797 3548 997 3623 neglegentius
1032 3557 1230 3621 exponuntur.

157 3634 235 3691 Nam
264 3651 338 3706 quae
362 3633 397 3689 de
419 3633 536 3690 sublato
560 3632 656 3689 medio
680 3634 756 3688 inter
779 3633 958 3707 voluptatem
983 3645 1012 3688 et
1035 3632 1164 3688 dolorem
1189 3631 1232 3687 di·

158 3729 276 3782 cuntur,
307 3736 401 3791 neque
430 3718 476 3775 hio
498 3737 564 3774 cum
587 3718 693 3774 ceteris
716 3718 873 3775 cohaerent
897 3730 926 3775 et
949 3719 1045 3792 posita
1068 3728 1152 3773 eraut
1174 3717 1231 3773 iam

157 3805 240 3874 538,
264 3812 291 3859 et
316 3823 405 3877 prave
428 3803 621 3868 concluditur,
646 3804 713 3859 hinc
736 3804 878 3878 intellegi,
902 3815 1012 3877 quauta
1036 3802 1172 3876 voluptas
1195 3802 1234 3858 sit

157 3908 214 3945 non
244 3890 357 3958 dolere3
391 3908 458 3945 nam
483 3889 627 3963 Epicurus
650 3897 766 3955 contra,
797 3907 862 3945 cum
891 3889 1081 3945 ostendisset.
1116 3888 1145 3942 iu
1174 3905 1231 3942 nou

158 3974 283 4030 dolendo
306 3975 364 4030 iarn
389 3993 452 4030 esse
476 3974 672 4048 voluptatem,
705 3973 771 4029 hinc
794 3972 955 4035 efficiebat,
984 3973 1057 4029 nihil
1087 3990 1149 4028 esse
1173 3991 1233 4028 me·

157 4059 245 4116 diupi.
290 4059 419 4116 Omnino
444 4062 529 4125 haec,
559 4077 633 4132 quae
662 4058 698 4114 ad
727 4059 876 4115 notionem
899 4058 1060 4133 voluptatis
1083 4058 1233 4132 explican-

158 4145 223 4200 dam
247 4145 404 4218 pertinent,
427 4145 536 4201 rectius
559 4144 643 4199 initio
660 4143 757 4218 posita
776 4153 888 4212 essent;
912 4143 962 4200 scd
980 4162 1016 4199 ne
1035 4144 1098 4216 ipse
1115 4142 1231 4216 quidem

157 4229 302 4304 Epicurus
325 4247 443 4285 curasse
467 4230 596 4297 videtur,
627 4239 658 4284 ut
681 4239 761 4285 certo
785 4229 887 4285 ordine
909 4229 982 4285 baec
1005 4239 1231 4302 exponerentur.

158 4313 231 4373 Cum
255 4314 285 4370 in
308 4314 441 4371 salebras
463 4314 616 4383 inciderat,
640 4314 790 4370 oriebatur
813 4333 888 4371 nova
912 4313 1066 4371 sententia.
