3030 5086
480 434 524 481 nr
547 434 628 481 nnn.
652 433 714 480 nm.
738 408 844 481 1‘oar.
864 437 1038 496 cuo-11.)
1256 416 1297 480 29

215 603 354 681 nostris,
381 610 414 668 et
441 601 616 666 scribentur
642 600 779 666 sortasse
806 602 912 682 plura,
941 603 968 666 si
990 602 1055 665 vita
1076 608 1237 682 suppetet;
1267 611 1299 666 et

217 716 340 783 tamen,
373 705 426 786 qui
453 704 619 785 diligenter
646 703 737 781 haec,
771 722 852 785 quae
884 704 925 769 de
956 703 1157 784 philosophia
1185 703 1298 768 litteris

218 807 421 884 mandamus,
447 806 551 885 legere
573 806 760 882 assveverit,
788 804 938 870 iudicabit
963 805 1049 869 nulla
1071 805 1112 868 ad
1134 805 1298 886 legendum
1383 875 1388 882 ,

219 908 271 973 his
293 926 363 972 esse
384 907 519 988 potiora
553 907 635 988 Quid
658 915 707 972 est
728 906 809 970 enim
831 906 864 970 ln
886 907 950 970 vita
973 912 1061 971 tanto
1083 924 1179 987 opere
1201 926 1298 988 qnae·

219 1011 353 1074 rendum
380 1027 473 1090 quam
503 1027 572 1074 cum
600 1009 704 1072 omnia
735 1009 767 1071 in
795 1007 1007 1089 philosophia,
1041 1015 1106 1071 tum
1133 1002 1181 1086 id,
1214 1008 1337 1088 quodi)

218 1111 271 1176 hle
291 1110 379 1176 libris
400 1110 571 1192 quaeritur,
593 1111 646 1191 qui
669 1109 711 1173 sit
730 1109 811 1187 finis,
833 1109 908 1189 quid
927 1117 1108 1189 extremum,
1130 1109 1205 1191 quid
1226 1109 1299 1173 ulti·

219 1232 322 1291 mum,
350 1230 412 1293 quo
440 1213 502 1276 sint
523 1211 628 1276 omnia
649 1211 728 1276 bene
749 1211 873 1276 vivendi
896 1218 1040 1292 recteque
1066 1210 1197 1275 faciendi
1225 1229 1298 1275 con-

218 1314 293 1378 silia
314 1311 490 1392 referenda,
512 1313 589 1394 quid
610 1317 762 1393 sequatur
784 1318 898 1376 natura
920 1319 954 1375 ut
975 1331 1129 1377 summum
1146 1330 1184 1376 ex
1206 1312 1299 1377 rebus

218 1416 418 1498 expetendis
452 1415 526 1495 quid
553 1413 653 1496 fngiat
679 1421 715 1478 ut
741 1422 912 1478 extremum
939 1407 1113 1478 malorum?
1163 1416 1234 1493 Qua
1260 1413 1300 1477 de

219 1537 257 1581 re
284 1536 353 1582 urm
381 1516 422 1581 sit
448 1517 530 1581 inter
558 1517 754 1580 doctissimos
783 1534 903 1580 summa
930 1515 1099 1593 dissensio,
1126 1516 1196 1596 quis
1224 1516 1299 1581 alie·
1319 1519 1360 1582 10

219 1636 297 1682 num
319 1623 408 1699 putet
429 1617 497 1682 eius
519 1636 589 1683 esse
612 1618 785 1697 dignitatis
809 1635 901 1698 quam
924 1617 997 1681 mihi
1020 1617 1152 1698 quisque
1174 1617 1299 1696 tribuat,

294 1758 315 1805 l.
337 1753 479 1818 sappetttli
516 1758 540 1805 3.
563 1751 675 1802 iudicabit
699 1752 772 1802 ullam
795 1753 816 1801 E
852 1759 877 1804 4,
901 1753 930 1801 iis
951 1753 975 1799 M
1023 1757 1044 1802 5.
1069 1770 1120 1802 eum
1144 1767 1191 1802 om.
1219 1753 1240 1800 l:
1276 1753 1299 1800 ia

217 1819 370 1886 {theophila
388 1837 436 1872 orn.
457 1822 477 1870 1.
522 1820 655 1870 cam-M
708 1825 730 1870 d.
756 1821 825 1870 iric
869 1820 921 1883 quas
943 1818 1058 1887 [NJLPR
1101 1820 1160 1885 quid
1176 1819 1296 1870 unicos

222 1894 244 1938 7.
268 1889 401 1939 mutata
418 1889 575 1952 reserendiE
629 1895 651 1941 8,
674 1889 817 1952 sepudurL
858 1897 901 1939 nra
920 1889 1048 1939 naturaC
1102 1895 1124 1939 9.
1149 1888 1299 1953 expetendum

222 1958 343 2010 ht‘llclt
390 1963 426 2009 lt.
446 1957 567 2022 dt'yodatr's
585 1957 675 2006 eseeE
717 1957 814 2023 [tribuat
832 1958 881 2015 ll¹3
912 1956 944 2008 h²
967 1965 991 2005 et
1009 1958 1095 2023 ceteri]
1116 1972 1202 2006 omues
1220 1950 1299 2006 tribuat

221 2091 254 2137 ut
277 2097 335 2135 non
358 2079 452 2136 solnm
470 2081 508 2135 ab
524 2079 633 2153 aliquo,
656 2079 708 2136 sed
730 2079 818 2135 etiam
842 2079 931 2135 alicui
953 2097 1001 2136 res
1019 2080 1082 2135 fieri
1100 2079 1298 2153 intellegatur,

219 2176 253 2221 ut
277 2164 306 2222 in
330 2166 479 2238 quaerendi
499 2165 599 2221 verbo.
650 2166 685 2222 In
709 2164 828 2220 incertis
853 2164 997 2238 exemplis
1020 2182 1097 2239 pono
1126 2165 1162 2221 de
1185 2165 1249 2221 Inv.
1273 2165 1298 2226 I,

221 2251 263 2305 86
281 2250 341 2322 (itta
362 2250 437 2306 nobis
459 2250 488 2322 (a
511 2249 596 2320 uobis)
619 2251 672 2304 alio
695 2258 808 2323 tempore
830 2250 1055 2324 erplicubmrtur),
1079 2250 1109 2305 in
1131 2248 1216 2306 falsis
1234 2246 1299 2306 Cat.

221 2335 264 2390 38
287 2336 396 2406 (oioorti
417 2334 543 2409 pertinet
566 2333 602 2389 ad
625 2335 752 2408 obrepit),
783 2333 813 2389 in
842 2352 956 2390 summa
979 2352 1049 2390 vero
1077 2334 1195 2391 inscitia
1223 2333 1299 2391 eius·

221 2418 303 2476 modi
324 2418 455 2476 locorum
479 2437 574 2486 usum,
597 2419 693 2492 qualis
716 2426 762 2474 est
783 2418 813 2473 in
831 2418 915 2493 epist.
934 2419 1069 2493 Pompeii
1087 2420 1163 2493 apud
1183 2418 1244 2478 Cic.
1261 2418 1300 2475 ad

220 2507 288 2560 Att.
313 2503 398 2568 VIII,
425 2504 462 2559 12
479 2504 508 2561 A
527 2505 545 2559 4
564 2503 751 2576 (Ramshorn.
766 2522 794 2577 p.
810 2503 893 2574 351),
916 2514 966 2560 aut
989 2503 1116 2561 illorum.
1139 2505 1169 2560 in
1193 2503 1299 2578 quibus

219 2588 345 2644 dicitur:
381 2589 433 2645 Cui
454 2608 504 2644 non
527 2589 575 2645 boc
596 2590 746 2645 auditomt.
775 2605 840 2643 eum
864 2589 969 2645 ceteris
992 2587 1204 2647 confusionem.
1250 2589 1298 2645 Ad

220 2672 317 2730 Attic.
341 2673 462 2740 1,16,8
484 2675 546 2729 aliis
568 2676 620 2747 lapi
637 2682 689 2728 aut
710 2682 756 2729 est
776 2674 840 2729 olith
861 2677 971 2730 recitari
992 2672 1057 2742 (cfr.
1081 2674 1169 2741 XVI,
1196 2674 1234 2730 13
1257 2674 1299 2745 A)

220 2766 275 2814 ant
297 2757 482 2814 scribendum
505 2759 540 2814 ab
562 2760 632 2814 aliis.
657 2756 733 2834 [Cir.
742 2758 980 2833 Wesenbergius,
993 2758 1116 2815 Emend.
1131 2757 1193 2816 Cic.
1202 2758 1297 2833 Epist.

220 2842 238 2900 1
257 2861 285 2917 p.
298 2840 365 2919 22]
410 2843 455 2899 De
479 2842 564 2899 Livio
587 2842 740 2907 annotatio
762 2851 806 2898 est
820 2841 1054 2899 Drakenborchii
1077 2843 1114 2898 ad
1137 2844 1192 2911 VI,
1209 2845 1255 2912 ll,
1269 2847 1298 2909 4,

220 2927 275 2984 ubi
297 2927 354 2984 loci
376 2927 521 3002 corrupti,
556 2927 643 2983 unius
676 2936 727 2983 aut
760 2926 881 2983 alterius
915 2929 985 2984 boni
1019 2937 1072 2982 ant
1100 2927 1167 2983 mali
1191 2928 1299 2984 codicis

222 3012 369 3086 scriptura
396 3011 433 3067 ab
456 3012 561 3068 ceteris
584 3012 767 3085 discrepans.
797 3020 961 3068 structurae
990 3012 1058 3068 binc
1085 3013 1298 3069 remotissimae

221 3108 252 3153 et
273 3104 461 3171 pervagatae,
484 3097 641 3153 accedente
664 3115 756 3172 prava
778 3096 1021 3171 interpretatione
1044 3095 1139 3168 (v'elut
1160 3097 1227 3165 XL,
1248 3098 1298 3161 26,

224 3181 259 3250 8,
295 3181 344 3236 nbi
379 3201 459 3238 traces
486 3185 519 3238 iis
549 3192 659 3238 ornatae
685 3191 748 3237 surrt
776 3191 833 3236 est:
866 3183 906 3236 od
933 3202 1022 3237 eorum
1044 3184 1134 3253 ttsuot)
1156 3182 1185 3238 in
1210 3201 1298 3238 unum

222 3284 360 3322 acervum
388 3267 426 3321 ab
454 3267 571 3323 homine
599 3265 825 3340 diligentissimo
853 3254 1046 3322 coniciuntur.
1091 3267 1160 3322 Non
1183 3278 1301 3341 poterat

223 3369 294 3425 ergo
310 3350 415 3407 Cicero
438 3350 549 3407 dicere:
572 3352 725 3407 scriberetur
746 3351 821 3407 nobis
843 3352 936 3419 multa,
960 3360 1091 3426 poterat:
1114 3354 1215 3426 compto
1238 3362 1313 3423 sunt,

222 3435 305 3491 nobit.
350 3433 488 3492 Ceterum
511 3435 682 3493 Ciceronem
707 3436 804 3492 Varro
833 3435 890 3492 iam
919 3446 980 3492 tum
1009 3435 1134 3492 fortasse
1157 3436 1298 3492 librorum

223 3518 410 3576 multitudino
433 3521 605 3594 superabat,
639 3520 690 3577 sed
718 3519 823 3578 Cicero
851 3520 887 3576 de
915 3540 950 3577 eo
979 3539 1086 3596 genere
1114 3521 1186 3577 haec
1214 3521 1299 3579 dixit.

223 3603 303 3678 quod
324 3623 344 3660 a
366 3623 396 3660 se
419 3615 635 3680 expectaretur,
658 3605 849 3662 orationibus.

308 3693 358 3763 qui
378 3693 412 3746 sit
427 3689 508 3764 finio)
530 3689 598 3758 Quis
620 3690 707 3746 etiam
721 3689 833 3747 Gadi
857 3700 887 3745 et
910 3690 1065 3763 praeterR
1086 3689 1163 3745 aliae
1186 3699 1300 3746 veteres

223 3774 376 3831 editiones.
411 3774 689 3850 ReceperuutVict.
709 3784 738 3830 et
755 3774 868 3843 Lamb.,
892 3774 939 3830 hic
962 3774 1049 3830 simul
1071 3774 1117 3830 bis
1140 3776 1214 3848 quod
1230 3775 1300 3830 scri-

223 3859 304 3915 bens.
340 3859 378 3915 Et
400 3863 462 3932 quis
483 3859 633 3934 geminata
655 3860 754 3916 littera
776 3870 805 3915 et
823 3861 891 3932 quid
901 3855 955 3938 [Β]
968 3868 1063 3914 ortum
1083 3878 1121 3915 ex
1144 3861 1198 3932 qui.
1222 3858 1301 3932 quod

223 3944 281 4000 iam
304 3942 419 4001 Orellio
442 3943 537 4000 visum
566 3954 620 4000 est.
664 3942 732 3999 Non
760 3944 858 4018 agitur
886 3944 921 3999 de
950 3944 1069 4000 notione
1097 3944 1163 3999 finis
1192 3952 1222 4000 et
1249 3962 1300 4000 ex-

225 4028 325 4091 tremi,
354 4028 405 4084 sed
429 4028 594 4102 quaeritur,
623 4031 672 4101 qai
693 4028 732 4084 sit
754 4028 819 4084 linIs
842 4037 871 4084 et
893 4029 923 4084 in
946 4046 1004 4101 qna
1032 4047 1063 4083 re
1087 4029 1215 4102 positus,
1246 4027 1299 4086 cir.

224 4114 277 4181 IV,
302 4113 319 4168 5
344 4122 374 4168 et
399 4114 452 4180 14,
480 4113 627 4169 adiectiva
649 4120 727 4168 recte
750 4112 949 4188 adiunguntur
971 4112 1137 4186 pronomini
1166 4114 1301 4170 substan-

224 4197 285 4254 tivo
307 4199 389 4271 (qaid
410 4201 444 4253 sit
465 4217 595 4253 suolmam
618 4208 642 4254 et
663 4201 835 4269 extrenum),
859 4199 912 4255 ci'r.
938 4198 977 4254 29
1001 4206 1029 4253 et
1053 4198 1091 4260 V,
1118 4198 1165 4255 15.

309 4286 371 4356 quis
393 4285 506 4338 alienum
528 4288 617 4359 putet)
641 4282 726 4354 Quod
746 4282 824 4339 Vict.
848 4283 954 4339 edidit:
978 4284 1046 4356 quid
1066 4284 1181 4338 aliorsum
1199 4293 1300 4358 putent.

227 4367 388 4442 probarunt
410 4368 549 4424 Davisius
573 4378 602 4424 et
623 4367 792 4436 Ernestius3
821 4367 878 4423 erit
906 4376 966 4424 tum
990 4370 1105 4442 quisque
1127 4368 1218 4424 tribuit
1240 4368 1299 4423 dic·
