3030 5086
216 474 279 541 556
603 493 648 538 na
670 491 800 539 museus
822 491 895 537 nou.

217 662 345 738 tarium,
373 660 487 725 sedin
516 660 624 742 primis
650 661 759 741 habea,
787 660 910 724 illomm
938 659 1068 738 scilicet,
1101 679 1164 725 non
1191 667 1291 742 tuum,

217 763 401 844 gloriatione
423 763 549 844 dignam
571 781 640 828 esse
656 762 779 828 beatam
795 764 899 840 vitam,
922 762 1007 843 quod
1024 780 1084 825 nou
1102 763 1203 843 possit
1221 762 1292 828 sine

289 971 310 1016 l.
328 967 400 1014 babes
418 982 512 1020 omnes.
531 967 629 1016 Nonius
667 967 755 1016 scilicet
773 984 818 1016 noa
836 967 923 1016 romb:
962 964 1050 1015 scilicet
1068 968 1183 1016 nominum
1202 968 1293 1026 ceteri3
1354 952 1359 963 ⁶

219 1051 268 1085 om.
287 1037 331 1086 Or.
368 1041 390 1085 2.
410 1052 471 1097 quae
490 1053 534 1085 riou
551 1036 627 1100 possit
646 1037 689 1086 LC
708 1054 753 1099 qao
772 1054 816 1084 non
832 1053 856 1100 p.
877 1038 898 1084 rt
916 1035 979 1099 qaod
996 1034 1043 1082 arbi
1056 1054 1081 1100 p.
1100 1036 1122 1084 E

305 1210 353 1263 sed
374 1211 401 1263 ia
419 1212 517 1282 primia
540 1209 625 1275 laedes,
649 1213 752 1266 illorum
775 1213 882 1279 scilicet,
905 1229 955 1264 aon
979 1214 1064 1280 trram)
1089 1209 1161 1268 Cum
1186 1208 1294 1267 Cicero

220 1293 432 1350 contumelioso
456 1294 599 1350 vocabulo
623 1314 692 1351 usus
715 1306 805 1361 esset,
834 1315 870 1351 ne
899 1296 993 1370 ipsum
1018 1294 1158 1353 Catonem
1182 1295 1294 1370 petisse

219 1379 377 1445 videretur,
397 1379 518 1439 addidit.
537 1380 624 1436 facile
642 1381 771 1455 intellegi
791 1400 844 1436 nec
862 1400 892 1436 se
910 1381 1033 1436 oblitum
1052 1399 1115 1436 esse
1128 1382 1247 1449 (scilicet,
1265 1399 1301 1436 es

218 1465 334 1520 verstebt
350 1465 416 1530 oieb,
436 1465 489 1521 cfr.
501 1466 538 1520 ad
552 1467 589 1532 V,
604 1467 644 1538 3),
669 1486 725 1523 non
739 1466 860 1524 Catonis
879 1465 950 1521 illud
968 1464 1059 1521 fuisse
1077 1476 1293 1541 argumentum,

219 1550 270 1606 sed
294 1550 458 1606 Stoicorum
484 1550 679 1611 Graecorum,
709 1571 832 1625 quornm
861 1552 886 1606 is
915 1552 1075 1607 sententias
1098 1551 1295 1626 exposuisset.

219 1636 328 1693 Veram
352 1636 526 1709 scripturam
551 1636 637 1692 facile
660 1638 721 1692 erui
751 1656 765 1692 e
789 1637 921 1711 vestigiis
944 1637 1075 1693 codicum
1099 1637 1161 1693 Erl.
1184 1634 1240 1713 [B]
1263 1646 1295 1693 et

220 1719 299 1795 Spir.
319 1722 347 1793 (a
365 1721 471 1793 quibus
483 1720 575 1778 Gaius
594 1722 720 1796 profert:
743 1725 840 1778 scilicet
863 1743 913 1777 riou
936 1733 1021 1778 taurea
1040 1721 1086 1777 vel
1105 1724 1179 1795 torn).
1218 1720 1295 1779 Cum

219 1805 325 1870 leviter
347 1818 514 1880 corruptum
540 1818 616 1862 esset
639 1819 725 1864 tuam.
749 1809 777 1863 in
802 1808 978 1863 deteriorum
1002 1808 1134 1864 codicum
1158 1807 1294 1882 principe

219 1889 354 1948 effectum
367 1900 426 1947 est:
444 1895 539 1948 seilicet
553 1897 683 1949 coruinum
696 1893 784 1964 (Pall.
800 1904 828 1948 et
842 1895 915 1949 Dav.
929 1894 1073 1948 omuibus.
1086 1887 1155 1967 ξχψ,
1171 1891 1251 1952 Gud.
1264 1892 1295 1962 2,

220 1994 274 2032 nec
297 1976 408 2041 dubito,
433 1980 502 2049 quin
526 1977 601 2034 falso
625 1977 717 2037 Gzius
740 1979 863 2045 scribat,
887 1979 916 2034 in
941 1977 1019 2035 Gnd.
1047 1982 1059 2033 l
1086 1988 1115 2033 et
1137 1979 1205 2034 Bas.
1229 1996 1296 2034 esse

220 2072 332 2119 tantum
355 2064 473 2134 scilicet).
507 2063 566 2119 Eas
590 2083 676 2120 voces
696 2065 804 2120 delenti
823 2066 939 2120 Murato
952 2065 1049 2136 (Varr.
1068 2063 1161 2119 Lcctt.
1173 2064 1228 2125 1v,
1244 2063 1296 2137 13)

221 2147 333 2203 assensi
357 2166 457 2203 omnes
480 2159 549 2204 snut
570 2149 637 2205 inde
665 2169 683 2204 a
706 2150 864 2213 Lambiuo,
896 2160 1009 2205 utentes
1033 2149 1119 2204 etiam
1145 2149 1296 2205 levissimo

220 2233 389 2289 testimonio
413 2234 522 2290 codicis
545 2233 577 2292 C.
597 2235 718 2309 Sigonii.
766 2235 851 2294 Unde
874 2244 968 2289 ortum
988 2245 1064 2289 esset
1088 2234 1222 2290 mirabile
1244 2234 1297 2290 ad-

220 2318 423 2386 ditamentum,
448 2337 533 2374 nemo
556 2320 652 2376 dicere
675 2331 796 2376 conatus
820 2332 878 2387 est,
902 2320 958 2379 nisi
982 2320 1058 2393 quod
1083 2318 1176 2376 Gzius
1199 2337 1236 2376 ex
1260 2337 1297 2374 eo

221 2414 320 2459 natum
344 2403 395 2463 ait,
419 2405 497 2477 quod
520 2404 548 2460 iu
573 2405 835 2475 codicibnslllav„
854 2405 942 2469 Oxx„
962 2404 1040 2464 Gaii,
1064 2404 1093 2460 id
1117 2418 1170 2474 est,
1193 2404 1297 2461 arche-

221 2491 304 2564 typo)
327 2490 467 2564 scriptum
491 2499 568 2545 esset
590 2492 685 2559 babee;
714 2492 791 2565 quod
820 2509 906 2564 qnam
931 2490 1009 2546 illius
1032 2490 1205 2546 adiectionis
1228 2508 1298 2546 cau·

221 2592 283 2630 sam
308 2575 424 2642 babeat,
448 2574 567 2631 difficile
585 2586 629 2632 est
647 2576 754 2632 videre.
792 2577 893 2642 Miror,
918 2577 1064 2631 Muretum
1084 2594 1140 2630 nou
1160 2576 1296 2633 sensisse.

221 2659 251 2715 in
280 2678 333 2715 sua
360 2660 506 2735 scriptura
530 2680 649 2735 prorsus
672 2681 809 2737 perverse
832 2662 982 2717 abundare
1004 2664 1122 2727 illorum
1152 2662 1193 2717 sic
1217 2661 1295 2717 enim

221 2745 353 2819 ponitur,
383 2756 530 2819 tamquam
559 2748 614 2803 hoc
638 2748 730 2822 magis
753 2748 918 2805 Stoicorum
948 2747 986 2803 sit
1015 2765 1100 2820 quam
1131 2747 1293 2820 superiora.

221 2830 281 2886 Pro
309 2835 513 2900 consectarium,
545 2832 573 2888 in
603 2851 661 2906 quo
690 2832 764 2889 inest
793 2834 873 2889 notio
902 2833 1045 2888 acuminis
1068 2833 1141 2903 (ΙΙΙ.
1167 2833 1234 2904 26),
1266 2832 1296 2887 in

221 2915 313 2972 Nonii
330 2916 430 2972 codice
448 2918 522 2973 miro
540 2936 637 2974 errore
655 2919 794 2993 scriptum
819 2929 881 2974 erat
899 2921 1125 2977 rorar'ecturoriam.
1149 2917 1228 2990 quod
1245 2916 1298 2974 ille

220 3003 327 3074 efficor,
346 3005 496 3076 perfectam
518 3003 736 3078 interpretatur.
772 3001 871 3083 [Quod
891 3004 972 3058 babeo
994 3022 1047 3076 pro
1071 3004 1147 3058 bobes
1165 3021 1180 3059 e
1195 3004 1219 3059 B
1237 3021 1296 3059 nou

220 3096 388 3156 annotatur,
404 3088 521 3144 Baitero
533 3089 597 3144 iure
609 3102 775 3163 suspectum
789 3100 841 3145 est.
862 3088 1000 3145 Correxit
1012 3088 1174 3144 Asceusius
1190 3084 1297 3168 1511.]

306 3175 379 3245 quod
401 3192 451 3228 uon
471 3179 558 3247 possit
579 3175 650 3247 cet.)
669 3175 719 3232 Sic
744 3174 876 3247 „aliquot
894 3175 987 3229 Parte
1008 3185 1037 3229 ct
1059 3174 1204 3230 editiones
1227 3174 1298 3230 iude

220 3276 238 3312 a
250 3256 395 3325 Gruter03
413 3277 479 3314 nam
495 3258 655 3315 Lambinus
672 3267 737 3333 quic
749 3281 807 3328 non,v
826 3260 992 3333 superiores
1004 3258 1065 3315 iere
1078 3261 1189 3328 (mara,
1204 3258 1296 3328 Crat,

220 3343 317 3411 Victi,
343 3344 435 3417 Man.)
466 3354 494 3400 et
523 3345 655 3420 plerique
685 3346 799 3401 codices
823 3345 984 3401 deteriores
1007 3341 1091 3418 (llUt
1111 3348 1120 3415 )
1143 3364 1213 3418 quoe
1234 3365 1297 3415 noa,

221 3429 298 3502 quod
322 3429 393 3485 ferri
417 3448 473 3485 uon
498 3440 595 3504 potest
614 3441 734 3505 propter
758 3431 808 3487 illa
828 3432 931 3485 verba:
957 3441 984 3485 ut
1007 3434 1064 3486 iare
1086 3439 1141 3486 cet.
1176 3431 1298 3505 (Itaque

220 3532 255 3569 ea
278 3515 429 3570 Manutius
454 3516 516 3572 tolli
540 3515 679 3589 volebat.)
724 3516 912 3572 Manifestum
937 3527 981 3571 est
1003 3526 1099 3571 auteur
1124 3535 1160 3571 ex
1184 3516 1299 3573 causali

220 3598 362 3655 orationis
385 3599 489 3665 forma,
513 3602 584 3657 haec
608 3602 650 3656 sie
673 3621 689 3656 a
713 3601 854 3659 Cicerone
878 3601 944 3657 dici.
969 3613 1115 3674 tamqnam
1141 3601 1233 3658 Stoici
1258 3620 1298 3658 ex

220 3702 270 3751 eo,
301 3686 379 3758 quod
402 3687 464 3742 siue
488 3686 640 3742 honestate
669 3706 753 3743 nemo
782 3688 844 3742 iure
874 3687 994 3761 gloriari
1019 3687 1125 3761 possit,
1156 3685 1298 3756 efficiant,

221 3770 335 3825 beatam
360 3773 450 3827 vitam
475 3772 650 3847 gloriatione
673 3773 789 3847 diguam
815 3792 892 3839 esse,
923 3772 995 3827 illud
1024 3784 1119 3827 autem
1150 3791 1202 3846 pro
1226 3790 1298 3828 con-

219 3873 303 3911 cesso
326 3869 450 3913 sumant.
475 3860 589 3912 beatam
615 3859 703 3913 vitam
728 3877 790 3913 esse
814 3858 974 3914 honestam.
1022 3862 1064 3914 At
1088 3857 1129 3913 illi
1153 3876 1206 3931 pro
1226 3876 1298 3914 con-

219 3959 302 3997 cesso
326 3943 482 4016 ponebant.
505 3943 679 4018 gloriatione
703 3944 819 4018 dignam
844 3961 907 3998 esse
926 3945 1039 3999 beatam
1059 3943 1165 4010 vitam3
1189 3943 1298 4000 deinde

220 4039 387 4102 assumpto,
410 4028 615 4102 gloriationem
639 4039 751 4084 tantum
775 4029 805 4084 in
828 4029 1010 4084 honestatem
1035 4029 1153 4097 cadere,
1177 4028 1299 4086 conclu·

220 4113 342 4178 debant,
372 4115 487 4170 beatam
511 4115 600 4170 vitam
631 4133 694 4170 esse
723 4115 884 4170 honestam.
932 4117 1035 4188 ltaque
1064 4114 1197 4170 ordinem
1225 4132 1297 4170 oon·

220 4199 359 4255 clusionis
383 4198 487 4257 Cicero
516 4201 697 4274 perturbavit
727 4212 753 4256 et
779 4201 903 4274 primurn
928 4200 989 4255 eius
1012 4201 1134 4274 gradum
1159 4217 1223 4255 cum
1249 4218 1296 4270 eo,

220 4284 297 4357 quod
322 4293 383 4339 tota
406 4286 592 4341 conclusione
610 4285 800 4349 efficiebatur,
825 4286 1011 4359 per-nurtavit.
1046 4286 1107 4343 Cfr.
1122 4285 1159 4340 ad
1171 4285 1228 4341 ΙΙΙ.
1243 4286 1295 4341 28.

218 4372 308 4440 (Nam
339 4371 362 4425 si
392 4372 457 4444 quis
486 4374 559 4445 quod
586 4392 635 4426 raon
661 4376 747 4445 possit
775 4390 827 4445 pro
856 4373 929 4444 quod
951 4392 1000 4426 nou
1021 4391 1101 4446 posse
1123 4374 1181 4443 (nec
1203 4372 1233 4426 id
1253 4373 1298 4446 p.)

221 4455 347 4530 positum
372 4455 528 4513 defendere
552 4468 675 4513 conatur
697 4460 879 4530 (comparato
903 4457 953 4513 illo
977 4476 1013 4512 ex
1037 4458 1061 4527 Ι,
1086 4458 1137 4514 19:
1160 4476 1214 4531 quo
1235 4459 1298 4531 effi-
