3030 5086
297 463 360 529 592
688 481 734 528 nn
756 481 887 529 nmmos
909 481 981 528 sor.

298 649 409 713 versia.
455 649 567 713 Omnia
589 655 720 730 peccata
741 650 832 730 paria
854 650 964 714 dicitis.
1015 649 1085 713 Non
1109 668 1166 730 ego
1189 657 1290 715 tecum
1312 649 1379 714 iam

298 751 342 815 ita
363 751 504 831 iocabor,
532 758 568 815 ut
594 752 704 816 iisdem
727 750 775 816 his
802 753 842 817 de
869 751 978 831 rebus,
1006 769 1076 816 curn
1098 752 1133 815 L.
1157 751 1321 817 Murenam
1343 758 1379 817 te

299 860 466 917 accusante
485 851 690 917 defenderem.
724 854 818 934 Apud
840 853 1002 935 imperitos
1025 863 1091 918 tum
1114 853 1166 917 illa
1190 853 1271 919 dicta
1287 860 1377 932 sunt3

298 954 416 1035 aliquid
439 955 532 1018 etiam
555 973 690 1020 coronae
712 956 833 1032 datum;
861 973 942 1018 nunc
969 956 1124 1035 agendum
1152 963 1201 1019 est
1222 955 1378 1020 subtilius.

176 1116 183 1132 ,
261 1057 283 1122 5
301 1057 349 1120 75.
372 1055 506 1121 Peccata
527 1057 625 1137 paria.
657 1058 798 1136 Quonam
822 1055 936 1120 modo?
964 1056 1044 1136 Quia
1062 1074 1119 1120 nec
1135 1056 1266 1122 honesto
1283 1056 1379 1139 quid·

299 1176 394 1239 quam
416 1158 577 1222 honestius
605 1177 662 1223 nec
684 1157 768 1239 turpi
790 1158 922 1239 turpius.
967 1157 1067 1239 Perge
1093 1175 1204 1239 porro;
1238 1177 1309 1223 nam
1336 1158 1380 1223 de

300 1259 360 1324 isto
383 1277 497 1340 magna
519 1259 673 1324 dissensio
697 1269 758 1338 est;
780 1260 833 1324 illa
856 1267 1041 1341 argumenta
1059 1260 1189 1341 propria
1204 1260 1381 1338 videamus,

300 1379 355 1425 cur
378 1361 480 1425 omnia
503 1360 566 1425 sint
587 1361 677 1442 paria
698 1367 836 1442 peccata.
882 1362 938 1439 Ut,
960 1362 1074 1442 iuquit,
1104 1362 1136 1427 iu
1164 1361 1278 1427 fidibus
1306 1361 1379 1442 plu·

372 1569 392 1612 1,
413 1564 566 1628 nociepoE
608 1563 1024 1627 210cabariiioqoorPCROr.
1070 1570 1092 1615 2.
1111 1564 1132 1612 is
1151 1564 1221 1614 deii
1256 1572 1380 1613 merome

301 1633 452 1681 accusateE
488 1637 511 1680 3.
531 1648 581 1681 cum
601 1632 646 1682 Ec
682 1640 695 1680 t
725 1642 746 1682 ei
764 1650 865 1682 coronae
884 1634 905 1681 E
923 1642 984 1682 earet
1002 1633 1062 1684 c.C
1108 1639 1131 1684 5.
1150 1633 1252 1697 quodum
1270 1631 1381 1682 madon

301 1717 374 1765 aeque
391 1699 527 1750 boaesioC
562 1700 658 1763 qaidL
700 1706 724 1750 8.
740 1711 843 1765 peccata
859 1701 907 1750 abit
922 1702 997 1766 pario
1017 1701 1150 1752 LPCROr.
1184 1700 1293 1766 piurimis
1312 1700 1383 1752 PCR

386 1876 424 1929 ita
452 1873 572 1948 iocabar)
600 1873 651 1932 Sic
679 1893 735 1949 mg.
759 1873 839 1933 Crat.
869 1882 898 1930 et
926 1874 989 1932 cod.
1014 1874 1089 1931 Mor.
1117 1882 1160 1942 et,
1189 1871 1265 1931 Gaio
1294 1880 1381 1941 teste,

301 1959 369 2017 Bas.
383 1968 412 2015 et
425 1958 562 2026 vindob,
586 1959 654 2016 item
669 1959 729 2018 Erl.
744 1970 773 2016 et
785 1959 863 2034 Spir.
877 1956 943 2037 [B],
967 1959 1023 2016 nisi
1047 1959 1125 2033 quod
1148 1958 1247 2016 littera
1264 1961 1275 2015 i
1290 1956 1382 2033 paulo

301 2045 417 2119 longius
436 2044 523 2100 ducta
541 2044 657 2101 transiit
674 2045 702 2101 in
721 2047 731 2102 i
747 2041 791 2125 [et
808 2045 836 2101 in
851 2045 911 2100 Eri.
928 2046 976 2101 bor
997 2044 1026 2100 in
1051 2039 1129 2122 bar];
1152 2043 1241 2101 ceteri
1264 2042 1383 2100 codices

302 2138 331 2186 et
349 2129 492 2186 editiones
512 2130 617 2203 loquar.
662 2131 757 2186 Iocari
776 2128 947 2188 Ciceronem
972 2129 1000 2184 in
1025 2129 1158 2185 oratione
1181 2147 1232 2203 pro
1246 2129 1382 2199 Murena,

302 2233 387 2270 nemo
411 2214 513 2271 nescit.
559 2216 644 2290 Apud
666 2218 800 2289 imperitos
822 2214 1026 2289 philosophiae
1051 2214 1162 2270 iudices
1185 2213 1277 2279 dixit,
1300 2212 1384 2270 dedit

303 2299 414 2373 aliquid
440 2298 527 2355 etiam
551 2319 663 2356 coronae
686 2299 836 2356 hominum
860 2299 1111 2356 circumstantium
1135 2307 1165 2355 et
1187 2296 1382 2357 audientium.

389 2384 438 2441 75.
464 2386 581 2441 Peccata
599 2387 692 2459 pam'a.
731 2384 852 2452 Quonam
875 2387 971 2441 mador
1008 2383 1080 2451 Quia
1102 2381 1172 2457 cet.)
1196 2383 1383 2442 Sententiam

302 2469 387 2546 ponit
409 2458 557 2542 tarr'iquem
581 2489 596 2525 e
616 2469 708 2527 Stoici
732 2488 872 2544 persona;
896 2488 933 2526 ex
956 2487 1009 2525 sua
1031 2487 1096 2525 cum
1120 2468 1316 2524 admiratione
1339 2467 1384 2524 in·

288 2554 447 2628 'terrogat;
471 2553 576 2610 iterum
600 2573 637 2611 ex
660 2554 712 2610 illa
734 2555 879 2611 rationem
902 2554 1007 2610 reddit.
1052 2552 1115 2612 cfr.
1139 2554 1180 2622 ll,
1206 2554 1234 2621 6,
1258 2553 1317 2622 111,
1335 2555 1384 2623 14,

303 2640 340 2706 V,
365 2640 403 2696 79
428 2648 458 2695 et
481 2639 530 2696 86.
566 2639 674 2714 Vulgo,
698 2647 822 2714 excepto
847 2639 991 2706 Manutio,
1015 2638 1057 2695 sic
1080 2639 1171 2694 verbe
1193 2637 1384 2694 continuant:

303 2726 420 2781 Peccata
438 2727 523 2798 paria
545 2744 661 2798 qrroaam
682 2727 779 2781 modo!
822 2720 899 2803 [Sint
917 2727 1000 2798 poma
1021 2733 1133 2798 peccota
1157 2723 1245 2779 etiem
1270 2717 1322 2802 Β.]

394 2810 430 2866 Ut
456 2812 483 2864 in
498 2810 603 2882 fidibus
623 2810 749 2883 pleiadas
771 2842 811 2852 -
835 2812 923 2866 aerm'e
945 2809 994 2888 sit)
1018 2810 1083 2866 Hoc
1106 2816 1165 2864 est:
1196 2808 1221 2865 si
1249 2825 1287 2864 ex
1318 2807 1383 2883 plu·

303 2894 384 2950 ribus
402 2894 520 2969 organis
538 2894 656 2950 musicis
674 2913 780 2950 nervos
794 2894 971 2950 habentibus
990 2893 1099 2950 nuliius
1117 2893 1199 2949 nervi
1217 2893 1259 2949 ita
1275 2892 1386 2950 intenti

305 2989 386 3047 sunt,
416 2987 447 3035 ut
475 2978 504 3035 id
528 2990 700 3035 concentum
730 2998 849 3036 serrare
878 2979 985 3054 possit,
1016 2978 1114 3035 nervis
1142 2978 1386 3036 consonantibus.

304 3064 434 3121 Placidus
457 3082 513 3139 mg.
526 3063 616 3133 Crat,
639 3064 723 3121 codd.
736 3061 859 3137 Mor.(?)
877 3073 906 3120 et
924 3064 1014 3134 Scal.,
1037 3077 1072 3136 ψ,
1097 3062 1165 3121 Gaii
1184 3081 1295 3130 omnes,
1316 3057 1385 3144 [B],

304 3149 392 3219 Vict,
416 3149 528 3219 bamb,
552 3158 613 3206 tum
638 3147 739 3207 Gaius.
774 3149 879 3206 Plures
902 3167 966 3206 esse
984 3150 1130 3205 debebant
1152 3147 1386 3224 comparationis

305 3252 402 3304 causa,
422 3234 564 3308 plurimas
576 3252 640 3290 esse
653 3234 726 3291 nihil
739 3253 813 3309 opus
825 3243 902 3304 erat3
921 3233 956 3290 de
973 3230 1146 3291 confusione
1164 3234 1225 3291 dixi
1243 3232 1317 3300 adl,
1334 3232 1385 3291 15.

304 3319 420 3375 Deinde
436 3322 525 3375 neema
537 3319 673 3375 meliores
686 3320 782 3388 codd..
795 3319 866 3387 Era,
885 3319 963 3394 Spin.
975 3314 1039 3398 [B],
1058 3319 1143 3387 Mon,
1161 3327 1191 3375 et
1202 3318 1384 3375 deteriorum

305 3403 425 3460 minime
450 3404 527 3475 mali,
550 3423 625 3462 unus
650 3405 795 3473 Lambini,
820 3404 884 3462 Pai.
910 3407 939 3475 4,
962 3406 1046 3462 Perr.
1074 3407 1087 3460 1
1113 3405 1163 3476 (P)
1186 3413 1216 3460 et
1239 3404 1267 3473 3,
1291 3404 1385 3460 etiam

306 3488 351 3545 El.
364 3487 455 3561 (Gud.
469 3491 486 3545 2
500 3493 609 3563 vemas),
633 3499 770 3563 recteque
783 3488 876 3547 Gaius
892 3490 1038 3566 probavit,
1058 3499 1088 3546 et
1106 3489 1164 3546 iam
1183 3497 1252 3545 anto
1264 3489 1386 3547 Marsus

306 3583 334 3631 et
358 3573 513 3644 Davisius,
543 3574 592 3649 qui
622 3582 719 3631 tamen
748 3575 878 3631 malebat
904 3578 1031 3632 conteritis
1059 3578 1162 3643 aeras,
1192 3573 1256 3631 sine
1278 3590 1385 3643 caum

306 3678 372 3715 nam
397 3661 509 3721 nervis.
538 3659 568 3716 id
591 3669 650 3728 est,
676 3678 832 3717 nervorum
856 3660 989 3716 tensione
1012 3660 1094 3734 ipseo
1118 3668 1197 3717 totae
1220 3658 1293 3716 fides
1314 3676 1387 3717 con·
1462 3698 1465 3703 -

305 3745 472 3803 tenduntur.
507 3747 542 3802 In
559 3746 665 3803 ceteris
683 3746 834 3802 codicibus
851 3756 881 3802 et
898 3745 1087 3811 editionibus,
1104 3752 1286 3801 commutato
1303 3762 1386 3801 oom-

305 3831 421 3905 pendio,
445 3831 583 3888 scribitur
605 3835 736 3899 nemerim
759 3832 860 3906 itaque
883 3831 955 3888 fides
977 3830 1152 3906 intellegunt
1170 3828 1301 3905 singulos
1317 3846 1386 3886 ner·

306 3935 367 3985 voe,
391 3934 552 3989 eorumque
570 3916 680 3972 nulium
701 3916 831 3972 numeris
850 3925 1017 3973 contentum
1042 3916 1099 3972 dici
1123 3923 1236 3989 putant,
1259 3913 1387 3989 tripiici·

305 4009 350 4056 ter
372 4010 514 4070 errantes,
537 4001 662 4076 primum
687 4001 716 4057 in
739 4001 954 4076 significatione
971 4001 1053 4058 vocis
1068 4002 1151 4075 fides,
1175 3999 1281 4056 deinde
1304 3999 1388 4074 quod

305 4085 434 4141 numeris
458 4086 537 4142 tendi
561 4105 682 4143 nervum
708 4105 792 4162 posse
816 4095 935 4161 putant,
965 4097 1113 4161 postremo
1141 4084 1220 4159 quod
1243 4083 1272 4140 in
1296 4083 1387 4142 unius

305 4171 388 4228 nervi
413 4170 544 4228 tensione
568 4182 739 4229 concentum
764 4182 816 4228 aut
838 4172 1064 4247 discrepantiam
1088 4189 1232 4246 apparere
1249 4169 1387 4241 credunt,

305 4266 338 4313 ut
359 4257 385 4314 is
408 4256 470 4332 ipse
494 4275 599 4333 perse
623 4257 749 4333 spectari
774 4258 875 4333 possit.
911 4257 948 4314 Et
971 4258 1006 4315 de
1024 4257 1080 4313 hoc
1097 4256 1215 4330 quidem
1233 4254 1292 4311 dici
1310 4272 1389 4331 opus

306 4359 364 4399 non
388 4352 440 4400 est.
485 4343 532 4399 Ne
555 4342 627 4399 iilud
650 4343 769 4416 quidem
787 4344 953 4418 obscurum,
976 4361 1113 4399 numeros
1131 4341 1162 4398 in
1180 4339 1301 4398 musicis
1318 4358 1390 4417 per·
