3030 5086
123 527 126 533 .
221 477 284 542 646
612 498 657 542 na
680 496 811 543 rmraus
834 497 905 543 acu.

220 669 286 725 turn
303 662 419 727 sensim
435 662 544 743 incipit
560 665 708 744 progredi
725 682 856 745 seseque
871 683 1043 746 agnoscere
1060 672 1093 730 et
1107 667 1318 748 intellegere,

293 869 312 913 l.
331 873 378 914 tum
397 882 445 914 om.
465 866 486 917 C
521 884 591 916 seusu
612 869 632 916 E

220 1042 274 1097 57:
303 1043 343 1097 uti
368 1042 504 1115 quidquid
526 1044 613 1116 operte
635 1044 751 1115 socient)
774 1059 810 1097 ne
834 1041 923 1098 ceteri
947 1041 1066 1115 quidem
1088 1041 1312 1109 adhibuerunt,

218 1142 313 1199 neque
337 1126 530 1183 certissimum
555 1126 754 1183 testimonium
777 1126 851 1202 legis
874 1126 1007 1202 agrariam
1033 1126 1063 1183 iu
1086 1146 1153 1184 aare
1176 1145 1312 1185 conser-

219 1221 319 1268 vatum
331 1212 519 1283 (Mommsen.
537 1210 609 1270 c.1.
623 1211 656 1269 L.
669 1212 684 1268 I
702 1230 732 1270 n.
746 1210 807 1268 200
820 1212 924 1283 v.27):
943 1215 997 1267 uter'
1012 1214 1143 1286 qru'cquid
1157 1216 1312 1288 quoier'que

218 1306 279 1352 ante
296 1297 322 1352 l.
335 1298 353 1354 l.
366 1316 390 1351 r.
414 1298 495 1365 ltcur't,
518 1299 557 1352 ito
579 1307 634 1353 cet.
669 1299 813 1371 Apparet,
836 1295 924 1353 facilc
947 1296 1026 1353 credi
1050 1315 1145 1372 posse,
1168 1298 1251 1372 quod
1275 1309 1310 1356 et

217 1380 400 1454 antiquiores
417 1391 446 1437 et
458 1381 610 1440 Ciceronis
631 1381 770 1455 aequales
792 1381 939 1437 interdum
956 1379 1090 1451 fecerint,
1112 1391 1146 1439 ut
1161 1384 1312 1457 quidquid

218 1484 275 1521 non
298 1476 377 1522 recte
402 1485 454 1540 pro
477 1467 597 1541 quidque
619 1477 775 1542 ponerent.
805 1466 835 1523 id
864 1466 952 1522 etiam
976 1465 1113 1524 Ciceroni
1135 1467 1306 1542 aliquando

218 1550 374 1620 eccidisse3
402 1552 516 1626 eritque
543 1552 599 1608 hoc
627 1570 664 1608 ex
687 1552 723 1608 iis
747 1549 879 1625 reliquiis
903 1551 1010 1607 vetusti
1034 1552 1192 1619 sermonis,
1221 1571 1307 1627 quaa

218 1646 286 1711 post
308 1635 479 1694 Ciceronem
504 1655 561 1693 non
585 1637 787 1712 reperiuntur.
811 1636 897 1709 quale
921 1646 985 1692 erat
1007 1635 1095 1706 illud,
1120 1636 1237 1711 dequo
1263 1638 1305 1695 ad

217 1721 242 1780 1.
256 1723 296 1777 60
314 1721 385 1782 dixi.
404 1740 456 1777 nec
474 1739 568 1795 pauca
584 1721 652 1778 alia.
698 1721 755 1779 Sed
774 1732 881 1778 tamen.
901 1739 969 1776 num
989 1740 1093 1796 reapse
1110 1721 1254 1779 acciderit
1272 1733 1306 1779 et

218 1806 325 1879 quibus
347 1805 430 1870 locis,
453 1805 573 1863 difficile
590 1817 635 1863 est
654 1806 793 1874 iudicatu,
817 1806 895 1880 quod
913 1816 942 1862 et
958 1805 1072 1863 librarii
1090 1825 1144 1882 pro
1160 1808 1305 1882 quidquid

217 1890 263 1959 id,
286 1891 364 1965 quod
388 1902 491 1966 postea
513 1910 602 1947 unum
626 1891 655 1947 In
679 1909 734 1948 usu
757 1901 834 1958 erat,
864 1890 1042 1947 substituere
1065 1901 1240 1966 potuerunt,
1272 1901 1305 1950 et

217 1994 319 2032 rursus
342 1974 422 2033 facili
446 1994 545 2032 errore
563 1978 700 2050 quidquid
715 1974 803 2032 scribi
823 1994 875 2051 pro
893 1978 1013 2049 quidque
1027 1974 1092 2048 (cfr.
1109 1977 1147 2034 ad
1159 1977 1215 2041 1v,
1232 1977 1304 2052 13);

217 2070 247 2117 et
269 2079 340 2117 sane
362 2061 391 2117 in
415 2061 470 2117 hoc
493 2061 558 2135 ipso
580 2061 656 2118 libro
681 2062 720 2118 89
745 2069 774 2117 at
796 2061 826 2116 in
839 2062 925 2117 Verr.
944 2061 998 2127 lv,
1013 2061 1049 2117 81
1071 2071 1102 2117 et
1116 2061 1174 2118 132
1195 2062 1304 2120 melio-

216 2165 264 2204 res
281 2146 397 2203 codices
420 2144 530 2203 habent
552 2147 598 2202 ubi
619 2148 738 2220 quidque
760 2154 790 2201 et
811 2148 1022 2220 unumquidque,
1036 2145 1207 2204 'deteriores
1223 2148 1304 2205 alte·
1405 2194 1409 2202 .

217 2250 291 2288 rum.
336 2230 394 2289 Sed
423 2240 454 2287 ut
483 2231 619 2288 meliores
647 2231 688 2287 ibi
717 2231 865 2306 praelatos
888 2248 952 2288 esse
975 2249 1096 2306 prorsus
1119 2232 1226 2307 probo,
1257 2233 1306 2291 ita

218 2326 246 2372 et
269 2316 298 2372 in
317 2316 405 2373 Tusc.
421 2318 456 2383 V,
470 2317 509 2373 98
533 2327 562 2372 ut
583 2316 719 2390 quidquid
734 2315 848 2372 retineo
867 2324 897 2371 et
913 2315 972 2372 ibd.
984 2317 1040 2383 lv,
1054 2317 1095 2372 44
1113 2334 1129 2372 e
1146 2316 1304 2375 codicibus

218 2402 353 2458 omnibus
375 2400 432 2457 fide
455 2401 552 2475 dignis
568 2401 616 2472 (de
628 2400 724 2459 Paris.
743 2411 834 2457 testes
858 2400 929 2457 mihi
952 2412 1020 2457 sunt
1038 2399 1155 2458 Gudius
1172 2410 1202 2458 et
1219 2402 1305 2460 Kra-

218 2487 332 2561 rupius)
355 2486 568 2543 restituendum
591 2504 711 2543 censeo:
739 2486 786 2542 ubi
811 2488 879 2542 enim
906 2487 1045 2560 quidquid
1071 2497 1127 2544 cet.
1174 2485 1303 2546 Ceteros

218 2571 299 2628 locos
312 2571 504 2628 Frotscherus
527 2582 557 2628 et
573 2571 749 2646 interpretes
766 2571 804 2627 ad
821 2571 911 2627 Tusc.
924 2572 961 2638 V,
977 2573 1016 2628 2³8
1033 2570 1174 2628 indicant.
1202 2570 1304 2650 [Add.

217 2657 256 2713 ad
274 2657 402 2713 Herenn.
416 2656 456 2715 Π.
471 2658 509 2712 47
528 2668 557 2713 ut
573 2653 732 2733 quidquid]
757 2656 816 2714 Sed
835 2656 913 2729 quod
931 2656 967 2712 de
979 2657 1017 2714 N.
1033 2656 1071 2713 D.
1084 2657 1125 2724 ΙΙ,
1139 2657 1179 2713 58
1194 2667 1304 2735 contra

218 2741 422 2800 Heindorfium
447 2740 599 2798 defensum
622 2750 681 2804 est,
704 2740 793 2798 etium
816 2760 835 2796 a
857 2740 1104 2817 Stuerenburgio:
1127 2751 1228 2799 ceterae
1251 2761 1305 2799 na·

218 2838 296 2886 turae
312 2830 369 2883 suia
385 2828 528 2884 omninibus
545 2846 685 2901 qrmequae
699 2829 854 2899 pumuntur,
872 2826 902 2882 id
915 2845 972 2883 non
985 2826 1052 2883 ideo
1065 2836 1178 2884 tantum
1192 2827 1305 2884 eicien-

218 2914 287 2970 dum
311 2922 364 2981 est,
388 2912 466 2986 quod
489 2912 594 2971 Cicero
617 2908 699 2990 [nam
722 2911 758 2969 de
777 2911 822 2968 vl
844 2910 881 2967 ad
904 2912 987 2968 Fam.
1003 2914 1058 2978 1,1
1082 2912 1216 2969 Mediceo
1240 2930 1303 2970 uon

218 2993 321 3076 oredo]
344 3007 373 3053 et
396 2997 447 3054 alii
475 2998 538 3055 solo
567 3006 672 3054 neutro
700 3014 807 3073 genere
837 2996 880 3053 sic
908 3006 1031 3054 utuntur
1058 3014 1112 3053 nec
1134 2997 1240 3056 Cicero
1271 2997 1304 3054 in
1391 3036 1397 3046 ·

218 3094 322 3159 aperta
341 3083 548 3139 distributione
567 3093 634 3158 post
655 3101 733 3151 renus,
755 3101 822 3139 auur
838 3092 890 3138 aut
911 3090 979 3157 post
1001 3081 1224 3158 superlativum,
1248 3081 1304 3139 sed

218 3168 297 3243 quod
320 3167 490 3225 femininam
514 3169 590 3224 hanc
612 3167 736 3224 formam
754 3186 895 3242 quaequae
916 3167 1078 3225 inauditam
1102 3185 1166 3224 osse
1183 3166 1304 3224 ostendi

217 3254 255 3311 ad
277 3253 336 3323 111,
349 3255 400 3309 45.
444 3250 550 3332 [Apud
573 3253 690 3311 Livium
714 3252 801 3322 vin,
826 3253 876 3322 38,
899 3255 933 3308 ll
961 3251 1075 3309 librarii
1097 3255 1221 3326 quiaquia
1245 3270 1303 3327 pro

219 3343 333 3416 quiaque
355 3339 536 3413 scripserunt
558 3357 621 3405 nec,
644 3337 759 3412 opinor,
785 3337 880 3394 minus
896 3337 1083 3407 XXXVIII,
1099 3339 1146 3407 17,
1162 3338 1200 3394 18
1218 3338 1304 3412 quid·

219 3426 295 3500 quid.
332 3424 419 3497 Quod
437 3424 643 3482 Lachmannus
661 3423 698 3479 ad
716 3422 884 3479 Lucretium
898 3423 936 3492 V,
950 3423 1010 3479 264
1024 3441 1042 3479 a
1058 3424 1203 3497 quidquid,
1220 3422 1305 3498 quod
1419 3431 1422 3434 ’

219 3509 392 3567 relationem
411 3517 501 3574 notet,
522 3519 641 3584 separat
658 3510 799 3582 quicquid,
822 3507 902 3581 quod
920 3526 973 3582 pro
990 3513 1106 3582 quicque
1122 3508 1248 3578 dicatur,
1272 3507 1305 3566 id

219 3614 291 3652 vero
319 3605 414 3652 totum
443 3594 548 3651 leviter
575 3594 731 3651 confictum
754 3602 814 3662 est;
841 3610 931 3649 unum
960 3603 1006 3650 est
1033 3593 1111 3649 enim
1140 3610 1307 3668 pronomen

219 3679 396 3757 geminando
415 3690 514 3736 natum
534 3682 667 3754 quiaquia
691 3679 836 3752 quidquid,
860 3678 1078 3753 pronuntiando
1097 3676 1207 3735 factum
1225 3681 1305 3752 quic·

219 3768 301 3842 quid3
330 3765 407 3821 inter
430 3766 484 3822 hoc
508 3774 536 3821 et
559 3768 687 3838 quisque,
711 3766 846 3838 quidque,
870 3766 985 3837 quicque
1008 3764 1127 3820 tertium
1151 3763 1305 3839 interponi

219 3851 293 3908 nihil
316 3859 422 3925 potest,
445 3850 524 3925 quod
547 3849 660 3906 oriendi
683 3867 738 3906 nec
760 3866 878 3905 causam
902 3866 956 3904 nec
978 3849 1122 3906 rationem
1141 3848 1232 3904 habet
1248 3865 1306 3906 nec

220 3935 427 4013 significationi
451 3936 554 3992 locum.
588 3936 694 4008 Itaque
717 3944 810 3990 totum
834 3953 869 3990 eo
892 3933 983 4002 redit,
1012 3943 1109 3990 utrum
1133 3933 1243 3990 rectius
1266 3932 1308 3990 ad

219 4021 446 4097 originationem
464 4023 600 4095 quidquid
621 4038 658 4075 an
681 4019 719 4075 ad
742 4018 1013 4094 pronuntiationem
1037 4020 1168 4093 quicquid
1190 4017 1308 4075 scriba·

220 4119 284 4175 tur;
314 4107 429 4163 codices
452 4106 570 4180 quidem
594 4105 649 4162 hoc
672 4105 783 4162 habent
804 4123 862 4161 non
886 4104 982 4161 minus
1010 4104 1039 4160 in
1063 4103 1189 4161 relativa
1211 4102 1307 4180 signi·

220 4193 371 4254 ficatione,
400 4202 430 4249 et
452 4191 558 4249 vellem
582 4192 619 4247 ab
642 4190 727 4247 initio
750 4190 793 4246 sic
815 4188 1008 4263 scripsissem.
1055 4189 1118 4247 Nec
1141 4188 1306 4263 quidquam

221 4278 382 4354 proficitur,
406 4277 485 4350 quod
507 4277 536 4333 in
556 4276 620 4353 lege
639 4275 717 4333 Iulia
740 4274 910 4350 municipali
934 4274 1063 4349 lapIcida
1085 4273 1176 4331 semel
1199 4274 1307 4331 eadem

221 4363 426 4438 pronominum
452 4362 624 4419 confusione
647 4380 803 4436 quemquern
827 4379 880 4435 pro
897 4379 1029 4434 quemque
1046 4355 1173 4438 incidit]
1207 4357 1309 4417 Paulo

221 4457 289 4523 post
302 4449 380 4504 labet
391 4447 475 4504 codd.
488 4447 575 4504 etiam
588 4441 786 4525 aliorum[B].
802 4443 1062 4513 CorrexitLamb.;
1074 4443 1133 4502 viu.
1143 4443 1180 4500 ad
1188 4443 1246 4512 lv,
1255 4444 1309 4506 67.
