3030 5086
180 452 185 461 “
256 461 319 526 296
648 478 693 523 nn
716 477 847 524 aramus
870 477 942 522 nou.

257 665 411 710 summurn
439 646 551 709 bonum
575 652 638 723 est,
668 644 738 708 huic
765 644 869 708 omnia
891 662 999 721 sensu,
1031 663 1089 707 non
1114 644 1236 708 ratione
1257 651 1331 708 sunt

256 747 438 823 iudicanda,
472 766 571 827 caque
600 747 732 811 dicenda
759 747 891 827 optima,
925 764 1004 826 quae
1038 752 1110 810 sunt
1138 744 1329 811 suavissima.

257 849 307 913 92.
328 849 444 913 Verum
462 856 544 927 esto;
567 853 777 929 consequatur
799 866 936 912 summas
957 847 1135 927 voluptates
1156 867 1218 912 non
1237 849 1330 913 modo

257 967 364 1030 parvo,
388 951 444 1013 sed
466 968 524 1029 per
545 968 595 1013 me
619 950 719 1027 nihilo,
743 949 769 1013 si
787 955 905 1029 potest;
929 950 971 1013 sit
987 950 1131 1029 voluptas
1150 967 1211 1013 non
1230 951 1330 1014 minor

218 1051 289 1116 bin
312 1051 469 1115 nasturcio
492 1050 552 1128 iiio,
575 1070 636 1131 quo
654 1050 735 1114 vesci
752 1050 868 1115 Persas
890 1068 960 1115 esse
975 1050 1085 1115 solitos
1102 1051 1208 1115 scribit
1225 1052 1330 1117 Xeno-

256 1154 349 1233 phon,
372 1172 465 1233 quam
488 1153 519 1216 in
538 1152 742 1235 Syracusanis
765 1153 888 1229 mensis,
911 1171 992 1232 quae
1009 1172 1029 1215 a
1046 1151 1176 1216 Platone
1192 1154 1331 1234 graviter

257 1255 488 1336 vituperantur;
517 1255 570 1333 sit,
598 1254 740 1334 inquam,
769 1260 833 1317 tarn
855 1252 968 1333 facilis,
997 1272 1089 1333 quam
1112 1254 1220 1333 vulda,
1248 1274 1331 1320 com·

256 1357 378 1436 paratio
407 1355 589 1435 voluptatis;
623 1355 698 1436 quid
731 1356 770 1419 de
803 1355 910 1419 dolore
937 1355 1095 1421 dicemus?
1129 1357 1216 1421 cuius
1244 1364 1332 1422 tanta

256 1464 413 1523 tormenta
435 1467 516 1534 sunt,
538 1457 625 1521 utin
648 1456 686 1520 iis
709 1456 801 1520 beata
817 1457 889 1534 vita,
912 1457 939 1520 si
958 1458 1049 1521 modo
1072 1458 1160 1521 dolor
1177 1476 1331 1524 summurn

200 1559 241 1622 10
258 1559 372 1623 malum
396 1567 452 1637 est,
476 1577 545 1623 esse
568 1578 628 1622 non
652 1557 760 1638 possit.
804 1559 876 1638 Ipse
899 1558 978 1622 enim
1001 1558 1209 1639 Metrodorus
1231 1580 1332 1641 paene

168 1701 173 1711 .
226 1713 231 1721 .
258 1660 337 1726 alter
360 1661 526 1741 Epicurus,
550 1660 675 1724 beatum
698 1678 768 1724 esse
790 1659 940 1724 describit
962 1660 1009 1724 his
1032 1658 1098 1724 fere
1120 1662 1239 1726 verbis:
1262 1681 1331 1727 cum

328 1887 350 1929 2.
372 1881 419 1930 sr'rrt
444 1880 544 1946 [Alma
588 1879 732 1943 firmissima
756 1880 776 1927 M
835 1884 856 1928 9.
883 1880 927 1928 r'sto
954 1879 1021 1929 modo
1048 1881 1105 1945 (pro
1132 1884 1191 1945 asto)
1215 1882 1333 1932 LPMCR

257 1949 430 2068 {piramus
449 1949 568 1999 Ll'MCll
604 1954 625 1998 9.
645 1949 722 2017 ‘'¹th
742 1947 905 1999 ELPMCOr.
945 1953 981 1996 il
1005 1946 1085 2014 [aletes
1102 1949 1153 2017 A1]
1175 1948 1245 2000 alrler
1262 1968 1333 2015 quoru

258 2207 347 2270 vict..
370 2207 460 2277 Mam,
483 2207 559 2262 Dav.
583 2206 649 2272 duo,
674 2204 753 2264 Oxx.
768 2205 832 2273 EU,
856 2203 963 2262 Gziani
986 2216 1103 2279 praeter
1120 2207 1180 2263 Eri.
1203 2216 1233 2264 et
1256 2209 1334 2284 Spir.

258 2287 321 2371 [B].
344 2301 377 2348 ut
399 2292 609 2367 significentur,
633 2309 708 2365 quae
730 2291 793 2365 ipse
816 2291 991 2347 svavissima
1014 2292 1131 2348 iudicet.

345 2377 394 2433 92.
437 2379 530 2432 t'erum
552 2386 622 2440 esto,·
644 2377 835 2450 consequatur)
859 2376 929 2431 Esto
951 2376 1120 2433 coniectura
1142 2389 1334 2454 praeceperat

259 2462 424 2530 Manutius3
448 2462 621 2518 confirmant
645 2461 708 2519 Pal.
726 2464 752 2529 l,
776 2460 821 2516 El.
835 2460 863 2529 2,
888 2461 965 2534 Spir.
990 2459 1055 2538 [B],
1079 2481 1136 2538 mg.
1155 2461 1245 2529 Crat..v
1269 2466 1332 2521 cod.

258 2547 335 2604 Mor.
376 2547 546 2614 Lambinus,
569 2546 668 2602 nescio
686 2546 825 2619 quotide,
850 2545 938 2602 tradit
955 2546 984 2601 in
1008 2546 1069 2602 suis
1092 2548 1228 2605 omnibus
1250 2550 1333 2606 codd.

258 2649 323 2689 esse
346 2635 395 2688 isto
418 2632 481 2688 sine
503 2633 589 2689 modo.
625 2632 701 2687 Tum
722 2650 773 2705 per
794 2650 835 2686 roe
858 2629 1005 2688 Gruterus
1028 2650 1044 2687 e
1064 2633 1128 2690 Pal.
1152 2636 1165 2689 1
1189 2634 1333 2703 restituit3

259 2716 412 2773 confirmat
434 2717 522 2773 etiam
547 2716 624 2791 Spir.
649 2713 714 2792 [B].
759 2715 837 2774 Oxx.
863 2711 904 2783 Εξ
919 2718 1009 2788 firme,
1037 2717 1107 2792 υχψ
1124 2720 1222 2791 ferme.

343 2802 434 2858 scribit
457 2799 621 2877 Xenophon)
644 2800 809 2876 Cyropaed.
833 2801 861 2868 I,
888 2802 921 2869 2,
947 2801 974 2868 8,
998 2819 1085 2875 quem
1109 2802 1204 2860 locum
1230 2803 1334 2863 Cicero

258 2886 377 2961 attingit
399 2887 487 2943 etiam
512 2886 631 2945 Tuscul.
656 2888 693 2954 V,
719 2886 772 2952 99,
797 2885 847 2941 nbi
869 2886 956 2960 plura
980 2885 1119 2943 Davisius
1141 2880 1275 2965 collegit3
1299 2890 1334 2946 de

259 2971 366 3029 mensis
390 2971 582 3047 Syracusanis
606 2972 706 3032 Plato
731 2971 780 3044 qui
803 2969 940 3028 Ciceroni
962 2971 1131 3042 videbatur,
1155 2973 1249 3048 Epist.
1272 2976 1334 3033 VII

258 3076 286 3131 p.
301 3057 360 3112 326
381 3057 415 3127 B,
439 3076 524 3131 quem
549 3056 644 3113 locum
669 3054 773 3114 Cicero
796 3055 1006 3131 interpretatus
1029 3064 1073 3113 est
1095 3057 1183 3117 Taso.
1205 3060 1242 3129 V
1266 3061 1333 3118 100.

344 3143 470 3198 describit
499 3144 539 3197 lus
561 3144 623 3214 sere
651 3142 749 3236 uerbis)
773 3140 852 3199 Usus
880 3141 935 3196 hac
955 3142 1133 3239 definitione
1156 3152 1220 3199 erat
1242 3138 1271 3200 ἐν
1293 3143 1334 3217 rui

258 3216 325 3300 περὶ
345 3243 400 3281 του
388 3219 540 3298 μείζονα
563 3216 691 3281 aliur
659 3244 711 3299 την
732 3229 803 3298 παρ’
828 3215 905 3298 ημᾶς
928 3219 1026 3282 αἰτίαν
1048 3217 1122 3301 πρὸς
1145 3219 1333 3303 τυδαιμοαίαν

258 3305 311 3383 τῆς
334 3304 363 3366 ἐκ
385 3307 443 3365 ‘coir
464 3297 661 3384 πραγμάτων
686 3328 782 3383 equo
805 3310 912 3367 libro
905 3329 970 3385 ipsa
992 3313 1082 3368 verba
1106 3311 1222 3369 Graeca
1246 3312 1334 3370 habet

259 3391 406 3490 Clemens
420 3394 508 3452 Alex.
535 3395 565 3451 ΙΙ
589 3393 696 3451 Strom.
720 3414 747 3469 p.
772 3396 842 3452 179:
856 3386 1005 3491 Ἀγαθὸν
1035 3393 1131 3489 ψυχῆς
1158 3390 1191 3452 τί
1216 3384 1333 3452 ἄλλο
1318 3418 1334 3471 η

258 3467 293 3533 τὸ
316 3469 426 3555 σαρκὸς
448 3468 594 3542 εὐσταθὲς
616 3467 793 3552 κατάστημα
816 3469 864 3535 uui.
886 3471 921 3534 τὸ
944 3471 1009 3555 περὶ
1032 3498 1173 3554 ταυτης
1164 3470 1268 3536 πιστὸν
1291 3475 1333 3536 ἕλ-

258 3580 368 3635 αισμας
392 3562 561 3619 Metrodoro
585 3563 688 3620 tribuit
710 3562 846 3622 Cicero'
839 3584 867 3620 rn
891 3564 1067 3621 Tusculanis
1090 3583 1206 3639 quoque
1228 3566 1269 3625 II
1297 3567 1332 3623 17

259 3648 337 3717 etv
352 3649 400 3704 27.
447 3647 545 3706 Ceteri
568 3647 629 3704 fere
652 3657 800 3722 tamquam
824 3667 1007 3707 communem
1031 3650 1148 3707 scholae
1171 3650 1334 3725 Epicureae

259 3734 363 3790 summi
392 3733 462 3788 boni
491 3741 520 3788 et
548 3733 651 3789 beatae
675 3733 752 3789 vitae
781 3735 980 3792 definitionem
1004 3744 1130 3810 ponunt,
1161 3743 1194 3792 ut
1216 3736 1334 3792 Plutar-

259 3819 329 3874 chus
363 3819 443 3890 (Νοη
473 3836 558 3915 posse
586 3819 716 3874 suaviter
744 3829 799 3875 cet.
828 3823 846 3877 4
875 3840 924 3915 p.
932 3823 1009 3911 1089
1035 3822 1089 3893 D).
1133 3811 1176 3877 Τὸ
1205 3811 1260 3895 γὰρ
1290 3812 1332 3876 σι’·-

259 3892 375 3967 credie
399 3894 508 3993 cupario
530 3888 707 3975 κατάστημα
730 3894 778 3959 καὶ
802 3894 836 3960 τὸ
858 3894 924 3995 περὶ
947 3923 1058 3978 ταυτας
1079 3894 1183 3961 πιστὸν
1206 3897 1334 3975 ἔλπισμα

258 3977 309 4060 τὴν
333 4004 501 4062 ακροτατηα
528 3977 624 4061 χαρὰν
652 3976 700 4041 καὶ
723 3975 963 4062 dedecorosas*
947 4006 1004 4062 εχει
1026 3991 1089 4053 τοῖς
1114 3981 1333 4063 ἐπιλογίζεσθαι

259 4063 440 4142 δυναμένοις.
491 4071 561 4127 Alia
595 4071 665 4127 citat
699 4072 839 4130 Davisius
873 4073 909 4128 ad
943 4075 1031 4130 Tusc.
1066 4073 1160 4129 locum
1194 4073 1332 4147 priorem,

259 4153 365 4226 quibus
392 4155 460 4211 addi
488 4164 585 4231 potest
613 4157 691 4213 Plut.
720 4159 875 4232 Praecept.
856 4159 941 4215 tde
970 4158 1064 4217 Sanit.
1089 4159 1127 4214 22
1156 4177 1184 4231 p.
1212 4158 1269 4214 135
1300 4156 1333 4215 C.

259 4239 353 4295 Paulo
381 4249 449 4296 ante
475 4260 563 4314 poetae
588 4244 657 4297 citor
685 4243 781 4316 Epio,
813 4243 890 4316 quod
918 4244 947 4300 in
977 4263 1034 4320 mg.
1058 4242 1137 4301 Crat.
1166 4251 1333 4311 annotatur,

258 4323 385 4397 primus,
420 4325 539 4399 opinor,
574 4326 665 4382 edidit
699 4328 829 4396 Marsus,
864 4329 968 4385 deinde
997 4328 1148 4385 Manutius
1182 4339 1211 4384 et
1244 4327 1333 4383 ceteri
