3030 5086
666 415 861 462 PRAEFATIO.
1227 399 1302 463 XIX

222 580 325 663 ipsius
347 582 601 648 diiudicationetn
626 583 702 648 nibil
718 586 889 666 pertineret
905 585 992 664 scire,
1015 595 1166 665 quantum
1184 586 1302 650 erroris

222 690 350 755 veritati
372 690 597 756 admiscuisset.
610 694 639 772 ¹)
1326 757 1328 760 ,

311 799 378 862 Iam
401 807 474 863 ante
496 799 701 865 Goerenzium
721 800 753 863 F.
773 799 804 863 C.
823 799 919 876 Alter,
942 818 1011 863 cum
1033 799 1091 863 bos
1112 800 1209 865 libros
1231 819 1299 864 cum

222 905 430 984 Academicis,
453 906 649 986 Tusculanis,
671 906 773 971 libello
797 908 836 971 de
857 906 922 970 fato
940 906 1152 971 'Vindobonae
1170 927 1198 972 a.
1217 909 1301 997 1786

222 1014 341 1090 ederet,
363 1014 395 1078 in
417 1014 504 1079 libris
526 1016 566 1079 de
587 1013 700 1079 finibus
718 1020 924 1078 adnotaverat
940 1015 1182 1094 discrepantiam
1200 1016 1299 1096 scrip-
1331 1064 1334 1071 .

221 1127 315 1185 turae
338 1141 355 1186 e
377 1122 736 1187 codiceVindobonensi.
780 1121 858 1185 Eam
881 1121 1049 1186 editionem
1071 1140 1133 1186 non
1156 1122 1221 1187 vidi
1243 1140 1300 1186 nec
1360 1123 1363 1129 '

221 1228 331 1294 videre
353 1230 473 1308 curavi,
496 1248 566 1294 cum
588 1249 625 1294 ex
648 1230 694 1308 iis,
717 1247 798 1310 quae
820 1228 1011 1293 Goerenzius
1033 1229 1106 1294 inde
1128 1226 1299 1310 transcrip2

222 1345 318 1413 serat,
339 1336 550 1418 intellegerem
572 1337 709 1401 codicem
726 1357 763 1400 ex
785 1335 891 1400 infimo
910 1355 1024 1416 genere
1040 1336 1299 1418 interpolatorum

222 1462 294 1507 esse
317 1453 347 1508 et
369 1444 510 1509 Alterum
533 1441 692 1509 constaret
719 1445 749 1509 in
780 1443 936 1508 codicibus
965 1441 1159 1508 conserendis
1187 1463 1298 1525 parum

222 1551 403 1630 diligentem
425 1551 530 1616 luisse.
604 1559 608 1565 ’

310 1660 343 1722 F.
356 1659 403 1723 W.
416 1662 490 1724 Otto
503 1661 615 1741 (1831)
627 1660 764 1723 codicem
783 1658 1068 1740 Guelferbytanum,
1088 1659 1219 1722 antehac
1235 1675 1297 1722 non

220 1765 381 1842 collatum,
412 1767 575 1845 ,malum“,
603 1774 725 1830 tantum
755 1767 803 1838 „in
827 1765 1013 1831 difficillimis
1035 1765 1111 1830 iocis
1133 1765 1297 1847 inspexit“,

219 1872 253 1936 in
278 1874 389 1953 quibus
412 1874 459 1938 vel
481 1875 613 1938 maxime
634 1874 824 1939 removenda
846 1879 919 1937 sunt
935 1874 1132 1938 librariorum
1149 1874 1298 1937 recentis·

220 1980 371 2044 simorum
394 1981 537 2057 ludibria.

309 2088 507 2153 Manifestum
530 2098 579 2153 est
595 2108 633 2153 ex
649 2090 696 2165 iis,
720 2107 801 2169 quae
823 2089 895 2164 dixi,
918 2088 947 2151 in
969 2095 1084 2168 olianta
1101 2087 1297 2169 ignoratione

219 2204 278 2258 aut
299 2195 492 2260 dubitatione
520 2203 576 2260 aut
603 2196 694 2259 etiam
723 2197 752 2259 in
782 2205 898 2276 quanto
926 2197 1091 2267 erronei,
1120 2196 1173 2276 qui
1196 2196 1297 2260 adhuc

220 2303 378 2367 codicibus
400 2304 448 2366 usi
471 2311 556 2382 sunt,
586 2322 694 2366 eorum
722 2303 909 2384 scripturam
939 2302 1041 2366 multis
1064 2302 1140 2367 locis
1162 2303 1295 2384 relique·

221 2410 293 2487 rint,
315 2428 352 2473 ac
374 2429 474 2492 prope
496 2411 595 2490 magis
618 2410 769 2474 bonorum
792 2428 885 2490 quam
908 2411 1070 2487 malorum,
1094 2429 1224 2490 quorum
1249 2419 1295 2476 te·

220 2517 398 2582 stimonium
420 2518 525 2599 aliquo
548 2519 640 2582 modo
660 2536 696 2582 en
714 2518 942 2581 oxoniensibus
960 2519 1103 2598 cognosci
1121 2525 1253 2598 poterat
1265 2517 1296 2600 9)

219 2624 332 2705 Itaque
354 2625 425 2689 huic
447 2626 527 2690 malo
550 2635 623 2689 ante
646 2626 750 2689 omnia
771 2625 1016 2689 subueniendum
1038 2634 1115 2689 erat.

309 2734 372 2815 §2
406 2734 479 2813 lpse
502 2733 597 2813 igitur
617 2733 762 2814 primum,
785 2734 868 2813 quod
891 2734 981 2813 quasi
998 2731 1231 2797 fundamentum
1249 2740 1298 2797 est

220 2838 314 2904 huius
334 2840 488 2918 editionis,
506 2860 582 2905 usus
600 2860 668 2905 sunt
685 2840 849 2921 scripturis
867 2841 980 2903 codicis
993 2837 1193 2921 Erloapcusis
1208 2847 1297 2904 tanta

220 2946 391 3029 diligentia,
409 2949 460 3012 vix
478 2958 514 3012 ut
525 2949 625 3012 maior
636 2948 739 3028 optari
754 2948 901 3028 potuerit,
919 2948 1062 3022 enotatis
1079 2957 1210 3027 rogante
1226 2966 1297 3011 mea

219 3072 316 3118 causa
334 3054 544 3134 Doederlinio,
567 3055 607 3120 ab
626 3056 750 3136 optimis
767 3055 938 3132 iuvenibus
963 3054 1102 3119 Sartorio
1125 3061 1156 3118 ot
1172 3054 1294 3119 Fritzio.

220 3165 350 3225 (imnum
367 3164 448 3226 enim
466 3164 514 3227 vei
531 3163 689 3227 minimam
707 3151 958 3243 discrepantiam,
981 3171 1129 3225 annotato
1148 3164 1250 3240 etiam,
1268 3162 1293 3226 si

220 3270 296 3349 quid
319 3278 387 3334 erat
408 3271 439 3333 in
462 3270 653 3349 compendiis
676 3270 778 3345 dubii,
804 3276 1026 3350 expresserunt
1047 3270 1078 3332 in
1103 3269 1241 3350 margine
1264 3276 1296 3333 ct

218 3377 301 3440 inter
323 3396 432 3442 versus
455 3377 586 3457 exempli
604 3378 758 3442 Nobbiani
777 3378 875 3458 (lips.
890 3378 995 3455 1828).
1029 3376 1107 3439 Eam
1125 3395 1182 3457 cgo
1200 3376 1293 3440 colla·

218 3484 333 3547 tionem
357 3493 455 3549 totam
479 3492 596 3566 quanta
618 3486 705 3567 potui
728 3485 862 3549 maxima
880 3504 956 3548 cura
977 3485 1008 3547 in
1029 3485 1108 3547 lianc
1127 3483 1293 3547 editionem

216 3592 373 3668 transtuli,
392 3593 594 3656 utiudicandi
605 3596 714 3657 cadem
727 3593 846 3668 ceteris,
864 3591 1040 3672 quaemihi,
1057 3590 1189 3654 i'acultas
1202 3598 1293 3654 esset.

216 3700 354 3762 Tantum
377 3719 423 3777 ea,
445 3718 526 3781 quae
544 3702 584 3764 ad
608 3717 717 3763 vocum
736 3700 969 3763 scribendarum
987 3699 1138 3761 rationem
1155 3697 1293 3778 pertiue-

245 3941 266 3996 ¹)
287 3941 550 3989 Animadvertendum
575 3944 627 3993 cst,
656 3944 680 3987 io
706 3952 756 4000 quo
781 3944 893 3987 erratum
914 3938 977 3991 vidi,
1009 3937 1098 3991 „binos
1123 3937 1197 3985 iiiot¹‘
1223 3938 1290 3999 apud

287 4027 458 4074 Gocrcnaium
478 4025 528 4073 dici
550 4023 599 4073 Eri.
620 4030 644 4071 et
663 4026 736 4086 Spin,
758 4023 864 4081 „binos“
885 4023 950 4071 duos
970 4022 1099 4084 quoslibet
1117 4028 1155 4072 tut
1170 4021 1187 4078 i,
1204 4020 1227 4078 1,
1238 4021 1290 4083 ai).

288 4109 435 4171 Elegantius
455 4110 503 4158 boc
524 4112 608 4158 ileum
629 4114 667 4157 est
685 4121 761 4171 quam
782 4116 849 4156 recte
869 4109 935 4156 dnos
954 4107 1046 4156 dicere.

243 4194 267 4258 ιἰ)
286 4194 442 4256 Saepissime
468 4193 592 4252 Orciiins,
618 4207 678 4242 cum
702 4196 778 4241 ctiam
803 4195 832 4241 od
859 4193 958 4241 tiruteri
986 4198 1059 4240 notus
1083 4198 1107 4240 at
1130 4191 1290 4240 oxonienses

286 4284 374 4330 minus
393 4280 547 4336 attonderet,
573 4293 602 4328 ex
621 4292 672 4326 una
691 4278 802 4327 editione
823 4278 925 4326 Victorii
945 4279 1088 4334 annotavit,
1114 4277 1181 4338 quod
1201 4279 1289 4324 autin

286 4366 409 4415 omuibus
428 4364 561 4414 codicibus
581 4369 624 4412 aut
643 4366 667 4412 to
689 4362 810 4412 omnibus
830 4362 1000 4411 deterioribus
1021 4368 1066 4411 est.

1057 4462 1082 4498 B.
