3030 5086
481 410 526 457 nu
549 409 631 458 usn
653 409 717 456 ma.
740 410 752 456 1
774 410 847 457 car.
867 413 889 460 s.
909 410 1043 472 (ιι-ιι.)
1259 395 1302 461 33

215 589 330 645 menta
356 578 535 660 neglexerit
579 577 660 643 Nam
686 577 763 643 illud
791 577 915 658 quidem
942 578 1057 642 adduci
1085 578 1136 642 vix
1162 597 1301 660 possum,

217 688 259 745 ut
280 699 328 759 ea,
350 699 432 762 quse
452 681 586 746 senserit
607 679 668 758 ille,
690 678 748 745 tibi
765 698 826 744 non
844 696 919 744 vera
935 679 1110 743 videantur.
1147 681 1193 744 15.
1213 678 1301 759 Vide,

296 872 316 915 t.
335 865 391 916 uu
408 865 551 917 uniones.
573 865 617 933 [ar
634 864 694 916 ιιι
710 865 757 933 ιι]
797 872 819 918 ι,
838 864 987 916 vernare

222 1039 326 1110 disset,
348 1040 469 1117 negavit
479 1039 651 1099 Ciceronem
675 1058 711 1096 ea
726 1039 783 1106 uti;
807 1039 929 1109 scilicet,
952 1039 976 1096 si
993 1037 1057 1096 'isto
1081 1039 1167 1096 modo
1185 1039 1302 1098 codices

222 1124 373 1199 inspicias.
407 1125 440 1184 Si
462 1124 684 1182 terminationes
706 1124 805 1182 littera
828 1123 1014 1200 praecedenti
1037 1123 1217 1200 distingvers
1235 1125 1302 1198 quis

222 1209 307 1278 velit,
331 1210 407 1267 dixit
429 1211 565 1266 Praxiteli
585 1210 615 1266 iu
632 1211 718 1267 Verr.
730 1211 786 1279 IV,
800 1211 818 1265 4
831 1220 860 1266 et
875 1211 923 1267 12.
958 1209 1039 1265 Idem
1064 1209 1156 1265 codex
1175 1206 1219 1289 [et
1230 1205 1302 1289 AB]

226 1293 367 1351 Carneadi
392 1293 473 1351 dedit
499 1295 546 1365 Π,
571 1295 609 1350 35
638 1304 668 1351 et
694 1295 739 1362 Π,
766 1297 825 1352 116
854 1295 984 1359 Αιιὶιιὶιίι,
1018 1294 1200 1363 Themistocli,
1229 1296 1302 1352 haec
1345 1357 1347 1361 ,

221 1379 343 1452 quidem
365 1397 384 1436 a
395 1378 472 1439 Gaio
489 1390 617 1454 recepta,
639 1389 670 1436 et
681 1380 750 1450 v,5
768 1381 878 1437 Pericli.
911 1380 1013 1452 Atque
1030 1397 1084 1455 ego
1102 1397 1167 1437 enm
1186 1379 1301 1437 videam

221 1464 335 1537 ubique
352 1463 424 1531 fere,
447 1464 498 1521 nbi
521 1465 636 1521 codices
659 1465 728 1522 boni
750 1465 956 1533 adhibeantur,
979 1482 1044 1520 eam
1065 1462 1189 1521 formam
1213 1466 1302 1540 prod·

221 1548 269 1604 ire
290 1549 362 1620 (rid.
384 1549 420 1606 ds
442 1549 594 1619 Verrinis,
624 1549 786 1623 inquibus
809 1567 915 1625 magna
942 1560 986 1606 est
1010 1549 1096 1624 copia
1118 1547 1301 1607 Graecorum

222 1634 386 1697 nominum,
411 1634 504 1709 Epist.
529 1634 565 1690 ad
589 1633 680 1692 Orell.
704 1653 732 1709 p.
751 1635 790 1713 22
814 1644 844 1691 et
866 1635 983 1708 Zumpt.
1008 1634 1190 1703 ad11,108
1213 1644 1243 1692 et
1264 1635 1301 1691 ad

221 1718 323 1788 lv,4,
345 1719 414 1778 coll.
438 1719 474 1776 de
497 1728 557 1794 opt.
581 1738 648 1794 gen.
673 1728 746 1777 orat.
762 1721 799 1775 14
822 1720 852 1776 in
875 1719 944 1777 edit.
959 1718 1051 1777 Orell.
1071 1719 1165 1794 min),
1188 1738 1302 1789 vereor,

220 1812 258 1858 ut
280 1803 340 1860 alia
357 1803 462 1861 Cicero
485 1822 622 1878 umquam
646 1823 715 1860 usus
738 1804 785 1861 sit.
819 1803 878 1863 Sed
901 1817 998 1860 tamen
1021 1805 1051 1860 iu
1075 1804 1130 1860 hac
1152 1823 1194 1873 re,
1218 1816 1249 1861 ut
1272 1806 1301 1862 in

220 1887 293 1944 aliis
315 1888 475 1958 similibus,
505 1906 582 1962 quse
603 1907 708 1946 vocum
731 1889 920 1964 scriptionem
945 1899 973 1946 et
995 1886 1121 1946 formam
1144 1891 1302 1965 attingunt,

220 1983 350 2048 apparet
376 1973 523 2047 quoddam
552 1974 691 2031 iudicium
715 1984 744 2031 et
766 1985 898 2049 potestas
920 1993 1035 2035 eorum,
1064 1974 1113 2048 qui
1138 1975 1303 2032 vetustissi-

222 2075 290 2114 mos
317 2058 432 2115 eodices
459 2059 641 2134 singulorum
671 2078 792 2134 operum
821 2058 1081 2117 Ciceronianorum
1111 2060 1301 2133 scripserunt.

219 2141 332 2216 Itaque
358 2143 387 2199 in
410 2144 532 2203 Tuscul.
556 2145 620 2213 111,
644 2146 683 2200 54
707 2155 735 2201 et
758 2145 797 2212 V,
821 2145 861 2202 88
890 2155 919 2199 et
941 2144 1004 2200 cod.
1029 2144 1123 2201 Paris.
1154 2154 1184 2201 st
1212 2145 1303 2202 ceteri
1360 2186 1362 2191 ι

223 2228 354 2284 retinent
379 2229 538 2285 Carneadis.
581 2229 629 2286 Ne
658 2229 780 2287 nimium
804 2229 986 2285 constantiae
1017 2229 1116 2285 darem
1146 2230 1174 2285 in
1204 2248 1239 2285 ea
1261 2248 1302 2290 re.

223 2311 256 2368 in
280 2330 338 2386 que
359 2321 457 2388 potest
479 2313 584 2373 Cicero
607 2314 777 2371 inconstans
799 2312 915 2383 fuisse?
930 2332 1024 2386 neque
1046 2314 1136 2388 paulo
1159 2324 1227 2370 ante
1250 2319 1265 2383 ς
1284 2316 1302 2370 4

224 2397 360 2472 Euripidi
385 2399 483 2474 recepi
511 2417 549 2454 ex
576 2417 681 2474 parum
710 2410 781 2456 noto
809 2399 886 2456 libro
908 2417 1004 2472 neque
1027 2399 1074 2467 ΙΙ,
1101 2401 1160 2455 118
1188 2400 1304 2457 Herculi

222 2482 339 2558 scripsi,
362 2483 418 2540 etsi
440 2485 483 2541 ita
504 2493 549 2540 est
570 2484 665 2540 Acad.
687 2485 729 2554 11,
756 2486 823 2540 108.

311 2571 438 2625 maenis
459 2568 628 2644 mammenus)
651 2570 859 2626 Persvaseram
883 2568 953 2625 olim
977 2567 1106 2638 Orellio,
1136 2578 1169 2625 ut
1197 2587 1212 2624 e
1235 2569 1299 2628 cod.

223 2651 296 2711 Bas.
330 2663 361 2710 et
387 2653 433 2711 ed.
462 2653 555 2711 Marsi
583 2655 726 2711 scriberet
753 2664 907 2711 ornamenta
937 2656 1064 2709 orationis
1092 2655 1135 2725 (ut
1169 2663 1216 2709 est
1248 2672 1302 2728 pro

191 2784 195 2791 .
223 2737 311 2794 Sulla
334 2739 388 2794 82:
421 2743 580 2814 cairuquam
606 2749 762 2796 ornamenta
789 2740 944 2811 matronis),
973 2738 1051 2812 quod
1079 2739 1218 2812 putabam
1248 2738 1300 2796 du·

224 2821 319 2895 piioes
339 2823 493 2898 genetivos
520 2824 558 2881 ab
586 2825 688 2881 eodem
717 2824 835 2881 nomine
863 2833 948 2898 aptos
975 2841 1135 2896 numquam
1158 2823 1200 2879 sic
1222 2824 1303 2897 poni,

224 2916 261 2962 ut
281 2907 376 2981 primo
397 2908 462 2966 loco
485 2919 564 2965 esset
585 2909 772 2984 principalis,
796 2910 890 2965 altero
912 2908 1116 2976 secundarius,
1139 2907 1227 2964 tertio
1250 2928 1302 2966 no·

225 3009 292 3047 men
315 3011 429 3067 regens,
451 3012 489 3049 ne
512 2993 738 3070 coniungorotur
760 2996 939 3069 ilreophrasti
955 2997 1048 3048 οιιιιιό.
1083 2993 1142 3050 Sed
1165 2992 1304 3050 scribitur

226 3076 310 3132 Brut.
339 3078 412 3135 163:
447 3079 592 3135 &devolas
610 3080 725 3136 dicendi
751 3082 896 3153 ιὶιςιιιιιιιας
931 3079 1018 3135 Tusc.
1048 3078 1103 3143 IV,
1134 3079 1188 3134 31:
1221 3083 1305 3135 urrinni

223 3163 370 3219 muliorum
391 3182 481 3220 rentum
504 3165 577 3219 brein
597 3173 712 3238 ternpore
729 3169 885 3239 peronensi&
908 3161 989 3240 [Cat
1016 3165 1071 3233 50,
1102 3161 1160 3220 Off
1186 3162 1300 3240 1,43].

224 3246 401 3320 Neglexisse
424 3248 584 3322 Epicurum
613 3267 728 3305 omnem
753 3250 869 3306 dicendi
892 3258 1043 3312 ornatuum,
1074 3256 1104 3302 et
1132 3248 1182 3304 elii
1212 3255 1302 3306 testes

225 3342 296 3386 sunt
322 3342 352 3388 et
380 3331 467 3427 Diog
489 3333 588 3391 Ladrt.
613 3335 659 3402 Χ,
686 3334 738 3391 13;
768 3329 920 3424 Κέχρηται
948 3324 979 3389 δὲ
1006 3326 1082 3400 λέξει
1110 3325 1197 3407 κυρίᾳ
1224 3350 1302 3388 auru

223 3412 284 3470 τῶν
304 3404 497 3491 πραγμάτων,
521 3404 569 3491 ἣν,
592 3406 638 3473 ὅτι
661 3405 871 3490 illustratorem)
895 3417 949 3489 (sic
972 3417 1126 3514 Menagius
1149 3435 1203 3489 pro
1227 3410 1303 3472 ieie

223 3487 350 3574 τάτη)’
335 3494 422 3570 εστίν,
443 3489 702 3576 Ἀριστοφάνης
689 3493 926 3577 ογραμμαιικὸς
947 3494 1088 3557 αἰτιᾶται.
1123 3500 1204 3570 Alia,
1228 3519 1303 3574 quae

224 3582 283 3639 huc
305 3584 462 3659 pertinent,
485 3587 556 3643 citat
579 3586 733 3642 Fabricius
756 3585 792 3641 ad
816 3586 899 3643 Sext
922 3585 1034 3660 Empir.
1059 3604 1087 3659 p.
1103 3586 1173 3641 215.

311 3670 385 3725 Nom
406 3672 476 3727 iliud
496 3673 603 3744 quidem
625 3673 729 3728 addisci
749 3673 794 3726 vie
808 3690 928 3744 possum,
953 3680 1037 3726 ul-
1058 3673 1165 3726 viicleon
1155 3673 1211 3744 iun)
1235 3671 1302 3726 Non

225 3752 328 3828 ignota
349 3754 379 3810 in
403 3755 459 3812 hoc
481 3757 571 3812 verbo
595 3756 710 3813 dicendi
734 3755 878 3823 brevitas,
902 3773 961 3828 qua
981 3756 1105 3810 oddrnoor
1127 3756 1160 3810 fit
1181 3757 1305 3812 adducor

224 3840 265 3894 ud
285 3841 454 3896 credendam.
500 3841 557 3898 Sed
586 3858 651 3898 cum
683 3841 711 3897 id
735 3840 820 3897 initio
843 3838 989 3897 efficiendi
1012 3840 1162 3896 notionem
1186 3841 1303 3908 habeat,

225 3922 257 3978 in
285 3942 363 3981 nova
389 3925 602 3999 significatione
630 3926 737 4000 partim
766 3927 874 3983 retinet
902 3926 1030 4001 priorem
1059 3926 1222 3981 sententiae
1251 3943 1302 3981 an·

226 4010 388 4065 nectendas
409 4008 534 4065 formam
548 4013 610 4082 (nt),
633 4011 739 4085 partim
764 4029 827 4067 eam
851 4012 978 4080 asciscit,
1001 4030 1076 4084 quae
1100 4028 1193 4067 novae
1213 4010 1303 4085 signi·

224 4092 355 4150 ficationi
388 4094 609 4151 accommodata
639 4105 699 4163 est,
733 4097 932 4152 accusativum
967 4113 1033 4151 cum
1063 4095 1218 4151 infinitivo.
1268 4095 1305 4151 Ut

225 4186 344 4251 praeter
372 4178 450 4235 hunc
477 4179 573 4235 locum
601 4180 691 4235 habet
712 4177 790 4234 infra
812 4180 867 4249 IV,
892 4181 946 4243 55,
975 4188 1005 4235 et
1032 4179 1109 4254 apud
1133 4179 1303 4237 Lucretium

227 4262 265 4329 V,
292 4263 381 4327 1341,
403 4264 604 4320 accusativum
628 4282 693 4321 cum
716 4263 862 4321 infinitivo
879 4264 915 4320 de
934 4264 1071 4334 Dividi,
1086 4264 1135 4334 35,
1158 4264 1194 4320 ad
1207 4264 1301 4322 Attic.

226 4347 284 4418 XI,
306 4349 385 4418 16,a
408 4351 470 4420 (aed
490 4368 537 4423 mo
558 4368 609 4405 non
631 4351 762 4419 addictor,
785 4368 946 4423 quenquam
968 4351 1063 4406 bonu-nn
1085 4351 1169 4406 sallone
1190 4352 1305 4406 ιιιίιιιιιιι

1083 4468 1099 4511 8
