3030 5086
264 437 329 500 472
658 455 703 500 oa
726 455 858 503 ammos
882 456 952 502 sou.

267 623 317 686 74.
340 623 402 687 Sed
423 623 485 686 iam
508 623 608 687 sentio
632 642 682 687 me
704 641 775 688 esse
796 624 918 705 longius
940 632 1130 704 provectum,
1155 642 1247 704 quam
1270 642 1348 704 pro·

266 724 372 804 posita
401 725 483 788 ratio
507 724 690 805 postularet
736 726 853 790 Verum
876 726 1068 790 admirabilis
1090 725 1274 805 compositio
1297 726 1347 790 di·

269 826 419 906 scipliuae
441 826 693 908 incredibilisque
714 845 765 891 me
787 846 892 892 rerum
914 828 1011 892 traxit
1032 828 1124 906 ordo;
1154 846 1261 909 quem,
1288 846 1351 909 per

267 928 344 992 deos
366 928 568 1005 immortales,
591 946 694 991 uonne
715 929 860 993 miraris?
904 930 987 1010 Quid
1004 930 1086 996 euim
1102 937 1158 994 aut
1174 930 1205 994 in
1222 936 1350 1009 natura,

226 1031 248 1096 b
267 1047 329 1110 qua
352 1029 428 1093 nihil
441 1039 500 1094 est
515 1030 629 1110 aptius,
653 1029 728 1094 nihil
745 1031 942 1112 descriptius‚
965 1040 1021 1096 aut
1036 1031 1067 1095 iu
1085 1031 1233 1111 operibus
1250 1051 1349 1096 mauu

266 1129 359 1194 lactis
381 1139 446 1194 tam
467 1131 673 1212 compositum
691 1137 817 1212 tamque
833 1141 1027 1214 compactum
1047 1141 1078 1199 et
1095 1142 1349 1214 coagmentatum

266 1232 401 1297 inveniri
423 1233 549 1313 potest?
577 1233 651 1313 quid
679 1234 838 1314 posterius
866 1236 965 1316 priori
992 1235 1242 1300 conconvenit?
1270 1235 1351 1316 quid

266 1334 417 1415 sequitur,
440 1337 524 1415 quod
541 1354 603 1398 nou
622 1336 812 1416 respoudeat
828 1337 1006 1417 superiori?
1027 1337 1102 1417 quid
1120 1355 1182 1400 nou
1199 1337 1245 1401 sic
1260 1336 1350 1401 aliud

265 1455 304 1501 ex
321 1436 383 1500 alio
403 1438 544 1516 nectitur,
562 1443 606 1515 ut,
624 1437 650 1501 si
669 1437 763 1501 ullam
780 1438 918 1503 litteram
934 1439 1078 1515 moveris,
1099 1439 1205 1503 labent
1222 1438 1351 1503 omnia?

207 1544 248 1608 10
267 1537 334 1602 Nec
356 1545 460 1602 tamen
484 1539 652 1619 quidquam
675 1547 732 1618 est,
756 1541 839 1619 quod
860 1540 979 1605 moveri
1000 1540 1109 1622 possit

335 1698 358 1740 a.
378 1708 413 1740 „a
431 1672 480 1741 am.
502 1691 708 1756 [ulcerosos.
750 1708 813 1754 qaae
830 1710 873 1756 ,ar
891 1693 1011 1742 uruca
1055 1701 1077 1745 r.
1096 1692 1155 1741 aim
1174 1693 1197 1741 a
1215 1701 1305 1741 „aura
1325 1695 1349 1742 a

265 1760 325 1808 enim
343 1760 475 1809 autetiam
494 1769 543 1808 nat.
565 1761 585 1810 C
637 1767 658 1809 5.
678 1759 742 1823 qaod
760 1761 781 1808 Ε
826 1767 848 1809 e.
872 1761 1070 1828 [camerleulatam
1088 1759 1119 1827 Α]
1144 1771 1350 1826 ccaaqmeatatam

265 1828 361 1877 ELPM
399 1834 421 1877 8.
442 1828 506 1892 qood
523 1845 568 1876 nou
585 1827 620 1877 aie
639 1829 659 1876 E
695 1827 757 1877 alter
775 1828 846 1878 iudea
864 1828 913 1877 aiio
933 1831 953 1877 E
972 1829 1041 1879 aliud
1058 1828 1165 1879 uidelicet
1183 1830 1232 1879 alte
1248 1830 1350 1880 LPMR

266 1901 289 1944 ll.
309 1905 334 1945 at
351 1914 397 1945 nort
415 1896 439 1945 ai
455 1912 549 1956 omncs,
570 1897 614 1950 Or.
650 1912 721 1945 anam
740 1897 784 1946 Or.
825 1903 861 1949 lc.
882 1915 927 1961 qao
948 1896 1089 1965 [AJLPMR
1123 1898 1238 1963 potaetC

265 2037 329 2076 esse
352 2022 408 2076 cirre
426 2022 613 2094 explanatione
636 2033 665 2075 et
688 2019 729 2075 sic
749 2019 851 2088 edidit,
876 2021 1036 2077 Mercarius
1054 2021 1144 2077 habat
1161 2024 1349 2095 explicatione,

264 2102 346 2162 Gerl.
372 2114 402 2160 et
419 2104 546 2161 Rothius
569 2106 706 2161 mendose
729 2105 893 2179 expletivum
916 2125 953 2162 ex
977 2125 1011 2163 eo
1035 2106 1120 2173 libro,
1144 2124 1231 2179 quem
1248 2107 1287 2163 ad
1303 2106 1349 2176 11,

265 2191 306 2246 44
335 2190 577 2259 commemoravi,
612 2199 641 2246 et
674 2209 711 2246 ex
739 2191 877 2266 exemplo
906 2208 971 2247 com
1001 2191 1065 2248 cod.
1091 2191 1237 2247 Vossieuo
1265 2211 1284 2249 a
1311 2192 1348 2249 L.

266 2275 491 2350 Langermanno
514 2276 633 2345 collato,
657 2275 735 2348 quod
758 2275 827 2332 item
852 2277 881 2332 in
906 2277 1085 2332 bibliotheca
1107 2276 1275 2334 academiae
1293 2295 1349 2334 no·

265 2370 343 2416 strae
367 2370 421 2428 est,
445 2360 506 2416 scio
529 2361 558 2416 in
582 2361 664 2417 codd.
688 2359 780 2420 Nonii
803 2379 867 2417 esse
890 2357 1140 2440 discerptatione]

353 2446 401 2501 74.
424 2447 641 2519 incredibilisque
662 2466 753 2502 rerum
775 2450 860 2502 traxit
882 2448 961 2518 ordo)
986 2444 1048 2525 [Me
1070 2458 1138 2503 ante
1160 2466 1250 2503 rerum
1268 2464 1348 2503 nunc

264 2530 379 2587 addidi.
408 2531 565 2587 accedente
589 2532 629 2598 B;
657 2530 775 2587 facilius
799 2532 936 2588 excidere
965 2543 1097 2606 poteram
1126 2550 1179 2587 nec
1207 2532 1350 2588 librarius

263 2616 316 2672 illo
334 2617 399 2673 ioco
418 2617 567 2690 positurus
583 2615 676 2673 fuisse
694 2613 836 2695 videtur]
874 2616 957 2684 Qriem
971 2617 1033 2673 Pal.
1051 2621 1076 2685 l,
1090 2637 1146 2691 mg.
1160 2616 1251 2683 Orat,
1270 2618 1349 2674 liber

264 2702 403 2774 antiquus
427 2702 522 2769 Maru,
553 2700 663 2776 El.(?),
694 2702 771 2776 Spir.
795 2699 865 2778 [Β],Ι
890 2701 969 2759 Gud.
994 2704 1027 2771 2,
1056 2702 1244 2776 restituitque
1268 2703 1346 2759 Dav.

267 2787 504 2859 Couuqmeatatum
526 2787 640 2860 aliquot
663 2787 748 2857 Pell,
773 2787 827 2860 Ux,
851 2784 916 2864 [B].

350 2883 388 2941 ut,
411 2874 436 2927 ei
457 2874 539 2928 alam
562 2874 678 2928 litteram
699 2876 819 2941 moceria,
843 2873 930 2928 labent
952 2871 1053 2946 omnic)
1072 2872 1165 2930 codd.
1184 2883 1215 2928 at
1231 2872 1297 2928 edd.
1315 2882 1348 2929 at

263 2977 324 3026 nort,
347 2960 373 3012 si
393 2967 447 3013 cet.
495 2958 542 3013 Ita
565 2957 637 3014 haec
660 2958 716 3013 erit
738 2958 898 3025 sententia,
923 2958 947 3013 si
972 2957 1031 3013 ulla
1054 2958 1124 3013 crit:
1150 2956 1278 3025 ,Omnia
1300 2958 1346 3014 sic

263 3042 323 3098 alia
346 3062 384 3098 ex
407 3042 473 3098 aliis
491 3051 647 3098 nectuntur
659 3044 741 3117 (qaid
757 3063 807 3098 rrort
824 3047 863 3101 sic
880 3041 1033 3117 nectitari),
1057 3053 1097 3112 ut,
1121 3043 1236 3099 etiamsi
1254 3061 1345 3099 unam

264 3130 360 3203 (ullam
389 3128 418 3183 in
443 3129 496 3183 hac
520 3128 666 3201 scriptura
687 3126 758 3183 ferri
782 3128 863 3185 nullo
887 3129 973 3183 modo
996 3127 1106 3202 polest)
1130 3129 1257 3185 litteram
1282 3147 1346 3185 mo·

181 3209 184 3215 ’
264 3214 351 3280 veris.
375 3232 433 3268 uon
457 3225 554 3269 tamen
579 3214 678 3269 omnia
700 3213 828 3269 labent.“
873 3213 986 3270 Omitto
1009 3234 1059 3269 riori
1083 3213 1267 3270 incommode
1290 3232 1346 3288 po·

263 3298 368 3365 situm;
397 3298 515 3367 omitto,
545 3298 569 3355 si
598 3299 640 3354 sic
662 3298 785 3354 firmitas
808 3298 959 3363 laudetur,
987 3308 1019 3354 ut
1048 3317 1094 3355 res
1117 3306 1195 3355 stare
1218 3298 1345 3368 dicatur,

203 3395 205 3398 ’
263 3383 380 3440 etiamsi
402 3383 514 3457 aliquid
539 3393 699 3453 moveatur,
723 3383 779 3439 hoc
797 3384 909 3456 aliquid
928 3403 984 3439 non
1005 3385 1047 3440 ita
1064 3385 1217 3440 extenuari
1235 3384 1346 3441 debere

264 3470 383 3542 (etiamsi
404 3489 485 3524 eruam
508 3470 681 3542 litteram),
705 3469 756 3525 sed
780 3469 822 3525 ita
844 3469 998 3525 dicendum
1019 3488 1098 3525 esse:
1120 3469 1236 3526 etiamsi
1254 3487 1344 3526 cnam

263 3555 392 3628 aliquam
412 3565 536 3627 partam,
560 3554 678 3610 hoc-vel
697 3554 779 3622 illud,
805 3555 939 3610 moveris.
982 3555 1047 3611 Hoc
1068 3555 1145 3622 dico,
1169 3554 1346 3629 disciplinae
1445 3586 1449 3591 ·

263 3639 429 3695 firmissime
452 3649 622 3713 compactae
646 3649 673 3695 et
692 3649 913 3713 coagmentatae
932 3659 989 3696 non
1008 3641 1082 3696 bauo
1105 3641 1256 3714 propriam
1279 3658 1345 3696 essa

264 3725 397 3792 laudem,
427 3725 478 3780 sed
501 3724 597 3793 illam,
621 3724 720 3781 omnia
743 3725 785 3780 sic
807 3725 921 3780 inclusa
943 3744 1007 3782 asse
1030 3726 1091 3781 suis
1114 3743 1247 3798 quaeque
1269 3724 1347 3782 locis

263 3819 380 3866 etcum
405 3809 549 3884 proximis
571 3810 740 3879 coniuncta,
770 3809 843 3865 nihil
873 3821 904 3865 ut
926 3810 1057 3867 subtrahi
1083 3810 1190 3884 possit,
1219 3828 1278 3884 quo
1301 3810 1346 3878 lit,

263 3906 295 3952 ut
318 3914 353 3951 eo
376 3914 437 3950 rem
461 3895 621 3951 audeamus
639 3895 801 3960 demittere,
825 3904 866 3963 ut,
890 3896 913 3951 si
933 3914 1021 3952 uuum
1041 3904 1173 3969 ereptum
1192 3895 1276 3951 nobis
1294 3895 1345 3966 sit,

263 3980 363 4038 omnia
384 3980 489 4036 cadere
512 3980 665 4036 fateamur.
712 3980 788 4036 Nam
812 3981 1001 4048 confidimus,
1025 3980 1103 4054 quod
1127 3979 1202 4038 Cato
1224 3980 1345 4049 subicit,
1372 4024 1376 4030 .
1407 4047 1411 4054 ¹

264 4065 337 4122 nihil
349 4083 423 4134 ease,
441 4066 519 4138 quod
537 4065 648 4121 moveri
666 4074 695 4120 et
712 4065 786 4140 eripi
800 4066 901 4139 possit.
939 4067 975 4122 Et
993 4066 1048 4123 hoc
1059 4066 1202 4123 Catonem
1220 4065 1345 4135 dixisse,

262 4146 480 4225 apertissimum
494 4161 538 4206 cst
550 4169 587 4206 ex
599 4151 653 4217 IV,
668 4152 722 4207 53:
741 4152 781 4206 Et
792 4155 842 4217 uie,
861 4155 887 4206 ei
903 4171 956 4206 rena
968 4154 1061 4207 ‘littera
1073 4162 1201 4207 cmnmola
1212 4154 1256 4221 eit,
1267 4153 1344 4223 sore,

263 4247 317 4294 tota
335 4247 365 4292 at
377 4237 446 4291 labet
463 4237 617 4310 disciplina.
653 4235 684 4294 Si
697 4246 777 4292 recte
789 4236 837 4291 hic
849 4236 996 4311 legeretur
1015 4246 1041 4291 ut
1054 4257 1113 4301 corr,
1133 4236 1172 4292 ibi
1185 4236 1344 4292 dicendum

263 4333 335 4386 erat,
354 4322 434 4378 nulla
447 4340 518 4377 sane
530 4321 690 4377 sententia:
708 4341 759 4376 nou
769 4324 841 4394 fore.
873 4323 949 4378 Vere
967 4322 1056 4396 igitur
1072 4321 1181 4394 aliquis
1192 4322 1270 4395 apud
1283 4321 1341 4380 Th.

264 4408 431 4465 Bentleium
456 4406 521 4463 tolli
543 4426 593 4462 riori
612 4405 714 4473 voluit,
737 4407 823 4479 eique
846 4415 876 4462 at
893 4407 942 4463 alii
961 4407 1074 4463 assensi
1091 4417 1160 4463 sunt
1177 4416 1206 4462 et
1219 4407 1345 4463 Wesen-
