3030 5086
425 489 469 534 nr
494 488 574 534 nnn.
597 488 661 534 nm.
685 489 714 535 v.
738 488 810 534 cna.
832 490 940 536 aa-ue.
956 488 1088 562 (teste.)
1233 469 1295 535 739

303 657 417 721 XXVI.
441 658 491 721 76.
514 655 595 720 Tmn
617 657 746 721 Lucida:
768 655 846 721 Mitti
867 673 942 720 vero
963 655 1026 719 iata
1046 655 1140 720 valde
1160 655 1296 736 probatu

218 766 304 836 sunt,
335 759 419 839 quud
441 758 513 822 item
535 755 626 822 tratri
648 764 734 838 puto.
778 756 860 822 Tum
880 756 954 821 mihi
975 756 1066 821 Pico:
1095 756 1176 835 Quid
1198 757 1296 840 ergo?

217 860 331 940 inquit;
353 861 452 924 dasne
474 858 670 924 adulescenti
684 858 828 924 venunt
849 877 890 922 au
907 876 978 923 eum
994 858 1118 923 discere
1132 877 1170 922 ce
1186 858 1295 937 merie,

218 980 300 1042 qnae
326 979 398 1026 cnm
416 961 510 1041 plane
538 960 755 1041 perdidicerit,
786 960 859 1025 nihil
887 960 988 1024 sciat?
1035 959 1104 1041 Ego
1131 977 1205 1024 vero
1233 959 1295 1040 icti,

217 1063 352 1144 inquam,
370 1063 532 1144 permitto;
555 1062 611 1127 sed
628 1081 731 1128 nonne
748 1062 920 1139 meministi,
942 1061 1035 1126 licere
1051 1061 1126 1125 mihi
1142 1048 1205 1126 ista
1220 1080 1294 1142 prc·
1312 1063 1334 1128 5

288 1305 310 1350 2.
329 1298 387 1348 urbii
405 1301 461 1364 (pro
479 1298 545 1364 mdc)
565 1301 585 1348 L
621 1299 685 1362 quod
701 1317 755 1364 erpo
774 1301 797 1347 E
841 1305 865 1350 3.
883 1298 960 1348 mouri
977 1315 1008 1347 eu
1027 1298 1069 1350 tc
1110 1307 1133 1350 ⁴.
1149 1298 1223 1362 plone
1237 1315 1295 1363 per·

218 1367 304 1417 diderit
323 1368 344 1414 tt
364 1367 492 1431 proeolore
516 1368 661 1431 (praeclaro
678 1367 711 1428 0)
732 1366 841 1416 didicerit
864 1377 935 1425 cett,
962 1366 1004 1415 Or.
1059 1372 1082 1415 t.
1102 1367 1198 1430 iriquum
1215 1367 1296 1416 istt'ss

219 1436 412 1554 {ingssngrspm
430 1437 553 1497 conuelli
587 1435 664 1486 lucen
681 1435 777 1484 mebiE
801 1436 859 1484 metri
874 1434 944 1485 item
962 1443 1028 1495 cett,
1048 1436 1092 1484 Or.
1125 1436 1230 1500 prodere
1247 1436 1296 1484 r‘ato

304 1709 376 1783 Cep.
401 1711 526 1777 XXVI,
551 1711 600 1767 76.
644 1712 718 1785 quod
744 1714 805 1766 item
825 1712 916 1784 fratri
931 1713 1012 1785 puto)
1037 1711 1160 1768 Poterat
1181 1710 1294 1766 dicere:

214 1805 281 1871 pato
303 1798 363 1851 item
378 1798 469 1868 srotri
489 1794 560 1870 (vid.
580 1796 617 1851 ad
631 1797 672 1864 ΙΙ,
688 1798 747 1865 16),
771 1794 822 1852 sed
845 1795 987 1852 orationis
1009 1795 1183 1852 vinciendae
1206 1813 1296 1852 canuc

218 1899 377 1953 pronomen
401 1880 507 1955 posuit,
531 1898 584 1936 nec
602 1891 699 1938 tamen
717 1880 833 1956 plenam
852 1880 1014 1937 oraticnem
1038 1880 1109 1938 iecit
1131 1882 1217 1954 (quod
1235 1883 1296 1937 item

218 1972 243 2020 in
260 1968 354 2038 srotre
375 1968 477 2022 evenire
495 1976 576 2040 puto.
606 1976 634 2022 ut
661 1970 714 2023 iata
735 1970 761 2022 ei
777 1966 895 2040 probato
917 1969 991 2036 ciret).
1035 1967 1141 2040 Itaque
1163 1965 1293 2022 eiusdem

217 2050 334 2124 generis
358 2051 413 2107 hcc
435 2060 479 2106 cet
501 2060 590 2124 atque
613 2051 685 2107 illud
708 2051 738 2106 in
762 2050 826 2109 Cat.
852 2051 906 2108 84:
937 2054 1013 2107 cuiue
1034 2071 1053 2107 o
1074 2069 1115 2107 mc
1136 2069 1235 2125 corpua
1257 2060 1296 2107 eat

218 2146 379 2197 creatutura,
402 2138 476 2210 quod
497 2146 590 2192 contro
612 2138 713 2194 decuit.
735 2137 838 2192 odilla
859 2155 944 2192 meum
966 2134 1033 2207 (cfr.
1056 2135 1136 2193 Lael.
1162 2136 1217 2205 90,
1241 2154 1295 2210 prc

218 2220 336 2293 Quinct.
352 2221 420 2290 87);
444 2239 539 2294 neque
556 2220 697 2288 dubitem,
720 2221 745 2276 ei
763 2221 909 2277 sententie
927 2220 1070 2277 cretionis
1086 2221 1129 2276 ita
1146 2219 1231 2287 ferat,
1252 2220 1295 2276 di·

218 2324 298 2361 cere:
322 2305 388 2361 inibi
404 2307 521 2379 probatu
544 2307 609 2361 lineo
631 2317 702 2373 aaut,
726 2307 799 2379 quod
821 2317 914 2362 contra
930 2309 1021 2379 fratri
1034 2316 1108 2380 puto.
1143 2305 1218 2377 (Otr.
1236 2306 1295 2362 Lu-

217 2390 326 2445 cretius
348 2390 373 2458 Ι,
388 2391 454 2460 82.)
496 2391 622 2446 Proreus
645 2390 776 2447 eiusdem
798 2391 915 2466 generis
937 2400 991 2458 eet,
1014 2390 1066 2446 sed
1089 2390 1185 2447 minue
1207 2390 1295 2447 facilc

218 2475 255 2530 ad
283 2475 399 2549 plenam
428 2475 570 2531 orationis
597 2474 721 2532 formata
745 2484 914 2543 revocatur,
944 2475 1022 2549 qnod
1050 2479 1065 2544 ξ
1089 2475 1129 2532 83
1152 2476 1293 2550 scriptum

218 2570 276 2615 est:
299 2561 373 2633 quod
394 2565 478 2616 centri
497 2580 548 2616 non
565 2567 626 2616 item
643 2559 796 2630 (efficiunt,
819 2560 913 2617 uteie
935 2560 1034 2617 omnia
1055 2578 1191 2617 connexa
1212 2560 1294 2632 sint).

218 2641 316 2723 [ltrut.
343 2646 381 2700 66
406 2656 484 2701 recte
508 2645 681 2721 Siesbyeua:
708 2647 782 2719 quod
807 2647 869 2701 item
897 2646 1000 2719 Lyciae
1021 2646 1213 2702 Demosthenen
1241 2663 1298 2719 prc

218 2732 295 2785 ntem
329 2729 405 2785 Nam
425 2730 557 2786 delentes
574 2730 647 2786 nihil
661 2748 766 2787 moror.
782 2730 872 2786 1874.
905 2731 952 2786 Ex
969 2730 1070 2786 ecdem
1085 2729 1167 2787 fonte
1179 2739 1296 2786 natum:

218 2816 292 2888 qrcod
313 2834 382 2870 riano
404 2815 482 2888 apud
506 2815 672 2871 Lucretium
696 2817 721 2884 Ι,
746 2816 817 2876 221,
840 2815 927 2871 Varr.
952 2816 987 2871 R.
1011 2816 1047 2872 R.
1071 2815 1129 2882 ΠΙ,
1154 2815 1183 2884 3,
1207 2810 1253 2893 8.]

300 2901 383 2972 plone
395 2900 586 2973 perdidicerit)
605 2900 689 2956 Hanc
706 2900 880 2973 scripturam
899 2898 992 2957 Gziue
1011 2918 1129 2974 quoque
1147 2898 1297 2956 intellexit

219 2983 376 3058 significari
400 2984 430 3039 in
454 2983 547 3059 Spin,
571 2984 599 3039 in
624 3003 683 3058 quc
706 2994 783 3040 crat:
808 2988 892 3057 plone
910 2986 1071 3058 perdidicit,
1095 2997 1125 3040 et
1147 2983 1209 3041 Erl.
1232 2979 1296 3063 [B]

219 3069 345 3125 Prorsus
367 3069 404 3124 nd
427 3069 512 3124 finem
537 3069 695 3143 perductae
718 3069 891 3143 disciplinae
914 3068 1096 3128 Carneadiae
1119 3069 1194 3126 hanc
1217 3087 1296 3125 sum·

219 3171 294 3209 marn
318 3171 381 3209 eece
405 3153 476 3210 Pico
500 3154 579 3210 dicit.
624 3154 777 3211 Arcesilae
800 3163 830 3210 et
852 3153 997 3212 Carneadi
1017 3154 1211 3215 sententiam,
1234 3153 1294 3227 qui,

218 3237 335 3295 sableta
356 3238 554 3313 perceptione,
578 3239 816 3313 probabilitatem
839 3249 869 3295 ct
885 3238 1171 3296 verisimilitudinem
1195 3237 1295 3295 deien-

217 3324 340 3392 debent,
365 3323 537 3398 saepissime
560 3323 665 3383 Cicero
687 3323 821 3399 attingit,
849 3323 989 3399 exposuit
1010 3324 1130 3381 uberius
1153 3323 1296 3382 Clitoma-

217 3409 302 3465 cbnm
327 3427 452 3483 sequens
475 3408 570 3467 Acad.
594 3410 641 3478 II,
666 3409 705 3466 98
729 3428 771 3483 eq.
816 3408 889 3483 (Cir.
914 3410 1021 3466 Ritteri
1045 3409 1123 3466 Hiet.
1145 3409 1223 3466 Phil.
1246 3408 1295 3466 III

217 3514 245 3569 p.
259 3494 318 3550 665
332 3512 396 3567 sqq.
415 3503 443 3550 et
461 3514 490 3569 p.
505 3496 565 3551 676
579 3495 655 3568 sqq.)
700 3495 772 3551 Mox
789 3494 903 3551 Mannt,
923 3504 952 3550 et
969 3494 1072 3551 Lamb.
1089 3494 1229 3551 omittunt
1251 3496 1298 3551 icti

217 3587 285 3635 ante
307 3581 432 3651 inquom
460 3579 489 3635 in
514 3579 714 3653 proximorum
739 3579 895 3636 verborum
919 3579 1021 3636 ordine
1044 3581 1135 3648 (licere
1155 3581 1221 3637 mili
1242 3583 1295 3636 ictu

212 3664 343 3740 prodere)
367 3663 427 3722 Erl.
453 3662 498 3740 [et
521 3662 561 3741 B]
584 3673 798 3721 secutus·sum.
842 3665 918 3721 Tum
943 3683 996 3739 prc
1018 3684 1036 3720 o
1059 3674 1084 3720 te
1106 3664 1194 3721 etiam
1213 3663 1293 3722 Oxx.

216 3760 271 3824 χψ,
289 3748 428 3817 Vindcb,
446 3750 562 3807 Monac.
582 3760 644 3824 apte
655 3749 721 3820 (cfr.
734 3754 748 3819 §
762 3749 801 3806 76
819 3750 855 3806 ab
871 3752 916 3821 te),
940 3758 973 3805 ut
994 3748 1066 3805 alibi
1088 3749 1119 3804 in
1143 3749 1189 3806 his
1210 3749 1295 3805 librie

216 3843 278 3889 urite
300 3852 352 3906 pro
375 3853 392 3888 o
415 3844 439 3889 te
461 3833 602 3908 scriptum
625 3835 762 3892 vidimus.
801 3834 895 3891 Peulc
918 3844 985 3909 poet
1008 3834 1221 3908 expectabatur
1243 3852 1295 3907 pc·
1354 3824 1357 3833 '

217 3918 275 3974 tine
298 3917 345 3973 hic
364 3918 451 3973 ordo:
473 3938 543 3992 quoe
557 3921 710 3994 probabilia
732 3924 757 3976 ei
772 3922 928 3989 videantur3
951 3938 1018 3976 nam
1037 3919 1125 3976 aliter
1142 3919 1220 3989 592,
1243 3918 1294 3974 ubi

216 4005 291 4076 quod
312 4005 390 4058 nollet
412 4003 441 4058 in
465 4013 548 4077 parte
571 4004 729 4079 primariae
752 4005 914 4062 sententiae
932 4013 1077 4073 censetur,
1101 4015 1130 4061 et
1149 4004 1295 4062 similibus

217 4088 290 4144 locis
312 4091 336 4144 ei
358 4097 521 4144 extremum
546 4089 642 4146 locum
661 4098 750 4146 tenet.
784 4090 886 4146 Deleri
904 4097 1001 4146 tamen
1020 4107 1192 4164 pronomen,
1215 4088 1294 4163 qnod

217 4173 330 4231 Orellic
354 4173 448 4229 visum
472 4183 526 4241 eet,
550 4175 601 4230 vix
624 4183 735 4249 potest;
758 4194 823 4231 uam
846 4175 968 4231 adrem
992 4174 1129 4249 pertinet,
1152 4173 1220 4230 hnic
1237 4173 1296 4249 ipei

215 4258 382 4334 probabilia
412 4258 464 4314 illa
487 4259 590 4315 videri.
634 4260 716 4316 Idem
745 4261 843 4317 obstat
871 4258 939 4317 Gzii
967 4258 1155 4316 coniecturae
1183 4261 1294 4333 (potest,

216 4363 287 4418 quoe
309 4345 388 4417 prob.
411 4345 566 4413 videantur,
595 4351 653 4418 eu),
682 4344 786 4402 ductae
814 4364 830 4401 e
854 4344 933 4403 Gud.
958 4345 974 4400 2
999 4356 1029 4400 et
1052 4344 1120 4401 Bne.
1148 4344 1295 4419 scriptura

217 4430 318 4504 (potent
340 4448 372 4485 eo
394 4448 465 4503 quoe
482 4429 562 4502 prob.
586 4431 729 4487 videantur
749 4449 783 4488 eo
803 4449 855 4486 nco
872 4430 1011 4505 probare).

1037 4544 1088 4594 et·
