3030 5086
270 433 310 497 w
657 448 951 496 mmmm

270 617 454 698 scriptorem
487 626 610 695 muron,
649 627 686 681 ut
717 617 869 699 legendus
902 616 951 683 sit
1006 617 1128 683 liudem
1160 617 1247 683 enim
1283 632 1356 681 esse

270 720 394 785 omnino
423 720 454 784 in
477 719 594 784 nostris
616 720 718 801 poetis
741 726 796 784 aut
816 719 1026 785 inertissimae
1048 719 1202 802 segnitiae
1223 728 1277 785 est
1298 724 1357 784 aut

269 821 388 887 fastidii
409 822 628 887 delicatissimi.
662 821 738 886 Mihi
761 822 886 903 quidem
909 820 985 886 nulli
1006 821 1084 887 satis
1106 823 1222 889 eruditi
1239 821 1355 887 vidon-

270 930 331 1002 tur‚
354 923 468 1004 quibus
490 932 600 988 nostra
622 924 730 1006 ignota
752 931 833 989 sunt.
878 926 927 988 An

233 1031 250 1086 5
357 1027 508 1091 Utinam
531 1044 575 1091 ne
597 1026 633 1089 in
658 1044 810 1091 nemore
834 1062 874 1073 —

270 1128 363 1192 nihilo
391 1129 492 1192 minus
519 1127 649 1208 legimus
672 1146 765 1208 quarn
794 1126 852 1192 hoc
878 1127 961 1192 idem
984 1127 1154 1208 Graecum,
1182 1146 1266 1210 quae
1293 1144 1354 1193 au·

270 1235 332 1294 tem
360 1229 400 1294 de
431 1229 510 1294 bene
537 1229 688 1310 beatoque
715 1228 848 1293 vivendo
876 1249 897 1294 a
919 1228 1049 1295 Platone
1077 1229 1239 1312 disputata
1266 1235 1355 1309 sunt,

269 1330 346 1396 haec
373 1330 522 1412 explicari
550 1349 610 1394 non
634 1330 768 1412 placebit
788 1330 920 1395 Latine?
965 1333 994 1396 o.
1028 1330 1125 1412 Quid,
1154 1332 1181 1397 si
1203 1348 1264 1397 nos
1288 1350 1355 1397 non

269 1432 476 1513 interpretum
498 1431 656 1513 fungimur
679 1451 819 1512 munere,
848 1431 904 1497 sed
931 1439 1055 1497 tuemur
1077 1452 1128 1514 ea,
1156 1453 1239 1516 quae
1266 1433 1356 1500 dicta

212 1533 1357 1616 mmmmfflwmmemmmmfflmm

271 1644 412 1701 nostrum
440 1634 598 1700 scribendi
621 1636 760 1700 ordinem
782 1635 1001 1717 adiungimus?
1034 1637 1110 1718 quid
1131 1636 1263 1718 habent,
1293 1654 1356 1703 cur

270 1738 395 1802 Graeca
416 1744 610 1820 anteponant
631 1738 684 1816 iis,
714 1756 795 1819 quae
818 1745 849 1802 ot
870 1737 1034 1818 splendide
1056 1738 1225 1805 dictasint
1246 1756 1356 1822 neque

342 1912 361 1956 l.
382 1906 438 1957 abde
456 1906 513 1972 (pro
531 1907 659 1972 tameu)C
695 1913 717 1957 3.
738 1906 833 1957 121th
869 1906 1204 1975 s.ar[A]u1,Pcacss
1239 1913 1263 1961 5.
1287 1908 1357 1959 Post

270 1983 361 2025 umore
380 1976 400 2024 1.
419 1977 491 2025 addit
510 1974 578 2025 Pelio
618 1981 641 2024 6.
660 1976 740 2039 quil}
781 1973 1142 2032 s20a0da·u1.PMcROr.
1191 1976 1355 2029 10.less

270 2044 412 2107 officiumC
447 2052 596 2107 nostrumque
613 2043 746 2093 diceudiL
788 2049 824 2095 12.
844 2043 909 2094 dictu
925 2053 981 2093 suut
1001 2042 1118 2111 [AJELP
1156 2047 1159 2050 ’

270 2183 307 2240 ad
330 2184 455 2257 dependas
477 2186 512 2240 sit
531 2183 644 2255 Licinio
668 2184 800 2240 tribuunt
823 2193 852 2240 et
874 2183 1039 2241 inversum
1061 2185 1262 2259 septenarium
1280 2202 1353 2242 curn

271 2268 392 2325 dimidio
414 2268 592 2333 describunt,
616 2267 761 2325 Licinium
785 2268 872 2325 valde
894 2268 1112 2326 accommodate
1135 2270 1172 2327 ad
1194 2268 1355 2329 Ciceronis

270 2353 426 2410 consilium
449 2353 601 2429 scripsisse
625 2363 766 2422 statuunt,
791 2353 841 2427 qui
863 2371 921 2410 non
941 2353 1036 2411 solum
1054 2353 1181 2412 Atilium
1205 2350 1379 2431 singulari·

271 2456 343 2495 voce
366 2438 490 2507 notarit,
519 2438 571 2495 sed
599 2438 748 2495 excusarit
770 2439 859 2495 etiarn
887 2447 916 2495 et
938 2438 1078 2515 legendos
1101 2446 1203 2514 poetae
1224 2439 1356 2497 Latinos

272 2541 336 2580 esse
349 2523 541 2599 praeceperit.
578 2522 718 2600 Scaliger,
742 2517 831 2597 quum
854 2523 884 2579 in
908 2523 1009 2580 codice
1031 2542 1084 2581 suo
1103 2525 1287 2601 repperisset
1303 2544 1357 2582 ac·

271 2611 435 2684 scriptores,
459 2608 635 2665 claudicanti
653 2608 761 2679 versui,
786 2607 919 2683 neglecta
942 2608 1098 2679 sententia,
1121 2609 1261 2668 subvenit
1277 2608 1357 2686 legi·

272 2694 432 2768 limamque
454 2711 605 2751 caesuram
628 2693 769 2751 reddidit:
786 2696 910 2768 ferream
932 2697 1103 2770 scriptorem,
1126 2698 1234 2771 opinor,
1259 2713 1358 2753 uerum

272 2781 462 2854 ersraptorem
484 2788 580 2845 turriam,
609 2779 645 2836 Ut
667 2780 792 2852 lepardus
815 2782 857 2836 sit.
891 2778 970 2836 lllud
988 2797 1046 2836 non
1065 2798 1150 2856 nego,
1174 2778 1353 2839 Ciceronem

272 2863 353 2934 alibi,
376 2864 426 2920 ubi
450 2880 544 2938 pauca
567 2863 734 2921 huiusmodi
752 2864 851 2934 verba,
874 2881 933 2920 non
952 2864 1096 2940 integram
1120 2863 1307 2935 sententiam,
1333 2882 1356 2921 a

272 2955 360 3024 potita
382 2958 487 3018 srrrnat,
510 2948 571 3005 suis
595 2949 693 3005 verbis
715 2948 905 3024 grammatice
928 2957 1084 3006 annectere
1107 2949 1211 3007 solere.

357 3035 403 3090 Aa
430 3035 538 3091 Utinam
560 3053 591 3090 ne
613 3032 683 3107 cet.)
708 3034 772 3091 Hoc
794 3033 925 3108 innSpir.
949 3051 1023 3101 esse,
1046 3032 1141 3092 Gaius
1162 3033 1213 3101 ait,
1236 3034 1353 3106 nescio,

272 3118 383 3175 satisne
400 3127 481 3175 certa
497 3118 563 3189 fide,
588 3118 749 3175 Lambinus
767 3117 796 3174 in
814 3119 938 3188 duobus,
962 3136 1075 3188 vereor,
1093 3137 1130 3175 ne
1147 3119 1352 3193 obsequiosis3

225 3267 232 3278 ,
272 3213 434 3260 ceterorum
449 3202 560 3274 (Grut,
573 3204 659 3274 Dav,
673 3201 751 3274 Gaii,
764 3202 833 3279 [B]),
857 3204 926 3261 item
944 3213 977 3260 ut
993 3202 1096 3273 nostri,
1114 3203 1197 3262 codd.
1215 3214 1253 3275 ot,
1270 3222 1353 3263 nnus

272 3288 340 3345 Par.
365 3288 441 3347 Dav.
465 3297 495 3345 et
517 3286 575 3347 Ox.
599 3289 627 3347 U
649 3298 705 3359 aaut,
729 3283 745 3356 ξ
766 3307 808 3345 cc.
853 3290 963 3346 Verum
986 3287 1116 3346 restituit
1138 3288 1273 3347 Muretus
1295 3288 1353 3361 (ad

273 3373 349 3430 Phil.
364 3374 450 3444 XIV,
467 3373 529 3445 12),
547 3373 583 3431 de
600 3392 658 3447 quo
675 3373 889 3431 dubitationem
907 3373 986 3430 tollit
1001 3371 1352 3447 frequentissimaforma

273 3458 437 3534 argumenti
461 3477 513 3532 per
534 3457 794 3535 interrogationem
817 3476 981 3518 connexam
997 3459 1129 3516 conclusi
1145 3456 1352 3535 superioribus

272 3543 473 3601 subnectendi.
518 3543 586 3602 Vid.
610 3543 778 3600 Emendatt.
808 3552 898 3601 nostr.
928 3541 989 3602 Cic.
1017 3543 1085 3600 libr.
1114 3543 1220 3619 philos.
1247 3562 1277 3619 p.
1295 3543 1350 3613 40,

274 3628 371 3685 Hand.
394 3629 480 3685 Turs.
504 3629 520 3686 I
542 3648 570 3705 p.
585 3628 644 3685 349
660 3646 723 3703 sqq.
758 3627 832 3704 [Aut
856 3628 934 3703 quod
956 3629 1017 3686 vidi
1040 3628 1286 3699 commendatum,
1309 3628 1351 3685 ab

273 3713 327 3769 hac
355 3713 497 3770 orationis
524 3712 620 3771 forma
646 3723 676 3770 et
703 3713 849 3770 sententia
875 3713 1086 3771 alienissimum
1114 3713 1178 3790 est]
1224 3712 1350 3772 Exordii

273 3798 397 3855 Medeae
419 3799 572 3856 Ennianae
600 3798 638 3855 ad
661 3798 839 3873 Euripidcae
869 3798 1036 3874 exemplum
1065 3799 1197 3873 expressi
1220 3800 1351 3872 (Uticam

273 3904 305 3939 ae
327 3887 354 3940 iu
376 3904 479 3941 roarore
501 3886 576 3942 Pelio
598 3885 735 3941 sceleribus
761 3884 848 3941 Caesa
874 3886 1015 3942 occidisset
1042 3885 1155 3958 abiepuu
1181 3887 1221 3942 acl
1248 3895 1348 3942 terram

273 3969 362 4026 trabes
384 3974 451 4039 cet.)
470 3969 519 4043 qui
543 3969 653 4044 primos
676 3987 779 4027 versus
801 3969 938 4041 citarunt,
962 3979 1172 4027 enumerantur
1193 3970 1272 4046 apud
1290 3970 1349 4029 Bo·

274 4054 366 4111 thium
389 4074 417 4129 p.
431 4055 469 4111 52
494 4053 581 4130 [apud
605 4052 796 4111 Ribbechium
820 4075 848 4130 p.
863 4054 922 4131 36].

361 4142 387 4196 6.
422 4141 580 4214 dictasint)
604 4139 674 4196 Sirrrt
696 4140 759 4196 Pal.
787 4142 800 4195 l
827 4138 872 4216 [B]
901 4149 931 4197 et
953 4138 1113 4196 deteriores
1136 4139 1265 4214 aliquot,
1294 4141 1349 4195 sint

275 4224 429 4281 Davisiani
452 4224 574 4299 aliquot,
598 4223 666 4283 Gzii
689 4225 755 4282 duo.
786 4223 933 4300 [Baiterus
956 4225 1076 4281 verbum
1101 4223 1218 4281 delevit.
1252 4222 1347 4282 Paulo

274 4319 341 4367 ante
369 4309 443 4378 Quid
464 4313 488 4366 si
517 4329 570 4384 pro
597 4308 677 4377 Quod
699 4313 724 4365 ei
744 4309 911 4366 restitutum
935 4327 972 4365 ex
995 4309 1044 4385 Α,]
1089 4309 1163 4367 Mox
1185 4311 1272 4368 dicent
1293 4327 1347 4385 pro

274 4396 391 4452 dicerent
402 4396 515 4465 Lamb,
529 4414 544 4452 e
557 4395 620 4452 Pal.
638 4399 650 4452 l
666 4394 763 4465 Grut,
778 4413 794 4451 e
807 4395 890 4452 Parr.
903 4394 1017 4452 duobus
1030 4395 1119 4463 Dav,
1132 4393 1201 4455 Gaii
1212 4405 1280 4466 tres,
1292 4391 1347 4470 [B].
