3030 5086
636 521 810 572 excussus
831 523 866 569 11.
1226 506 1288 572 801

216 717 310 774 nuper
333 697 468 755 Klotzius
497 697 526 754 in
550 697 665 754 duobus
687 715 724 754 ex
747 697 784 753 iis
806 696 893 765 loeis,
923 695 974 769 qui
996 694 1122 771 proferri
1144 696 1289 767 solebant,

218 783 298 840 Lael.
318 783 357 839 35
377 793 407 839 et
426 782 476 850 78,
499 783 576 856 quod
598 781 860 850 animadvertebat,
881 799 939 838 non
963 781 999 837 de
1021 790 1166 838 certarum
1190 800 1289 838 rerum

216 869 398 926 dissensione
411 866 581 927 Ciceronem
600 867 681 942 loqui
693 869 793 942 (quem
811 866 965 923 dissidium
982 865 1126 942 appellari
1143 867 1289 942 putabat),

218 955 269 1010 sed
292 954 327 1009 de
349 953 493 1010 dissoluto
516 971 571 1010 usu
594 970 629 1010 ac
650 951 860 1021 familiaritate,
883 951 972 1008 cessit
992 951 1144 1009 codicibus
1161 952 1290 1026 optimis,

217 1047 251 1095 ut
274 1038 409 1095 ederetur
430 1039 553 1096 da'ceids'a.
598 1037 739 1112 Idemque
763 1037 898 1095 Klotzius
919 1047 998 1093 recte
1028 1036 1058 1093 in
1081 1037 1215 1093 oratioue
1237 1055 1290 1112 pro

217 1124 304 1182 Sulla
317 1124 356 1180 60
373 1123 517 1180 restituit:
540 1124 588 1180 boc
610 1125 723 1180 diseidm
744 1141 776 1179 ac
798 1125 960 1179 dissensione
974 1124 1064 1197 sacta,
1087 1121 1140 1178 ubi
1162 1121 1230 1179 inde
1252 1122 1290 1179 ab

220 1209 355 1266 Ernestio
383 1209 493 1265 editum
523 1218 587 1264 erat
607 1209 728 1265 dulcidio.
772 1208 875 1280 (Facta
902 1207 1153 1264 accommodatum
1181 1217 1227 1264 est
1253 1207 1291 1264 ad

218 1296 346 1362 discidio,
368 1312 435 1350 nam
460 1293 623 1363 discidium,
646 1294 675 1350 id
699 1303 751 1362 est,
774 1293 914 1350 discessio
929 1295 979 1366 fit:
1002 1292 1097 1349 Acad.
1113 1293 1138 1361 I,
1157 1293 1212 1349 43:
1235 1299 1292 1367 'qua

220 1381 254 1436 de
269 1398 353 1436 censa
370 1381 512 1436 descidium
522 1381 630 1453 jactum
647 1382 695 1445 stt:
718 1378 862 1436 dissensio
874 1381 973 1448 oritur:
995 1377 1094 1452 itaque
1107 1377 1154 1434 vel
1171 1387 1293 1454 propter

220 1465 294 1520 hanc
317 1482 434 1521 causam
458 1464 488 1520 in
512 1464 592 1522 Lael.
613 1466 653 1521 78
676 1465 839 1541 apparebat
861 1462 1046 1521 scribendum
1069 1482 1149 1520 esse:
1176 1482 1209 1520 ae
1235 1482 1291 1538 qua

217 1553 363 1607 amicornm
386 1551 501 1607 discidia
516 1551 610 1624 fiant)
643 1550 754 1607 Verum
772 1549 873 1605 eedem
891 1549 966 1606 ratio
990 1567 1047 1605 non
1072 1548 1167 1605 minus
1189 1559 1291 1624 aperta
1384 1598 1391 1604 ,

220 1635 256 1691 ad
281 1634 410 1708 reliquos
432 1634 512 1692 locos
535 1635 677 1710 pertinet,
706 1634 735 1690 in
764 1634 870 1708 quibus
897 1634 923 1691 is
945 1635 1087 1707 descidium
1110 1633 1229 1704 retinet,
1259 1644 1291 1691 ut

218 1720 364 1777 dissensio
386 1719 586 1796 intellegatur,
616 1731 644 1776 et
671 1720 702 1776 in
725 1719 833 1794 quibus
859 1720 896 1776 ab
919 1718 985 1776 aliis
1008 1728 1152 1776 retentum
1176 1720 1221 1775 ss't
1241 1728 1293 1776 aut

221 1815 379 1879 receptum.
413 1806 489 1862 Nam
513 1805 543 1863 iu
567 1805 602 1862 iis
624 1804 760 1862 omuibus
782 1803 841 1861 elia
863 1803 1022 1878 requiritur
1043 1803 1188 1879 gravioris
1205 1821 1292 1861 voca·

221 1889 282 1946 buli
304 1890 364 1955 vis,
394 1891 471 1964 quod
494 1900 545 1947 aut
567 1891 643 1947 inter
665 1890 797 1966 singulos
818 1907 889 1946 usus
912 1888 1117 1946 etfamiliaris
1139 1889 1292 1947 convictus

220 1975 370 2031 interitum
393 1986 444 2033 aut
466 1976 592 2050 plurium
620 1975 650 2032 in
661 1985 771 2052 ,partes
794 1984 823 2032 et
844 1974 987 2032 factiones
1009 1974 1216 2031 discessionem
1240 1984 1293 2031 aut

221 2059 397 2136 populorum
420 2060 535 2118 sublato
557 2061 733 2118 commercio
756 2070 785 2117 et
806 2060 879 2117 iuris
902 2059 991 2117 mutui
1010 2060 1214 2116 communione
1232 2059 1291 2116 dir·

220 2146 399 2220 emptionem
421 2145 574 2221 significet.
621 2145 799 2220 Plerumque
826 2145 903 2202 enim
927 2163 993 2201 cum
1016 2144 1076 2202 odii
1099 2144 1217 2202 nomine
1240 2144 1293 2202 ille

221 2235 280 2287 vox
304 2231 345 2286 ite
368 2231 569 2306 coniungitur,
592 2238 624 2288 ut
646 2231 735 2288 etiam
758 2231 784 2286 ei
807 2229 1036 2306 superaddetur,
1062 2231 1140 2304 quod
1163 2229 1193 2287 in
1216 2230 1292 2287 hanc

220 2316 435 2390 separationem
450 2326 480 2372 et
497 2316 719 2391 diremptionem
733 2317 830 2372 odium
844 2317 1008 2372 animorum
1020 2316 1156 2390 erumpit.
1186 2315 1291 2390 Itaque

219 2401 271 2474 qui
301 2420 353 2474 pro
381 2399 483 2458 Caelio
507 2401 543 2457 31
575 2411 655 2457 recte
684 2401 860 2476 probarunt:
893 2402 981 2457 odium
1014 2419 1074 2456 cum
1106 2402 1292 2458 crudelissimo

221 2487 343 2553 discidio,
367 2485 453 2542 iidem
477 2504 548 2542 sane
567 2488 612 2559 (l)
629 2505 664 2543 eo
687 2486 761 2546 loeo.
785 2485 862 2541 unde
885 2487 956 2543 baec
979 2485 1138 2560 disputatio
1161 2493 1227 2542 orta
1248 2495 1293 2542 est

219 2571 269 2640 (de
292 2571 377 2627 Finn.
400 2571 429 2639 1,
453 2573 520 2645 44),
555 2571 679 2645 probare
708 2571 885 2640 debuerunt,
913 2571 990 2645 quod
1019 2580 1049 2627 et
1077 2570 1145 2627 boni
1173 2569 1291 2627 codices

221 2667 249 2712 et
272 2656 433 2712 deteriores
454 2656 560 2727 (nostri
583 2660 695 2729 omnes)
718 2656 841 2712 habeut:
870 2656 947 2722 odia,
976 2657 1106 2722 dramatis,
1129 2657 1291 2726 discordiae,

220 2743 377 2807 seditiones,
400 2742 468 2797 belle
489 2752 649 2806 naseuntur,
674 2741 823 2815 multoque
847 2741 938 2816 magis
961 2742 1005 2813 (2)
1028 2741 1058 2797 in
1081 2740 1214 2797 oratione
1238 2759 1291 2816 pro
1325 2769 1329 2776 ·

223 2825 316 2882 Balbo
341 2825 394 2891 30,
424 2826 501 2899 quod
529 2825 658 2884 Orellius
686 2826 793 2883 edidit:
821 2837 923 2900 pentem
951 2827 1121 2882 dr'mideatem
1149 2846 1167 2880 a
1192 2828 1292 2901 populo

224 2911 345 2966 Romano
367 2911 427 2966 odio
449 2913 567 2984 quodam
588 2920 668 2985 etque
687 2913 809 2967 discidio.
843 2913 943 2984 Atque
966 2911 1008 2966 ita
1031 2910 1168 2967 scribitur
1189 2911 1219 2967 in
1243 2929 1291 2968 co·

221 2995 287 3051 dice
311 2995 455 3059 Parisino,
479 2995 654 3064 Erfurtensi,
679 2996 876 3053 Bernensibus
899 2996 969 3067 (vid.
988 2995 1093 3053 Orellii
1111 2995 1203 3071 praef.
1222 2997 1291 3053 edit.
1334 3031 1339 3052 r

220 3091 308 3139 oratt.
332 3080 444 3137 seleett.
468 3081 568 3138 'surici
595 3081 675 3138 1836
698 3101 726 3157 p.
744 3082 848 3154 XIV),
872 3081 901 3138 id
924 3091 983 3140 est.
1006 3081 1037 3137 in
1060 3081 1209 3150 omnibus,
1240 3082 1291 3156 qui

222 3165 307 3222 fidem
332 3177 495 3235 merentum
517 3168 640 3237 dissidio,
663 3167 687 3223 si
711 3177 788 3223 esset
805 3165 926 3240 aliquid,
949 3165 1151 3222 incredibilem
1171 3167 1293 3224 haberet

223 3251 412 3324 tautologiam
437 3253 618 3322 (decidentem
640 3285 681 3295 -
704 3254 839 3324 dissidio).
885 3253 995 3308 Verum
1019 3252 1065 3308 his
1088 3250 1160 3308 locis
1182 3253 1291 3309 consti·

223 3337 302 3397 tutis,
327 3337 446 3392 dubium
470 3356 528 3394 non
552 3347 612 3405 est,
635 3337 704 3412 quin
728 3339 772 3407 (3)
794 3337 823 3394 in
848 3337 928 3393 Lael.
947 3338 986 3392 23
1009 3356 1046 3393 ex
1070 3336 1189 3410 optimis
1212 3337 1292 3393 codi-

220 3422 304 3495 cibus
327 3417 442 3500 [etiam
472 3423 521 3497 qui
551 3441 643 3498 nuper
671 3423 769 3479 collati
798 3417 889 3501 sunt]
918 3422 1005 3478 scribi
1029 3422 1148 3479 debeat:
1175 3424 1245 3480 odiis
1267 3432 1292 3479 et
1373 3472 1382 3493 ,

221 3508 487 3578 discidiie;¹)'eum
512 3508 562 3565 illo
590 3517 687 3564 autem
717 3507 803 3564 buius
826 3508 861 3564 de
884 3507 990 3564 tinibus
1012 3507 1110 3582 operis
1138 3506 1203 3564 loco
1225 3507 1292 3582 ipsa

220 3593 378 3648 earundem
403 3610 505 3649 vocum
532 3594 621 3650 series
643 3593 801 3669 coniunget
823 3594 866 3667 (4)
889 3594 904 3650 1
928 3593 965 3649 N.
990 3593 1025 3649 D.
1050 3593 1105 3648 tt:
1128 3594 1190 3649 odia
1209 3613 1292 3667 prae·

222 3687 302 3734 terea.
326 3679 455 3736 discidia.
478 3680 644 3746 discordias:
667 3690 696 3734 et
718 3679 891 3735 confirmant
913 3678 1027 3734 codices
1050 3678 1152 3752 optimi
1175 3677 1291 3750 (ABC

221 3763 299 3836 apud
325 3763 482 3828 Moserum,
506 3775 565 3820 tum
592 3764 628 3832 D,
652 3765 675 3821 I.
700 3763 778 3822 Oxx.
793 3763 867 3838 EO).
910 3765 945 3821 In
969 3764 1101 3820 oratione
1121 3763 1152 3820 II
1175 3762 1210 3819 de
1234 3763 1290 3838 leg.

222 3866 316 3923 agrar.
344 3850 378 3904 14
403 3849 447 3920 (5)
471 3849 605 3906 Klotzius
627 3858 705 3905 recte
728 3849 871 3915 restituit,
902 3849 980 3923 quod
1008 3859 1037 3904 et
1060 3848 1152 3905 codex
1177 3847 1239 3905 Eri.
1262 3857 1291 3905 et

112 3982 116 3990 .
221 3933 272 3990 alii
296 3934 404 3989 habent
427 3943 455 3988 et
478 3933 545 3990 inde
562 3953 580 3990 a
594 3933 723 3992 Gruterc
741 3934 896 3990 edebatur:
919 3934 982 3990 Non
1004 3938 1070 3990 enim
1090 3944 1189 3990 notura
1207 3953 1292 4008 neque

222 4020 334 4074 discidio
356 4037 440 4091 neque
462 4021 522 4075 odio
541 4023 647 4095 pertitas
669 4023 746 4076 insito
769 4021 863 4076 bellem
886 4023 971 4076 :mecm
993 4020 1066 4093 quod
1087 4019 1165 4075 labet
1183 4038 1292 4095 suscep·

220 4113 276 4159 tum
297 4105 451 4159 consulatus
473 4125 532 4161 cum
555 4106 699 4164 tribunatu.
746 4105 813 4161 Non
836 4115 942 4162 natura
964 4105 1124 4178 diremptos
1146 4114 1176 4160 et
1198 4104 1291 4161 diseo·

250 4373 272 4434 Ι)
292 4373 348 4436 Ipse
367 4388 423 4421 eum
443 4373 556 4421 Laelium
575 4374 693 4432 edebam,
712 4375 823 4422 noudum
842 4372 904 4421 baec
922 4374 1044 4422 tenebam.

1056 4478 1083 4522 s}
