3030 5086
463 499 506 545 rr
529 498 609 545 nun.
633 498 695 544 nrm
720 499 741 545 v
764 497 836 544 oar.
856 501 895 544 aa.
911 497 1043 559 (er-sa.)
1151 504 1153 508 ⁴
1226 478 1286 543 713

216 667 295 730 milis
317 666 442 744 homini,
465 666 518 747 qui
540 684 602 730 non
624 672 786 730 moveatur
803 671 835 730 et
851 664 1020 731 offensione
1039 663 1240 745 turpitudinis
1257 672 1289 729 et

215 768 467 848 comprobatione
488 766 683 832 honestatis?
704 767 774 848 quis
797 773 854 846 cst,
877 766 930 848 qui
947 785 1009 831 non
1028 765 1131 831 oderit
1146 765 1288 830 hbidino-

216 887 297 947 sam,
327 877 506 950 protervam
529 856 795 934 adulescentiam?
823 868 893 949 quis
920 875 1031 933 contra
1056 868 1088 932 in
1110 867 1163 932 illa
1185 873 1289 932 aetate

215 972 377 1053 pudorem,
400 971 614 1049 constantiam,
637 969 758 1035 etiamsi
777 987 836 1034 sua
853 969 928 1035 nihil
945 969 1076 1048 intersit,
1098 987 1161 1033 uon
1184 980 1287 1034 tamen

216 1072 345 1153 diligat?
367 1073 436 1153 quis
458 1072 580 1136 Pullum
602 1071 820 1148 Numitorium,
841 1069 1066 1152 Fregellanum,
1088 1071 1288 1152 proditorem,
1303 1058 1331 1137 'b

216 1191 406 1253 quamquam
424 1173 469 1236 rei
486 1173 627 1252 publicae
644 1180 771 1237 nostrae
786 1171 912 1253 profuit,
929 1190 991 1236 non
1008 1172 1097 1236 odit?
1115 1173 1185 1254 quis
1202 1170 1288 1236 urbis

217 1282 468 1338 conservatorem
492 1274 643 1353 Codrum,
670 1274 741 1356 quis
768 1272 932 1338 Erechthei
959 1272 1040 1338 lilias
1068 1293 1128 1338 non
1157 1273 1288 1338 maxime

216 1375 346 1440 laudat?
368 1375 416 1439 cui
434 1374 546 1440 Tubuli
568 1393 680 1440 nomen
698 1375 772 1439 odio
789 1394 850 1439 non
868 1374 937 1439 est?
958 1376 1028 1456 quis
1040 1374 1209 1440 Aristidem
1228 1393 1289 1439 non

218 1484 373 1541 mortuum
386 1475 506 1557 diligit?
538 1478 587 1541 Au
606 1476 822 1555 obhviscimur,
839 1481 955 1557 quanto
972 1495 1069 1558 opere
1084 1477 1116 1541 in
1133 1477 1290 1543 audiendo

289 1669 309 1711 1.
329 1673 350 1712 et
368 1673 426 1712 ante
445 1662 574 1726 mmmm
593 1679 642 1713 em.
663 1663 684 1711 E
737 1669 760 1711 5.
780 1661 932 1727 dalipaturE
972 1661 1118 1713 Numitorem
1137 1662 1157 1713 C
1181 1660 1291 1712 Numito·

217 1749 267 1779 rum
278 1731 322 1779 PR
358 1737 371 1778 6
399 1733 595 1795 nanrqaam(pre
614 1732 798 1796 quemquami}
833 1731 886 1794 quie
904 1732 986 1781 omE
1018 1730 1094 1780 verbr'e
1112 1733 1168 1795 (pro
1186 1730 1291 1795 arbum

220 1804 240 1848 l.
261 1799 355 1848 Erectee'
372 1800 393 1847 E
429 1805 452 1847 8.
472 1816 515 1848 eur
533 1805 589 1863 (pro
607 1799 656 1865 cui)
676 1800 697 1848 R

303 1974 413 2028 Pollam
436 1972 629 2046 Numitorium)
648 1972 696 2032 Sic
714 1973 801 2029 etiam
816 1972 893 2047 Spir.
907 1969 973 2049 [B],
996 1970 1292 2044 restitueratqueUr·
1359 1987 1367 2001 ·

218 2057 274 2113 sini
297 2057 448 2114 admonitu
461 2058 630 2127 Ernestir1s;
653 2058 819 2133 superiores
838 2047 1013 2114 Numitorem.
1050 2057 1118 2113 Par.
1136 2059 1160 2121 l,
1185 2056 1292 2126 Mead,

218 2143 324 2217 reliqui
346 2142 415 2200 Gzii
438 2143 610 2200 Nmna'tomcm
631 2141 723 2216 (Gud.
748 2144 765 2198 2
794 2145 987 2216 immeritorum).
1034 2141 1106 2198 Erat
1128 2140 1164 2213 Q.
1188 2141 1292 2197 Numi·

220 2227 311 2285 torius
335 2227 438 2284 Pullus
462 2229 510 2301 (de
534 2229 648 2285 invent.
663 2229 703 2289 II.
721 2228 800 2300 105).
835 2226 921 2300 Quod
938 2228 1014 2284 Dav.
1032 2246 1048 2283 e
1065 2226 1212 2301 scriptura
1228 2225 1291 2282 cod.

219 2312 295 2372 CCC
314 2313 530 2388 (Frepellotium)
548 2314 577 2370 in
597 2324 721 2370 ruentem
740 2313 830 2381 venit,
851 2313 1046 2386 Frepellcrum,
1070 2311 1180 2368 nullam
1204 2311 1293 2367 habet

219 2397 432 2468 necessitatem,
455 2417 509 2456 nec
532 2410 628 2456 tamen
651 2397 847 2474 improbabile
870 2407 927 2466 θεῖς
951 2417 1018 2454 nam
1041 2395 1224 2454 incommode
1241 2414 1293 2472 pa·

219 2484 292 2540 triae
316 2495 345 2540 et
367 2483 486 2542 sceleris
509 2484 684 2561 significatio
706 2493 875 2558 separatum
898 2501 961 2552 nec,
985 2482 1063 2556 quod
1085 2483 1133 2539 111
1156 2481 1234 2539 Phil.
1255 2483 1291 2538 17

219 2568 323 2627 Cicero
346 2570 470 2626 Antonii
493 2570 586 2644 patris
608 2588 731 2627 uxorem
754 2568 880 2645 primum
904 2568 1118 2643 Fregellanam,
1142 2577 1203 2625 turn
1227 2585 1294 2642 pro·

220 2655 323 2711 diteris
351 2654 440 2710 tiliam
469 2654 614 2730 appellat,
643 2655 679 2712 ad
709 2654 905 2711 coniecturam
935 2653 1126 2710 refellendam
1155 2652 1293 2727 pertinet.

220 2739 315 2797 Paulo
339 2748 405 2813 post
427 2738 598 2797 Ciceronem
626 2740 778 2815 scripsisse
802 2749 887 2814 puto:
916 2742 977 2812 qnia
1005 2740 1104 2794 beliue
1132 2739 1205 2794 urbia
1233 2756 1294 2794 con·

220 2834 394 2892 servatorem,
424 2833 456 2880 ut
484 2829 498 2894 ὅ
523 2825 562 2881 54
591 2825 723 2900 scripsit:
754 2828 881 2898 princepe
909 2825 987 2880 huius
1015 2826 1129 2880 ciuitatis
1157 2832 1187 2878 et
1214 2827 1228 2891 ξ
1253 2823 1293 2879 88

220 2915 246 2965 in
270 2911 320 2966 hcc
344 2911 417 2966 urbe.
452 2909 528 2967 Nam
552 2909 577 2967 si
600 2910 635 2965 de
659 2910 731 2966 urbe
750 2909 792 2965 sic
805 2909 875 2965 Piso
893 2909 1070 2982 loqueretur,
1095 2918 1127 2963 nt
1144 2926 1207 2963 eam
1226 2925 1293 2964 con-

220 2995 339 3052 trarium
365 3006 486 3069 poneret
508 2994 534 3050 ei
558 2995 622 3050 loco
646 3005 730 3051 extra
753 2996 865 3060 urbem,
889 2992 917 3049 in
937 3012 995 3068 quo
1011 3011 1088 3049 nunc
1106 3004 1191 3053 esset,
1215 3001 1294 3048 recte

221 3082 271 3139 iila
294 3080 492 3155 appellatione
510 3080 647 3137 Athenae
670 3079 905 3156 significarentur
918 3080 964 3152 (ut
981 3088 1113 3135 extremo
1131 3077 1206 3134 libro
1224 3076 1296 3134 dicit

220 3171 245 3224 in
269 3168 423 3242 oppidmn);
447 3183 523 3222 nunc
546 3183 610 3221 curn
634 3176 837 3221 conservatam
855 3165 957 3220 urbem
976 3164 1125 3221 Romanus
1142 3163 1218 3219 inter
1236 3163 1294 3220 Ro·

222 3272 322 3310 inanes
345 3252 432 3319 dicat,
456 3251 512 3307 nisi
534 3249 645 3323 aliquid
669 3251 802 3315 addatur,
826 3250 992 3306 necessario
1014 3268 1095 3306 suam
1119 3248 1295 3322 illorumque

221 3339 321 3395 urbem
349 3337 517 3412 significare
545 3335 689 3394 videatur.
735 3332 899 3414 [Klotziust
928 3339 990 3408 qrn'a
1016 3354 1081 3390 arroe
1108 3330 1204 3412 tarbis]
1250 3335 1294 3390 Dc

222 3423 378 3479 Erechthei
402 3422 672 3499 filiabus,quarum
697 3439 761 3477 curn
786 3431 869 3496 pater
893 3421 1042 3476 minimam
1071 3429 1142 3476 natu
1164 3421 1193 3475 in
1218 3419 1294 3475 bello

222 3520 323 3565 contra
341 3507 508 3563 Eleusinios
531 3517 560 3562 et
579 3506 753 3581 Eumolpum
773 3525 808 3561 ex
828 3505 946 3562 oraculo
966 3506 1003 3561 ob
1021 3505 1173 3562 victoriam
1192 3504 1295 3560 immo·

222 3595 323 3657 lasset,
348 3603 462 3649 ceterae
485 3611 515 3648 se
540 3591 641 3648 mortis
665 3591 785 3648 comites
809 3591 956 3647 addidisse
980 3601 1149 3659 narrantur,
1172 3587 1295 3664 scripte·

222 3698 284 3735 rum
313 3679 393 3734 locos
421 3677 603 3753 collegerunt
627 3677 772 3733 hieursius
795 3677 830 3731 de
854 3676 945 3748 regib.
969 3677 1042 3732 Ath.
1067 3676 1112 3734 ΙΙ.
1137 3675 1170 3742 9,
1202 3674 1295 3730 Lectt.

223 3767 285 3820 Att.
311 3764 364 3827 Vi,
379 3764 414 3820 21
442 3773 472 3819 et
489 3762 623 3836 Heynius
646 3763 682 3818 ad
700 3761 841 3837 Apollod.
861 3762 917 3830 ΙΙΙ,
936 3762 985 3829 15,
998 3763 1026 3830 4,
1050 3759 1173 3817 Observ.
1192 3778 1219 3833 p.
1234 3759 1293 3816 339

222 3850 266 3906 ed.
293 3851 320 3906 2.
367 3849 413 3905 De
436 3848 554 3904 Tubulo
578 3847 686 3904 dictum
710 3859 753 3903 est
776 3848 813 3905 ad
837 3847 876 3913 ΙΙ,
901 3847 950 3902 54.

308 3955 358 3990 non
392 3944 523 3990 mortuam
551 3934 650 4006 diripit)
679 3933 747 3988 Bae.
781 3943 811 3989 et
839 3931 917 3991 Gud.
946 3935 959 3988 l
996 3940 1026 3988 et
1058 3928 1123 3986 edd.
1151 3930 1294 4004 quaedam

221 4021 321 4091 (lunt,
335 4018 426 4083 Crat,
440 4020 531 4088 Mam,
545 4018 661 4091 Lamb.)
678 4026 809 4074 mortuum
826 4037 878 4074 non
895 4019 989 4089 diliqil,
1008 4035 1099 4092 pravo
1117 4015 1235 4084 ordinm
1253 4015 1296 4072 sic

222 4106 298 4162 enirn
323 4106 352 4174 in
377 4114 469 4161 morte
492 4123 581 4161 causa
603 4103 712 4159 amoris
734 4121 797 4160 esse
822 4102 970 4170 videntum
998 4119 1075 4158 nunc
1098 4101 1153 4158 hoc
1175 4100 1295 4158 dicitur:

222 4212 281 4247 nem
300 4193 377 4246 eu'cm
393 4200 589 4266 postmortem,
607 4191 712 4261 dilt'ptll
746 4187 840 4245 Paulo
858 4198 925 4262 post
941 4190 968 4242 in
985 4188 1119 4243 audiendo
1136 4188 1296 4261 leqendoqm

222 4275 301 4334 Oxx.
328 4276 373 4350 [Ιχ
396 4286 425 4333 et
448 4276 529 4342 edd,
553 4283 678 4350 excepta
699 4273 836 4343 Victorii,
859 4283 927 4329 ante
950 4271 1105 4329 Davisium
1128 4271 1294 4346 pleraeque,

220 4373 309 4428 recte,
334 4362 448 4437 opinor.
472 4361 526 4417 etsi
550 4370 653 4418 contra
676 4360 739 4416 cod.
762 4359 856 4423 arch.;
880 4357 965 4433 attigi
988 4376 1048 4414 rem
1072 4357 1109 4413 ad
1132 4357 1156 4425 1,
1181 4357 1230 4413 34.
