3030 5086
1195 285 1206 323 Ι

1154 336 1168 357 x

559 505 732 554 mannans
756 506 778 554 r.
1144 487 1206 554 tes

130 678 250 737 sedatur.
281 677 381 734 Prima
392 676 465 734 haec
477 677 670 748 astrarides,
684 696 772 752 quam
784 675 853 735 dum
865 676 970 736 Cicero
982 677 1125 753 exemplis
1137 696 1207 736 con·

130 763 236 832 firmat,
254 763 447 839 significatam
461 763 649 838 partitionem
662 762 785 821 deserite
808 762 873 820 Alsa
888 772 929 820 cst
943 767 1012 821 euim
1026 766 1133 838 irruenti,
1151 766 1207 821 ulia

130 851 269 906 miseranti
294 858 341 905 aut
369 850 499 906 invidenti
524 849 678 906 adhibenda
704 850 844 907 medicina.
891 848 1006 907 Deinde
1034 849 1124 906 redite
1152 850 1207 907 Est

131 937 228 991 etiam
251 937 278 991 iu
300 935 419 992 omuibus
436 944 564 1008 quattuor
575 934 821 1010 perturbationibus
839 935 887 991 itta
905 935 1038 993 distinctio
1055 944 1110 992 cet.
1144 934 1203 994 Sed

130 1019 160 1076 in
183 1019 391 1078 affirmativam
414 1018 540 1077 formam
563 1020 619 1077 hoe
642 1020 801 1088 transtulit,
825 1027 857 1076 ut
879 1037 945 1076 cum
964 1020 1142 1078 coniunctim
1163 1020 1207 1077 di·

131 1105 238 1162 cimus:
268 1124 353 1180 neque
376 1136 413 1147 —
437 1114 463 1162 ct
484 1107 550 1180 (pro
580 1124 639 1179 quo
666 1123 732 1162 cum
761 1104 957 1162 substituatur
978 1125 1061 1180 nsque
1083 1138 1124 1149 -
1146 1124 1206 1181 quc,

131 1198 163 1246 ut
185 1209 237 1265 pro
260 1190 419 1266 partitione
447 1190 598 1249 adiunctio
620 1190 672 1261 sit,
702 1190 759 1248 iam
788 1189 1010 1248 dissolutionem
1040 1210 1104 1247 eam
1132 1209 1207 1262 essa,

131 1274 193 1332 dixi
216 1275 252 1332 ad
272 1277 309 1345 V,
324 1276 379 1346 643
402 1274 453 1333 cfr.
472 1277 487 1333 I
506 1277 605 1350 exta).
640 1274 870 1356 [Apertissimus
893 1276 1048 1333 astatium
1073 1276 1154 1334 locus
1176 1276 1206 1334 in

131 1379 173 1418 or.
197 1361 230 1418 11
252 1361 288 1417 da
310 1361 367 1437 leg.
389 1379 451 1438 agr.
475 1362 530 1432 36,
559 1361 609 1418 ubi
637 1369 792 1438 postquam
817 1359 921 1420 Cicero
944 1361 986 1418 ita
1008 1361 1098 1419 dixit:
1126 1362 1208 1420 Duae

129 1455 192 1503 sunt
214 1448 292 1504 buius
314 1447 484 1504 obscuritatis
505 1466 612 1518 causac,
636 1467 690 1504 una
708 1449 824 1522 pudoris
843 1479 892 1515 -,
915 1448 1002 1504 alteru
1024 1450 1140 1516 sceleris,
1164 1448 1207 1505 sie

130 1532 241 1609 pergit:
264 1532 337 1589 num
360 1552 467 1608 neque
483 1552 516 1590 ea
534 1567 573 1575 -
592 1534 674 1590 audet
695 1534 833 1609 oppetiere
849 1541 916 1602 oet,
941 1532 1046 1590 deinde
1063 1533 1207 1607 aliquam·

132 1617 230 1674 multis
253 1617 435 1693 interpositis
453 1618 495 1676 sie
511 1621 539 1690 (ξ
553 1619 605 1692 37)
623 1617 798 1676 adulteram
822 1635 939 1674 cauum
963 1618 1082 1676 transit:
1113 1620 1208 1676 Verum

131 1704 196 1760 baec
211 1706 335 1777 sortasse
351 1713 465 1779 propter
482 1705 615 1779 pudorem
635 1707 663 1761 in
685 1706 740 1778 lcpc
762 1705 920 1770 reticemus,-
949 1705 999 1761 sed
1025 1705 1095 1761 iilud
1121 1706 1207 1778 mopts

131 1784 201 1868 cet]
234 1789 361 1846 Restitui
384 1789 459 1847 hane
483 1789 624 1847 orationis
646 1790 767 1865 figuram
791 1808 807 1844 a
829 1788 980 1846 codicibus
1003 1789 1032 1846 in
1053 1789 1134 1848 Lael.
1151 1789 1206 1847 73:

131 1872 193 1931 Non
210 1877 278 1931 euim
296 1894 401 1949 risque
419 1885 447 1931 tu
459 1878 560 1950 possis,
577 1878 700 1950 quamuis
717 1876 841 1944 sacellus,
859 1893 947 1931 omnes
965 1883 1024 1931 tuos
1040 1877 1080 1932 od
1095 1876 1206 1932 itouorcs
1270 1925 1278 1935 .

130 1962 309 2034 amplissimos
323 1961 485 2036 perducere;
509 1970 537 2018 ut
554 1961 646 2035 Scipio
658 1962 691 2019 P.
706 1961 845 2035 Rupilium
851 1963 941 2035 potuit
951 1962 1083 2017 consulem
1095 1962 1206 2035 efficere,

124 2046 244 2119 fratrem
266 2048 321 2102 eius
342 2047 378 2102 L.
401 2064 452 2102 nou
472 2051 573 2121 potuit3
597 2046 723 2103 debebat
745 2045 842 2120 sequi:
865 2065 949 2120 usque
970 2064 1013 2103 eos
1036 2047 1147 2104 bonores
1168 2048 1209 2104 ilii

130 2134 275 2199 sustiucrc3
293 2131 354 2201 sed,
373 2131 546 2206 interposito
559 2131 610 2188 illo
622 2131 769 2207 exemplo,
787 2131 949 2189 orationem
967 2131 1009 2188 sio
1021 2130 1125 2190 Cicero
1137 2149 1206 2189 oon·

131 2216 233 2273 vertit:
256 2219 330 2291 quod
351 2219 377 2272 si
396 2219 476 2273 etium
493 2220 585 2292 possis
607 2218 714 2291 quiduis
737 2218 842 2290 deferre
863 2217 902 2273 ud
917 2219 1041 2287 aiterum,
1064 2219 1207 2275 videndum

130 2310 169 2358 cst
192 2311 287 2368 tamen,
310 2303 378 2376 quid
399 2304 443 2359 ille
460 2309 549 2377 possit
570 2305 709 2360 sustinere.
756 2301 913 2378 Singulare
935 2301 964 2359 in
989 2303 1044 2360 hoe
1066 2302 1131 2360 loco
1151 2311 1205 2374 ast,

130 2386 207 2460 quod
226 2386 376 2462 praecedit
391 2407 452 2458 riou,
470 2405 558 2462 quam
577 2387 762 2464 negationem
775 2386 880 2443 deinde
892 2387 1040 2444 divisurus
1057 2396 1120 2444 erat
1137 2399 1207 2445 nota

129 2471 239 2547 figura:
261 2491 312 2528 nou
329 2475 396 2529 enim
414 2491 498 2547 neque
515 2483 543 2530 tu
555 2504 596 2514 -
614 2492 697 2548 acque
713 2474 762 2530 iili.
797 2472 902 2546 Itaque
919 2490 997 2530 nuno
1013 2492 1098 2547 aspice
1113 2473 1206 2529 abun·

130 2556 199 2614 dare
213 2557 336 2627 videtur,
360 2559 412 2614 sed
429 2557 533 2617 Cicero
550 2569 702 2615 assecutus
720 2565 764 2614 est
782 2556 822 2626 id,
845 2557 924 2632 quod
946 2576 1000 2615 nos
1022 2558 1207 2632 assequimur

130 2642 172 2699 sie
195 2642 338 2700 dicentes:
362 2644 442 2700 Deua
465 2647 519 2718 aus
536 2645 586 2700 der
607 2647 679 2700 cinea
692 2642 764 2700 Seite
787 2644 857 2700 tcird
877 2663 939 2700 mun
956 2644 1028 2701 nicbt
1046 2653 1100 2700 cet.
1124 2643 1203 2722 [lbd.

132 2728 271 2785 57-59:
296 2729 403 2785 Harum
427 2734 507 2787 trium
529 2733 717 2785 sententiarum
739 2729 807 2785 uuili
825 2748 940 2804 prorsus
961 2736 1103 2788 assecutor.
1149 2729 1206 2787 Nec

130 2815 198 2869 enim
216 2816 263 2870 illu
276 2816 368 2888 prima
388 2834 449 2871 uera
466 2825 514 2871 est.
527 2814 680 2871 -‘Aitera
696 2815 824 2871 sententia
841 2824 881 2871 est
897 2825 952 2870 cet.
966 2847 1002 2857 -
1023 2816 1129 2872 Tertius
1146 2835 1206 2872 uero

130 2899 174 2955 itu
182 2899 249 2972 finis
266 2900 433 2955 steteramus.
466 2898 513 2956 Ex
526 2899 580 2956 hae
593 2897 689 2956 forma
705 2909 775 2956 nata
787 2899 904 2956 videtur
915 2900 1039 2957 Asconii
1052 2900 1206 2972 dubitatio,

130 2983 155 3040 si
168 2984 292 3040 Asconii
311 2993 362 3047 est,
381 2984 417 3040 ad
430 2993 504 3043 orat.
519 2984 709 3043 Scantianum
723 3005 751 3060 p.
762 2983 819 3042 136
832 2982 921 3062 Hot]
944 2985 1034 3059 Apud
1047 2984 1205 3058 Quintilia-

133 3069 205 3124 num
224 3070 304 3132 xli,
330 3071 357 3137 6,
383 3069 400 3125 2
424 3070 508 3126 adest
531 3080 685 3144 utrumque
708 3089 769 3135 uec,
800 3070 850 3127 sed
874 3088 938 3126 cum
963 3079 1119 3145 utrumqne
1142 3089 1207 3128 sen·

130 3154 239 3211 tentiae
269 3155 430 3211 membrum
460 3156 587 3230 pendere
616 3155 737 3212 deberet
759 3156 796 3213 ab
820 3165 849 3213 ut
870 3156 912 3230 (ut
933 3175 1017 3230 uepres
1039 3189 1077 3199 -
1102 3160 1206 3232 neque),

130 3239 253 3296 alterum
277 3239 446 3297 abiunctum
471 3251 501 3298 et
523 3260 575 3315 per
597 3259 628 3297 se
651 3241 778 3316 positum
803 3250 863 3299 est:
886 3240 944 3298 Nec
965 3260 1062 3298 rursus
1083 3244 1206 3316 differen-

130 3327 194 3381 dum
227 3335 266 3382 est
299 3330 447 3383 tirocinium
480 3330 507 3382 in
540 3336 696 3383 suiectutem
723 3325 788 3401 (cir.
819 3325 896 3384 infra
919 3327 987 3400 lx).
1041 3326 1124 3385 Vidit
1152 3328 1207 3386 hoe

129 3409 283 3467 Walehius
307 3412 348 3481 (in
372 3412 404 3469 F.
424 3414 462 3469 A.
483 3412 582 3468 Wolfii
606 3412 760 3469 Analectis
784 3413 798 3470 I
821 3431 849 3487 p.
863 3413 946 3486 251).
980 3412 1062 3469 Dure
1085 3413 1207 3471 Tacitus

131 3495 206 3553 dixit
229 3496 306 3554 Hist.
332 3497 378 3567 11,
403 3499 442 3555 82
469 3498 498 3555 ia
529 3497 610 3554 brevi
634 3497 782 3568 oratione,
811 3497 862 3555 sed
891 3505 920 3554 et
943 3516 996 3555 suo
1019 3517 1100 3555 more
1123 3507 1153 3555 et
1175 3506 1207 3555 nt

129 3581 205 3639 ratio
228 3583 309 3640 reddi
328 3583 435 3657 possit:
459 3584 625 3640 Donaticum
647 3586 725 3640 militi
746 3603 850 3659 neque
868 3584 1012 3640 Mucianus
1031 3591 1124 3659 prima
1146 3603 1206 3642 con·

130 3670 206 3735 douc,
231 3671 284 3725 nisi
305 3670 413 3731 modice,
436 3671 663 3743 ostenderemus
692 3670 872 3745 Vespasianus
894 3671 1029 3745 quidem
1048 3672 1114 3745 plus
1135 3673 1209 3728 ciuili

131 3753 197 3809 bello
218 3754 311 3809 obtulit
332 3773 414 3828 quum
437 3757 486 3811 ulii
507 3762 534 3811 ia
553 3774 630 3829 pace.
676 3755 753 3812 Nam
777 3764 888 3812 rectum
912 3762 976 3811 erat
997 3775 1081 3830 neque
1107 3757 1206 3831 Vespa·

128 3841 230 3899 cianus,
253 3838 305 3895 sed
322 3839 417 3897 oratio
440 3858 497 3898 non
520 3839 742 3909 intendebatur;
765 3840 864 3915 itaqua
886 3839 1022 3899 dissolvit
1038 3841 1160 3899 Tacitus
1177 3849 1207 3898 et

130 3943 216 3981 nc-
233 3926 341 3999 quidem
365 3925 472 4000 posuit.
508 3926 652 3982 Perverse
675 3925 793 4001 quidam
819 3934 937 3983 tuentur
960 3926 1102 3983 malorum
1126 3927 1205 3985 codi-

130 4026 195 4066 cum
219 4010 394 4084 scripturam
417 4030 464 4068 uec
485 4023 538 4067 aut
559 4031 643 4086 neque
666 4044 706 4052 —
728 4013 851 4086 quidem,
875 4029 1038 4085 quaecum
1062 4030 1205 4087 nusquam

90 4124 96 4146 t
128 4105 210 4152 recta
226 4095 265 4152 sit
281 4096 353 4168 (vid.
371 4114 434 4153 exo.
449 4096 520 4171 111),
545 4104 604 4154 tum
623 4097 652 4153 in
671 4096 858 4170 partitionem
877 4105 907 4153 et
923 4096 1142 4172 copulationem
1162 4097 1206 4155 in·

129 4180 212 4238 clusa
234 4183 330 4256 (neque
353 4215 391 4226 —
416 4201 500 4257 ueqsu
522 4214 562 4226 -
585 4183 705 4256 qaudam)
728 4200 764 4239 ne
793 4181 920 4239 colorem
950 4181 1067 4256 quidem
1091 4183 1204 4259 recipit

130 4266 241 4324 Durius
264 4267 340 4324 idem
359 4267 481 4325 Tacitus
503 4267 629 4337 ibd.IV,
644 4268 699 4325 34:
728 4268 825 4325 Vocula
848 4286 906 4324 nec
928 4269 1071 4325 aduentum
1093 4270 1206 4326 bostium

129 4354 294 4428 esplorasit,
322 4372 404 4428 coque
425 4356 505 4411 simui
526 4373 649 4427 epressus
669 4356 823 4428 uictusque,·
852 4355 928 4411 dein
956 4357 1081 4411 uictoriae
1105 4374 1205 4430 porum

129 4438 251 4511 confisus,
275 4442 345 4497 tritis
360 4442 473 4514 suestra
495 4441 597 4511 diebus,
619 4448 712 4497 castra
728 4442 755 4496 iu
774 4439 873 4497 bostem
889 4440 968 4496 movit
985 4447 1050 4511 cet,
1073 4439 1129 4497 hoc
1145 4448 1204 4497 est:
