3030 5086
264 471 329 538 844
677 490 852 539 uxuuasus
875 489 930 537 vn.

264 661 468 736 similibusque
486 661 596 732 (Stahr.
609 682 637 737 p.
655 664 713 719 144
726 663 802 736 sqq.)
822 680 858 718 ne
875 660 948 717 illud
965 660 1083 733 quidem
1100 671 1342 735 consequeretur,

264 747 319 804 nisi
348 746 406 803 alia
429 758 528 804 essent
550 747 679 804 certiora
699 747 821 814 indicia,
850 745 1023 804 Ciceronem
1053 745 1201 802 rhetorica
1223 747 1342 803 Aristo·

263 831 330 891 telis
357 832 467 906 scripta
495 832 612 907 legisse.
658 831 878 889 Multominus
906 849 943 887 ex
960 849 1022 900 eo,
1052 830 1129 904 quod
1152 832 1340 888 temerariam

263 917 415 986 Antiochi,
439 917 570 993 magistri
595 917 649 981 sui,
673 917 773 973 omnia
794 915 987 990 exsequentis
1010 915 1186 972 sententiam
1205 935 1294 991 saepe
1313 926 1343 972 et

262 1003 389 1060 libenter
412 1003 549 1077 probans,
573 1001 646 1058 nihil
669 1001 746 1058 inter
764 1001 957 1059 Aristotelem
981 1010 1009 1056 et
1029 1001 1228 1058 Xenocratem
1253 1013 1343 1076 atque

263 1088 454 1145 Polemonem
478 1086 621 1143 interesse
644 1087 746 1143 scribit
769 1088 809 1162 (p.
829 1088 914 1160 tto).
938 1086 1102 1154 coniicitur,
1125 1105 1190 1142 eum
1215 1087 1340 1144 multum

262 1189 370 1247 operae
392 1171 565 1228 Aristotelis
592 1171 796 1248 philosophiae
824 1171 1010 1246 impendisse.
1057 1171 1172 1229 Deinde
1201 1171 1341 1231 Stahrius

263 1275 358 1331 neque
386 1257 416 1313 id
438 1257 577 1323 attendit.
606 1256 699 1314 multa
723 1256 895 1315 Aristotelis
923 1258 959 1314 de
988 1257 1087 1314 multis
1109 1258 1198 1314 rebus
1221 1257 1341 1327 iudicia,

263 1360 339 1417 quae
361 1360 426 1398 cum
450 1342 588 1400 universa
612 1342 799 1417 philosophia
822 1361 879 1399 uon
902 1342 1104 1412 cohaererent,
1127 1342 1169 1399 sio
1193 1361 1245 1418 per
1268 1342 1342 1399 alio·

262 1445 326 1485 rum
350 1427 441 1484 libros
463 1445 566 1502 sparsa
589 1426 695 1497 fuisse,
724 1437 755 1483 ut
778 1445 814 1484 ea
835 1426 940 1486 Cicero
964 1438 993 1484 et
1015 1446 1124 1502 ponere
1152 1436 1182 1483 et
1210 1428 1247 1484 ad
1271 1427 1342 1484 Ari·

264 1510 399 1571 stotalem
433 1520 582 1569 auctorem
616 1511 727 1569 referre
757 1520 871 1588 posset,
906 1512 1021 1569 etiamsi
1056 1512 1120 1587 ipse
1148 1531 1182 1568 ea
1211 1532 1248 1568 ex
1277 1513 1342 1569 eius

263 1596 346 1654 libris
369 1615 426 1653 nou
450 1607 588 1664 sumeret,
612 1598 691 1654 velut
715 1597 802 1667 illud,
825 1598 904 1672 quod
928 1598 942 1654 l
966 1598 1001 1654 de
1024 1598 1062 1654 N.
1087 1598 1123 1655 D.
1151 1599 1207 1655 107
1233 1598 1343 1674 legitur

262 1682 299 1739 de
322 1682 442 1757 Orpheo
466 1690 554 1757 poeta
576 1686 622 1752 (ac
650 1694 746 1739 tamen
771 1683 864 1739 teneri
888 1683 990 1747 velim,
1020 1702 1066 1739 me
1095 1702 1152 1739 nou
1181 1683 1342 1757 affirmare,

262 1766 293 1824 in
315 1767 371 1824 hoc
393 1767 458 1842 ipsu
481 1768 617 1843 exemplo
640 1768 682 1825 ita
703 1766 812 1825 faotttm
837 1773 923 1840 esse),
947 1786 1041 1843 neque
1065 1778 1161 1838 tenet,
1185 1769 1234 1843 qui
1256 1768 1340 1827 Cice-

262 1852 343 1910 ronis
367 1870 429 1910 mos
452 1853 481 1909 in
505 1853 671 1910 huiusmodi
695 1854 782 1910 rebus
805 1864 835 1909 et
857 1863 988 1909 veterum
1012 1853 1238 1911 auctoritatibus
1262 1873 1341 1910 cum-

263 1938 461 1995 memorandis
483 1936 581 1995 fuarit.
625 1938 702 1995 Nam
732 1957 797 1994 oum
821 1937 926 1997 Cicero
954 1937 1016 1995 iere
1044 1939 1074 1995 in
1104 1939 1228 2015 singulis
1257 1939 1342 1997 libris

263 2022 464 2097 librorumque
498 2024 630 2098 partibus
665 2042 753 2080 unum
786 2023 914 2097 aliquem
943 2023 1044 2080 ducem
1074 2036 1260 2098 sequeretur,
1295 2043 1340 2094 ea,

262 2126 339 2183 quae
372 2109 450 2183 apud
479 2109 555 2165 hunc
583 2109 618 2164 de
647 2118 779 2166 veterum
808 2109 892 2165 libris
918 2109 1130 2184 sententiisque
1160 2121 1340 2186 reppererat

262 2193 434 2268 saepissime
468 2193 543 2250 fidus
573 2194 718 2269 interpres
746 2194 807 2251 suis
835 2212 992 2250 suorumve
1021 2213 1211 2270 personarunt
1241 2195 1342 2252 verbis

262 2279 355 2354 pouit.
402 2279 513 2336 Notavi
536 2280 589 2335 hoo
612 2280 641 2336 in
666 2298 724 2337 uno
748 2279 884 2354 exemplo
907 2279 944 2336 ad
967 2281 1022 2349 tv,
1039 2283 1075 2337 14
1094 2279 1141 2352 (de
1155 2281 1340 2354 Polemone).

263 2361 322 2423 Sed
350 2363 422 2420 nihil
452 2364 595 2421 illustrius
624 2383 688 2422 esse
712 2374 822 2439 potest,
854 2383 940 2439 quam
970 2364 1048 2440 quod
1076 2383 1114 2421 ex
1137 2364 1340 2422 Herculanen-

261 2448 343 2506 sibus
366 2449 565 2507 voluminibus
588 2461 702 2507 erutum
726 2449 926 2507 testimonium
955 2460 1022 2506 ante
1051 2449 1165 2524 aliquot
1192 2469 1286 2508 annos
1309 2450 1340 2507 in

262 2532 425 2593 Germania
440 2536 590 2611 evulgavit
607 2535 661 2594 Clr.
674 2536 863 2593 Petersenius
880 2536 922 2610 (in
941 2535 1037 2592 indice
1055 2535 1221 2593 scholarum
1240 2555 1338 2611 gymn.

263 2620 426 2696 Hatnburg.
455 2621 561 2695 1883),
590 2621 637 2678 cui
660 2640 766 2698 magna
787 2621 883 2698 gratia
906 2621 1041 2678 habenda
1069 2630 1113 2677 est
1136 2631 1165 2677 et
1187 2622 1229 2677 rei
1253 2621 1341 2678 intel·

263 2706 358 2763 lectae
387 2717 415 2762 et
443 2707 479 2763 ad
508 2706 635 2782 plurium
666 2707 799 2764 notitiam
828 2707 1059 2763 commendatae.
1104 2699 1228 2765 Constat
1252 2707 1340 2774 enim,

263 2809 379 2849 omnem
403 2810 469 2848 eum
493 2810 671 2858 sermonem,
701 2792 750 2867 qui
780 2791 809 2848 in
838 2791 914 2847 libro
938 2792 952 2848 1
976 2793 1014 2850 N.
1037 2793 1071 2848 l).
1095 2793 1213 2850 Velleio
1237 2792 1342 2848 tribui·

263 2885 320 2948 tur,
344 2895 381 2933 ex
405 2895 462 2934 uno
486 2877 614 2934 Phaedri
639 2877 776 2952 Epicurei
800 2874 866 2954 [aut
888 2877 1000 2950 potius.
1028 2889 1058 2934 ut
1082 2889 1185 2952 postea
1209 2877 1342 2951 Spenge-

264 2962 322 3019 lius
345 2971 374 3019 et
397 2961 546 3037 Sauppius
569 2963 775 3031 ostenderunt,
799 2961 997 3039 Philodemi],
1021 2961 1172 3021 Ciceronis
1195 2962 1340 3036 aequalis,

262 3047 339 3104 libro
362 3047 404 3103 ita
426 3066 491 3104 esse
514 3048 700 3122 decerptum,
724 3056 755 3103 ut
778 3065 815 3103 ex
839 3066 873 3103 eo
896 3049 1000 3107 etiam.
1024 3060 1056 3104 ut
1078 3048 1134 3104 hoc
1157 3058 1236 3108 utar.
1262 3059 1342 3105 tran·

263 3132 470 3196 scriberentur,
494 3151 569 3206 quae
593 3135 658 3201 §41
684 3132 720 3187 de
743 3131 902 3208 Chrysippi
926 3133 1009 3189 libris
1031 3122 1097 3208 saepi
1120 3121 1237 3204 otiosae
1260 3129 1341 3188 θεῶν

262 3226 292 3276 et
314 3217 350 3274 de
374 3217 516 3292 Diogenis
540 3217 697 3293 Babylonii
720 3217 796 3273 libro
817 3209 884 3293 usqi
905 3209 1043 3291 Ἀθηνᾶς
1065 3217 1211 3293 leguntur.
1245 3216 1340 3291 Atqui

263 3322 300 3360 ex
325 3303 379 3359 hoc
399 3304 463 3377 ipso
481 3303 545 3359 loco
564 3303 699 3360 Stahrius
711 3305 753 3377 (p.
771 3304 841 3375 161)
861 3302 960 3359 allicit
984 3302 1119 3360 Ciceroni
1140 3311 1226 3359 notos
1248 3302 1341 3359 inisse

263 3388 434 3446 Aristotelis
469 3388 560 3444 libros
589 3389 624 3444 de
653 3387 855 3463 philosophia.
891 3385 1008 3444 ttun'ei
1036 3389 1073 3444 ad
1104 3406 1218 3445 manum
1249 3387 1342 3444 inissa

263 3473 431 3550 Speusippi,
455 3474 649 3535 Xenocratis,
674 3472 841 3529 Heraclidis
867 3473 996 3535 Pontici.
1020 3473 1234 3549 Theophrasti.
1259 3473 1344 3530 Stra·

262 3559 339 3617 tonis
362 3559 465 3616 libros.
490 3578 573 3632 quos,
597 3559 621 3616 si
646 3559 813 3616 Heraclidis
835 3559 927 3615 libros
950 3558 1108 3634 populares
1131 3569 1159 3614 et
1182 3557 1342 3633 multiplici

262 3643 393 3702 doctriua
427 3642 552 3700 refertos
586 3655 614 3699 et
644 3644 880 3720 Theophrastum
912 3644 1078 3718 exceperis.
1113 3644 1232 3702 Cicero.
1268 3643 1340 3699 mihi

261 3729 357 3796 crede,
380 3748 539 3803 unusquam
563 3731 711 3805 attigerat.
726 3733 752 3804 ¹)
786 3731 824 3786 Et
847 3739 944 3785 tamen
969 3729 1104 3786 Stahrius
1127 3732 1167 3804 (p.
1185 3729 1264 3800 159).
1288 3728 1340 3785 ubi

261 3815 297 3872 de
320 3815 351 3872 ll
376 3815 414 3873 N.
440 3815 476 3871 D.
502 3815 541 3871 42
571 3816 715 3890 disputat,
746 3815 808 3889 ipse
836 3815 865 3871 in
891 3833 990 3870 verum
1020 3815 1197 3890 suspicando
1226 3814 1340 3883 incidit,

262 3900 342 3957 illam
366 3900 538 3957 Aristotelis
569 3901 744 3957 intentionem
776 3921 791 3956 e
815 3899 967 3959 Cleanthis
990 3899 1066 3957 libro
1095 3910 1241 3975 suntptam
1265 3917 1339 3956 esse.

261 3987 372 4044 Verum
402 3985 430 4042 id
459 3985 495 4040 ad
525 3986 632 4041 multos
661 3986 735 4042 alios
764 3986 844 4042 locos
873 3986 1010 4060 pertinet.
1061 3985 1119 4043 Sed
1148 3985 1196 4041 hic
1226 3984 1339 4042 Stabrii

261 4089 343 4128 error
360 4069 580 4127 excusationem
599 4072 702 4131 habet:
722 4071 794 4127 illud
813 4071 862 4144 qui
881 4089 1029 4131 excusem.
1048 4071 1099 4127 vix
1117 4070 1241 4145 reperio,
1260 4070 1339 4144 quod

296 4289 319 4351 ¹)
338 4287 419 4337 Simul
439 4288 555 4337 Ciceroni
575 4287 639 4338 sulm
659 4290 754 4354 speeies
772 4289 921 4337 detrahitur.
947 4303 1022 4351 quum
1047 4288 1100 4351 ipse
1118 4302 1169 4335 non
1189 4289 1341 4342 assumebat,

334 4357 409 4405 simul
429 4357 550 4406 liberatur
568 4358 654 4421 aliquo
672 4359 749 4406 modo
763 4359 866 4406 crimine
880 4353 1059 4405 sententiarum
1076 4356 1149 4406 ioede
1164 4367 1342 4420 corruptarum

333 4433 359 4472 et
376 4427 579 4490 depravatorum.
