3030 5086
392 453 437 501 au
460 453 542 500 nnn.
564 454 628 500 nra.
650 453 675 499 11
697 453 770 501 car.
793 456 899 503 rs-io.
920 455 1054 517 (ee-cr.)
1193 437 1257 503 245

179 621 383 704 profundunt,
400 641 442 687 an
458 622 594 703 quodum
611 622 705 686 animi
722 623 836 687 ardore
852 628 948 703 atque
960 622 1079 702 impetu
1090 623 1258 688 concitati?

178 725 293 792 Utrum
326 725 452 788 undem
486 741 608 804 censes,
642 724 816 805 Torquate,
854 724 1060 804 Imperiosum
1092 725 1192 805 illum,
1230 725 1258 791 si

177 834 289 892 nostra
316 825 413 897 verba
440 826 577 904 audiret,
611 832 737 891 tuamne
769 827 809 891 de
840 844 875 891 se
908 826 1081 891 orationem
1110 827 1257 892 libentius

176 929 360 994 auditurum
387 925 484 992 iuuisse
511 945 551 991 an
574 946 691 1006 meam,
724 946 794 991 curn
822 946 878 1008 ego
901 928 1049 1007 dicerem,
1082 928 1159 993 nihil
1186 948 1256 993 eum

176 1029 291 1096 iecisse
318 1048 376 1094 sua
397 1046 494 1093 causa
520 1029 686 1110 omniaque
714 1029 758 1093 rei
786 1029 945 1109 publicae,
974 1037 1009 1093 tu
1031 1038 1154 1109 contra,
1181 1029 1296 1098 nihil5

178 1133 240 1197 nisi
266 1131 348 1197 sua?
391 1131 424 1196 Si
450 1149 525 1195 vero
554 1131 587 1196 id
614 1131 708 1196 etiam
736 1131 904 1211 explanare
931 1131 1027 1196 velles
1054 1132 1258 1213 apertiusque

177 1233 316 1314 diceres,
344 1232 422 1297 nihil
447 1251 518 1297 eum
545 1231 657 1298 iecisse
685 1232 744 1297 nisi
767 1232 939 1313 voluptatis
962 1251 1071 1312 causa,
1101 1234 1257 1314 quomodo

177 1354 250 1402 eum
279 1335 409 1400 tandem
436 1335 572 1399 laturum
594 1333 692 1399 iusisse
713 1333 894 1399 existimas?
938 1336 988 1399 61.
1022 1334 1113 1402 Esto:
1141 1333 1258 1415 iecerit,

177 1438 205 1503 si
232 1437 280 1502 ita
306 1437 369 1515 vis,
401 1437 582 1518 Torquatus
615 1442 746 1517 propter
773 1455 849 1500 suas
875 1435 1026 1500 utilitates
1053 1436 1148 1517 (malo
1176 1437 1257 1501 enim

252 1628 272 1674 l.
292 1622 381 1672 ardore
399 1622 529 1686 impetuque
548 1623 568 1670 L
618 1631 641 1670 3.
661 1621 769 1671 latentius
792 1622 920 1671 orationem
939 1623 960 1671 L
1004 1631 1027 1671 4.
1046 1639 1096 1672 eum
1115 1621 1173 1671 ‚ruit
1191 1622 1258 1673 LCR

179 1695 203 1741 6.
226 1692 252 1740 si
271 1692 332 1740 euim
354 1690 381 1740 id
402 1692 424 1739 R
476 1691 582 1755 apertius
604 1691 663 1751 (om.
683 1694 738 1754 que)
757 1690 854 1738 LPMR
906 1691 985 1755 aptius
1004 1691 1025 1742 C
1082 1696 1103 1740 7.
1128 1709 1173 1755 quo
1196 1695 1257 1754 (om.

178 1759 300 1822 modo)C
336 1765 358 1808 8.
379 1760 496 1808 existentes
513 1759 655 1809 PMcltOr.
693 1765 715 1808 9.
734 1758 907 1822 uoluptutesE

264 1933 442 2007 Imperiosum
464 1932 552 2006 ittam)
575 1931 760 2006 Quamquam
784 1932 841 1988 iam
865 1944 949 2007 pater
972 1933 1008 1989 T.
1031 1934 1192 2007 Torquati,
1221 1933 1256 1992 L.

180 2016 321 2086 Manlius,
344 2018 499 2092 Imperiosi
523 2035 685 2093 cognomen
709 2018 797 2074 habet
820 2018 898 2092 apud
922 2017 985 2074 Liv.
1006 2019 1076 2087 VII,
1102 2019 1119 2074 3
1139 2020 1205 2074 et4
1229 2026 1259 2074 et

181 2102 284 2161 Senec.
308 2103 344 2159 de
369 2102 471 2161 Beuei.
483 2103 541 2171 111,
556 2103 594 2159 37
619 2103 699 2159 etin
722 2102 808 2160 fastis
825 2102 1011 2177 Capitolinis,
1035 2103 1171 2176 idemque
1183 2104 1259 2160 Tor·

180 2187 263 2263 quati
285 2186 370 2245 fratri
394 2197 464 2245 natu
483 2189 587 2244 maiori
606 2187 660 2246 Cn.
684 2187 713 2243 in
737 2186 823 2245 fastis
835 2187 933 2262 Capit.
953 2197 983 2244 et
999 2189 1077 2262 apud
1097 2189 1183 2245 Diod.
1199 2187 1258 2247 Sic.

180 2274 273 2343 xvl,
302 2274 338 2330 15
362 2274 462 2343 datur,
492 2282 525 2329 nt
549 2272 733 2330 manifestum
758 2273 809 2343 sit,
834 2292 891 2329 uon
915 2292 933 2328 a
955 2274 1108 2346 Torquato
1130 2283 1258 2348 partum,

181 2358 233 2414 sed
255 2358 418 2416 hereditate
441 2369 592 2434 acceptum
617 2376 691 2427 esse,
715 2378 772 2415 non
796 2368 894 2434 pot-eet
910 2367 1007 2415 tamen
1026 2359 1164 2431 dubitari,
1187 2358 1259 2432 quin

183 2442 289 2502 Cicero
311 2443 359 2500 hic
381 2444 444 2500 sive
466 2444 613 2500 communi
631 2444 757 2517 quodam
776 2463 875 2500 errore
892 2445 954 2501 sire
977 2463 1030 2501 suo
1048 2444 1077 2500 id
1095 2461 1259 2520 cognomen

182 2529 327 2602 Torquati
345 2528 424 2585 illins
442 2529 592 2603 proprium
611 2539 640 2584 et
657 2530 694 2584 ab
713 2540 876 2604 esparlum
889 2530 1046 2585 severitate
1064 2530 1115 2585 illa
1133 2530 1258 2605 putaritq

181 2632 276 2687 neque
306 2614 382 2670 enim
413 2614 523 2687 alioqui
552 2615 624 2670 satis
653 2615 700 2670 hic
728 2615 822 2670 virum
852 2614 1054 2689 significasset.
1098 2617 1199 2689 Atque
1229 2616 1260 2671 in

180 2698 304 2755 eundem
328 2717 458 2756 errorem
481 2699 584 2756 incidit
607 2699 709 2756 Livius
731 2700 787 2767 IV,
811 2700 866 2768 29,
895 2700 945 2773 qui
970 2700 1044 2769 VII,
1069 2702 1096 2756 4·
1110 2701 1219 2756 rectius
1241 2717 1260 2756 a

180 2794 265 2859 patre
293 2795 409 2859 partum
439 2802 599 2859 cognomen
629 2785 733 2851 tradit3
767 2802 835 2840 nam
863 2803 937 2841 avus
972 2785 1052 2841 Vulso
1074 2785 1258 2858 Capitolinus,

180 2879 304 2944 patruus
341 2870 508 2944 Capitolinus
540 2870 570 2925 iu
604 2868 688 2925 fastis
722 2869 903 2939 scribuntur,
937 2879 1042 2925 neuter
1069 2870 1259 2943 Imperiosus.

180 2955 287 3028 Itaque
310 2973 367 3011 non
391 2955 561 3029 Torquatus
574 2954 765 3029 Imperiosus,
789 2955 839 3010 sed
862 2954 1041 3029 Iurpm'ossus
1064 2955 1154 3027 (quod
1178 2955 1259 3028 prius

180 3045 256 3112 erat)
284 3041 437 3113 Torquatus
465 3041 494 3096 in
524 3040 606 3096 lastis
630 3040 726 3114 Capit.
755 3041 901 3111 scribitur.
947 3039 1099 3096 Accidisse
1128 3040 1203 3095 idem
1228 3040 1259 3096 in

180 3124 416 3200 Capitolinorum
439 3117 556 3182 vetusto
578 3126 762 3200 cognomine,
786 3137 886 3181 notum
911 3136 971 3193 est,
995 3133 1025 3180 ut
1050 3125 1112 3181 eius
1135 3125 1219 3200 origo
1242 3143 1260 3181 a

180 3229 212 3268 re
234 3210 342 3267 illustri
366 3209 441 3267 falso
465 3221 655 3285 repeteretur.

267 3295 456 3370 apertiusque)
485 3296 534 3354 Sic
558 3295 645 3353 Grut.
668 3315 684 3350 e
708 3296 772 3351 Pal.
800 3298 812 3350 l
844 3304 873 3351 et
901 3295 1093 3362 recentiores,
1124 3296 1201 3351 Dav.
1230 3303 1261 3352 et

180 3379 274 3439 Gaius
298 3381 396 3439 tacite.
443 3380 522 3439 Oxx.
546 3381 662 3454 Empe,
694 3389 726 3437 ut
748 3381 817 3436 olim
842 3381 998 3436 edebatur:
1028 3383 1107 3436 velles
1129 3384 1259 3455 apertius,

179 3467 290 3523 diceres.
396 3486 402 3495 ·

265 3551 418 3629 esisu'uras)
447 3551 496 3607 Sic
525 3549 571 3626 [ut
600 3548 671 3625 AB]
700 3551 757 3606 iam
787 3549 882 3618 Crat,
914 3550 1032 3615 Lamb.,
1062 3560 1123 3606 tum
1153 3569 1168 3606 e
1198 3551 1260 3610 suis

180 3646 320 3710 quattuor
342 3636 411 3710 (Ox.
426 3630 453 3708 ξ)
473 3635 581 3704 Gzius3
605 3636 655 3691 sed
679 3635 768 3691 stulte
791 3645 913 3692 excusat
932 3645 1080 3710 tamquam
1099 3636 1260 3705 inversum,

179 3722 257 3795 quod
281 3741 370 3778 unum
394 3740 495 3798 verum
519 3735 571 3777 est.
606 3720 854 3794 ItaqneOrellius
877 3722 913 3776 ad
937 3721 1143 3778 soloecismum
1163 3721 1259 3792 rediit,

179 3807 411 3863 condicionalem
430 3806 649 3863 coniunctivum
667 3824 731 3862 esse
749 3817 856 3880 putans
873 3809 911 3877 (si
927 3809 1029 3863 diceres
1044 3839 1080 3848 —
1095 3808 1259 3880 emistimesl)

178 3909 233 3949 nec
245 3892 317 3949 duas
335 3892 446 3949 formas
463 3892 679 3948 diversissimas
692 3902 721 3946 et
733 3892 901 3947 notissimas
915 3891 1107 3966 distinguens,
1125 3909 1190 3947 cum
1208 3900 1260 3948 aut

178 3988 347 4051 quaeratur,
370 3977 441 4051 quid
464 3987 544 4034 certa
567 3977 738 4033 condicione
761 3976 868 4049 aliquis
891 3975 1023 4032 futurum
1041 3975 1133 4032 fuisse
1151 3976 1260 4033 indicet

178 4065 259 4136 (quid
280 4067 417 4119 esistimus
433 4065 562 4135 fratruum
578 4065 681 4135 juisse,
705 4065 755 4134 si),
791 4072 858 4129 aut,
890 4061 959 4134 quid
984 4069 1064 4117 certa
1087 4061 1259 4117 condicione

179 4146 362 4205 iudicaturus
384 4149 475 4204 inerit
492 4150 573 4222 (quid
589 4150 766 4211 eristimares,
789 4148 825 4219 ss)
870 4146 973 4204 Simile
996 4146 1025 4202 in
1049 4145 1259 4220 interrogando

90 4250 94 4259 ’
179 4234 316 4289 mendum
340 4233 502 4289 tollendum
526 4233 582 4289 erit
600 4238 614 4302 ξ
629 4235 683 4299 76;
707 4231 760 4289 cfr.
776 4233 812 4298 V,¹
827 4232 876 4289 89.
901 4228 974 4310 [Hic
994 4233 1033 4287 74
1046 4234 1074 4287 A
1098 4226 1256 4310 ametimos]

265 4319 315 4374 61.
348 4321 419 4374 meto
446 4322 514 4375 euim
544 4319 646 4391 elicere)
676 4317 744 4374 Non
779 4317 842 4373 sine
876 4335 964 4373 causa
992 4317 1021 4372 in
1051 4317 1106 4372 hac
1134 4316 1258 4373 duarum

178 4403 410 4478 appellationum
429 4404 648 4478 comparatione
662 4402 802 4460 Davisius
820 4400 952 4473 offendit,
975 4402 1168 4475 Bremiusque
1186 4401 1259 4459 scri·
