3030 5086
428 485 471 529 nr
496 482 574 529 stan.
598 483 660 527 nm.
684 483 706 528 v
728 483 801 557 cnm
824 485 932 531 as-aa.
947 484 1079 543 (ss-so.)
1229 465 1292 530 759

216 612 463 732 Theophrastus,
481 651 625 715 consistit
635 649 667 713 in
679 649 770 714 beata
783 650 848 713 vita
860 650 1085 730 comparanda;
1103 647 1195 714 beate
1209 649 1292 714 enim

291 810 309 851 l.
329 804 431 852 corastilit
449 803 506 852 Non
550 802 608 851 caint
627 801 723 852 vivendi
739 802 797 850 enim
817 801 838 850 E

218 942 423 1018 philosophiae
446 942 513 998 duei
535 941 601 1014 (cir.
625 941 716 1005 adl,
740 942 806 1012 62),
831 940 984 1015 aptissime
1007 950 1103 998 autem
1127 940 1203 996 hanc
1225 957 1292 996 sen-

216 1028 337 1083 tentiam
362 1028 399 1083 ab
422 1028 515 1084 altero
538 1026 656 1083 scholae
669 1025 885 1100 Peripateticae
906 1024 1049 1100 principe,
1072 1024 1155 1081 cuins
1173 1024 1290 1082 notissi-

219 1131 282 1168 mus
305 1123 366 1168 erat
384 1099 449 1186 napi
467 1102 657 1183 εὐδαιμονίας
674 1110 756 1178 liber,
780 1110 888 1186 repetit
905 1120 934 1165 et
951 1109 1015 1166 sine
1033 1109 1121 1166 dubio
1141 1109 1290 1185 exipsius

217 1197 297 1252 illius
315 1197 382 1252 libri
399 1195 521 1253 exordio
539 1195 636 1251 sumit.
677 1196 712 1252 ln
730 1204 790 1251 tam
813 1195 969 1270 perspicua
992 1213 1023 1250 re
1042 1195 1072 1250 iu
1090 1194 1291 1252 vetustissimo

217 1300 317 1337 errore
341 1281 470 1338 tollendo
499 1299 556 1336 non
585 1280 717 1336 dubitavi
742 1279 877 1336 Lambini
900 1279 1114 1350 coniecturam,
1143 1297 1230 1352 quam
1254 1298 1290 1335 ne

217 1365 369 1443 Gruterus·
393 1366 511 1439 quidem
536 1364 693 1438 „culpare'*
718 1383 807 1422 ausus
830 1373 890 1433 est,
919 1364 1074 1421 Ernestius
1102 1374 1199 1421 autam
1228 1364 1291 1421 iure

218 1450 363 1525 probavit,
381 1451 462 1523 sequi
482 1461 584 1506 contra
597 1450 722 1507 codices.
745 1450 794 1524 qui
813 1449 885 1505 haec
903 1449 1007 1505 verba:
1033 1459 1060 1506 ut
1076 1451 1115 1506 ait
1136 1449 1293 1524 Theophra-

217 1546 276 1591 atns
299 1536 386 1610 paulo
409 1545 477 1590 ante
501 1544 613 1609 ponunt
635 1535 819 1609 ineptissimo
842 1534 916 1591 loco.
951 1531 1080 1614 [Nonius
1097 1534 1197 1602 etiam,
1220 1551 1292 1607 quo·

218 1621 296 1685 niam
321 1621 392 1676 haec
415 1638 468 1677 suo
491 1620 556 1675 loco
579 1619 696 1675 omittit.
720 1620 819 1694 priore
837 1619 953 1676 videtur
970 1615 1131 1697 habuisse]
1166 1617 1223 1691 Qui
1242 1618 1292 1675 de·

217 1704 337 1761 iendere
360 1716 503 1761 conantur
522 1706 656 1775 (conatus
675 1714 720 1761 est
737 1713 833 1761 autem
852 1722 946 1778 paene
963 1722 1039 1760 unus
1056 1702 1165 1771 Gaius3
1188 1703 1293 1761 Ottoni

218 1808 254 1845 ne
277 1789 477 1845 admonitione
499 1789 616 1863 quidem
640 1807 726 1864 egere
749 1789 830 1845 locus
853 1788 935 1845 visus
957 1791 1027 1861 est),
1058 1788 1108 1861 qui
1131 1786 1293 1845 defenduut

217 1875 315 1949 igitur.¹
339 1893 375 1930 ne
395 1874 631 1948 Theophrastum
655 1874 767 1948 aliquot
790 1873 916 1930 saeculis
938 1882 1006 1929 ante
1029 1872 1142 1943 Pisoni,
1165 1891 1292 1947 quocum

217 1959 395 2032 loqueretur,
414 1959 598 2033 praecepisse
618 1969 757 2027 statuant,
777 1959 971 2015 imitationem
991 1957 1127 2033 propriae
1146 1966 1175 2014 et
1193 1959 1292 2034 singu·

218 2044 287 2100 laris
306 2045 456 2100 cuiusdam
470 2043 667 2118 Theophrasti
686 2044 767 2100 vocis
789 2044 819 2100 in
842 2043 941 2099 verbis
963 2045 1125 2099 destituenda
1147 2046 1233 2099 oratio
1254 2052 1294 2098 eet

217 2148 236 2184 a
249 2129 356 2185 Pisone
374 2128 532 2204 significari
552 2137 669 2203 putant;
689 2147 763 2202 quos
775 2129 901 2203 primum
914 2126 1024 2184 refellit
1035 2128 1192 2184 verborum
1205 2127 1292 2194 ordo;

218 2224 279 2269 tum
300 2213 377 2269 enim
395 2214 580 2270 scribendum
598 2224 675 2270 erat:
698 2224 781 2270 tecum
798 2217 864 2270 cuim
882 2213 954 2279 mihi,
978 2222 1007 2268 ut
1028 2216 1067 2268 ait
1083 2213 1143 2283 lu,
1166 2215 1228 2268 inst.
1250 2230 1290 2270 or.

216 2309 271 2366 οδες
299 2316 375 2354 nnnc
404 2298 569 2354 necessario
597 2297 649 2354 illa
670 2299 762 2354 rerba
783 2298 821 2354 ad
845 2308 928 2354 tecum
950 2307 978 2353 et
1001 2298 1067 2353 nula
1092 2298 1241 2372 pertinent
1263 2307 1293 2352 et

216 2383 306 2446 illam,
330 2401 416 2455 quam
435 2383 506 2448 dixi,
526 2382 726 2439 incredibilem
745 2383 968 2458 perversitatem
986 2383 1146 2439 continent.
1177 2381 1293 2438 Deinde

216 2471 351 2524 innotuere
372 2471 516 2523 orationem
532 2486 592 2523 cum
610 2469 702 2541 aliquo
719 2467 793 2524 adeo
814 2485 996 2524 communem
1015 2467 1058 2523 rei
1076 2467 1205 2523 omnium
1224 2484 1291 2540 per·

216 2553 423 2628 vegetissimao
442 2553 684 2628 significationem
703 2553 801 2620 habet,
824 2563 854 2608 ut
873 2552 1109 2626 aTbeophrasto
1127 2552 1181 2608 hoc
1194 2569 1293 2625 eump-

218 2649 277 2694 tum
303 2647 405 2711 putare
428 2637 670 2693 absurdissimum
694 2638 741 2694 sit.
784 2638 890 2710 Itaque
908 2636 1002 2694 Gaius
1025 2656 1041 2693 e
1064 2635 1143 2695 Gud.
1169 2645 1294 2710 utroque

218 2733 246 2779 et
268 2723 337 2778 Bas.
363 2721 455 2777 edidit
476 2724 637 2779 irretitueuda
660 2733 699 2779 est
721 2726 791 2778 ratio
808 2722 907 2794 (modo
924 2733 1004 2778 recte
1026 2720 1199 2790 attenderit3
1222 2720 1295 2777 alibi

221 2807 298 2863 etnim
322 2807 433 2862 nullum
463 2818 505 2863 est
535 2807 598 2863 eius
625 2808 788 2882 scripturae
811 2807 984 2883 vestigium3
1014 2806 1065 2863 sed
1088 2805 1228 2880 frequens
1251 2812 1296 2862 eat

198 2891 389 2964 mendum),
417 2892 506 2965 idque
534 2892 577 2948 ita
598 2892 822 2966 interpretatur:
850 2894 891 2949 ich
916 2893 1086 2957 bohemici,
1114 2892 1183 2948 nach
1210 2891 1295 2947 Theo-

216 2979 329 3051 phrases
353 2976 508 3033 Ausdruclr.
532 2980 578 3033 mit
599 2978 645 3033 dir
666 2997 700 3034 zu
723 2978 875 3035 barachum.
921 2977 1044 3047 Omitto,
1067 2980 1195 3033 rationem
1218 2977 1294 3032 insti·
1367 2968 1372 2978 ’

218 3072 290 3118 utere
312 3061 457 3118 neminem
481 3062 536 3118 hoc
558 3062 723 3133 significatu
747 3080 842 3136 neque
865 3062 975 3119 dixisse
1004 3080 1099 3136 neque
1121 3061 1219 3118 dicere
1242 3077 1295 3135 po·

218 3147 323 3211 tuisse;
352 3165 418 3202 uam
448 3147 523 3203 ratio
552 3146 739 3211 subducitur,
767 3147 872 3205 initur.
903 3146 1069 3216 conficitur,
1099 3162 1163 3201 cum
1193 3144 1295 3219 aliquo

218 3230 377 3293 confertur,
401 3249 458 3286 non
483 3231 654 3287 instituitur.
690 3231 748 3290 Sed
771 3240 804 3288 ut
823 3232 946 3298 dicatur,
970 3231 1107 3288 nimirum
1121 3229 1296 3304 Theophra·

218 3327 280 3373 stne
303 3316 393 3372 verbo
416 3334 433 3371 a
455 3315 620 3372 rationibus
642 3317 776 3373 traducto
799 3317 1008 3391 proprietatem
1037 3315 1182 3389 quandam
1207 3314 1295 3371 huius

217 3400 427 3475 disputationis
457 3400 622 3477 significare
652 3402 762 3477 debuit.
807 3401 884 3473 Quid
914 3411 958 3456 est
986 3400 1077 3473 igitur
1103 3399 1190 3455 huius
1213 3417 1293 3456 com·

219 3504 306 3542 mune
329 3496 357 3542 et
381 3486 527 3543 rationum
551 3504 615 3542 cum
640 3487 732 3543 altero
756 3485 979 3553 subducturum,
1008 3494 1055 3551 ut,
1083 3485 1154 3558 quid
1176 3484 1296 3557 utrique

219 3571 371 3628 debeatur.
395 3581 537 3645 appareat
560 3582 590 3627 et
606 3572 690 3646 paria
707 3568 798 3627 fiant?
826 3570 936 3641 (Velim
954 3568 1043 3625 ctiam
1061 3569 1146 3637 scire,
1168 3585 1294 3643 quocum

218 3656 442 3730 Theophrastus
465 3656 519 3712 has
540 3657 670 3713 rationes
692 3655 872 3729 contulerit.)
915 3656 992 3711 Tum
1015 3653 1086 3711 Piso
1109 3654 1164 3709 hoc
1186 3653 1254 3709 ideo
1276 3670 1295 3708 a

217 3740 424 3815 Theophrasto
447 3758 562 3798 sumere
585 3741 703 3807 debuit,
726 3741 804 3815 quod
827 3740 864 3797 ad
886 3758 968 3797 suam
993 3758 1054 3795 rem
1078 3749 1108 3795 et
1129 3738 1293 3796 orationem

218 3835 318 3901 aptum
343 3834 429 3881 esset.
475 3826 537 3881 lam
562 3826 631 3899 quid
654 3826 727 3882 haec
749 3825 859 3894 oratio,
882 3825 912 3881 in
935 3843 994 3899 qua
1016 3823 1103 3882 Piso.
1127 3822 1219 3881 Lucio
1242 3840 1295 3879 au·

218 3911 317 3967 diente
340 3928 394 3966 nec
417 3911 577 3983 quidquam
601 3911 636 3966 de
660 3929 713 3968 suo
737 3909 913 3985 proferente,
939 3908 1113 3966 sententiam
1137 3925 1220 3965 auam
1243 3925 1296 3964 ex·

218 3995 316 4070 ponit.
347 3995 449 4062 haben
478 3995 507 4050 in
536 4014 594 4068 quo
623 3996 669 4051 vel
698 3996 802 4052 umbro
830 3995 867 4051 sit
895 3995 1019 4052 rationis
1045 4012 1065 4050 a
1091 3994 1200 4051 Pisone
1228 4009 1295 4049 cum

219 4081 312 4137 Lucio
335 4077 516 4137 subductae?
558 4080 712 4151 (Davisius
734 4080 792 4136 tria
814 4080 886 4136 haec
909 4081 1000 4136 verba
1022 4079 1112 4136 deleri
1135 4077 1214 4147 vult,
1240 4075 1294 4144 „li-

219 4165 382 4222 brariorum
417 4175 536 4239 stupore
564 4166 697 4222 invecta‘·
729 4174 845 4240 putans.
895 4165 1002 4222 Mirum
1032 4182 1102 4220 vero
1135 4173 1296 4237 stuporem,
1348 4188 1356 4202 ·

219 4251 268 4325 qui
299 4251 371 4306 talia
399 4250 461 4306 sine
490 4268 580 4307 causa
607 4250 770 4325 excogitet!
806 4248 902 4320 0qu
930 4249 979 4324 qui
1008 4266 1074 4305 cum
1103 4246 1297 4305 Lallemando

220 4336 395 4394 Lambinum
419 4346 596 4410 sequuntur,
625 4335 698 4392 nihil
725 4344 869 4392 annotant
895 4353 931 4391 ex
954 4334 979 4391 E
1001 4334 1042 4404 (U
1065 4351 1123 4389 non
1146 4335 1297 4404 numero);

220 4421 332 4478 scilicet
355 4422 411 4477 hoc
434 4439 566 4495 quoqne„
589 4421 640 4495 qui
663 4420 793 4478 codicem
816 4419 955 4488 contulit,
977 4418 1015 4475 ad
1037 4417 1193 4485 verborum
1217 4415 1298 4473 ordi·
