3030 5086
218 1636 240 1698 l.
268 1634 324 1698 DE
347 1631 556 1699 TURBATlS
584 1633 636 1698 ET
664 1630 907 1698 DISSOLUTIS
935 1629 1162 1697 ORATIONIS
1191 1630 1289 1697 CON-

325 1735 479 1815 NEXAE,
502 1734 672 1800 ΜΑΧΙΜΕ
693 1728 961 1813 ΒΙΡΕΒΤΙΤΑΕ,
984 1731 1182 1798 MEMBRIS.

596 1905 646 1954 an
664 1905 731 1957 nra.
750 1905 764 1954 1
781 1904 809 1956 c.
830 1908 853 1968 ι,
871 1908 911 1953 as.

217 2146 324 2238 Dicam
348 2182 384 2237 de
406 2200 437 2237 rc
460 2199 566 2257 magna
589 2200 626 2239 ex
648 2190 732 2257 parte
754 2188 930 2256 pervagata,
960 2178 1011 2236 sed
1034 2178 1149 2237 dicendi
1172 2197 1290 2239 cansam

217 2268 326 2336 habeo,
355 2266 481 2340 priorum
504 2277 536 2323 ut
558 2284 594 2324 ee
616 2267 777 2342 corrigam,
792 2277 795 2280 ’
808 2283 882 2340 quae
910 2283 1004 2340 nuper
1032 2263 1068 2321 de
1095 2265 1151 2322 hac
1172 2264 1238 2341 ipsa
1259 2284 1291 2323 re

217 2371 274 2411 non
298 2360 377 2409 recte
400 2351 551 2426 disputate
573 2363 641 2409 sunt
664 2353 701 2408 ab
724 2350 867 2408 eiusmodi
889 2349 964 2421 viro,
987 2349 1038 2424 qui
1060 2349 1168 2408 multos
1191 2359 1291 2408 ancto-

215 2438 303 2495 ritate
327 2455 380 2493 sua
402 2445 549 2494 tracturus
571 2455 635 2495 esse
658 2435 802 2506 videatur,
826 2434 930 2492 deinde
954 2444 985 2492 ut
1002 2454 1046 2503 ea,
1069 2453 1145 2510 qnee
1162 2436 1290 2511 particu-

217 2523 299 2580 latim
322 2522 360 2578 ab
382 2520 448 2579 eliis
470 2521 675 2579 animadversa
697 2530 727 2578 et
743 2528 971 2578 commemorata
987 2528 1064 2591 suot,
1087 2520 1291 2598 coniungendo

217 2609 246 2665 in
275 2607 398 2664 clariore
431 2606 496 2664 lace
524 2626 630 2682 ponam
665 2618 693 2664 et
726 2606 795 2663 hinc
822 2624 995 2682 progressus
1023 2605 1166 2680 quaedam
1196 2607 1291 2664 minus
1340 2600 1345 2607 ’

217 2702 287 2769 note
309 2693 474 2766 nequedum
497 2702 623 2750 tractate
644 2693 813 2768 adiungam.

304 2776 387 2849 Quae
410 2777 439 2833 in
458 2777 558 2852 lingva
575 2778 702 2834 nondum
722 2776 875 2853 perplura
894 2775 1010 2833 saecule
1027 2794 1132 2851 prosae
1150 2775 1293 2834 orationis

219 2862 326 2919 litteris
355 2861 473 2918 exculta
500 2861 587 2919 facile
612 2863 737 2919 dabatur
759 2862 847 2918 venia
869 2860 1014 2918 libertatis
1037 2860 1177 2918 cotidiani
1200 2869 1228 2918 et
1251 2859 1294 2918 fa·

219 2946 343 3004 miliaria
365 2947 508 3003 sermonis
530 2947 560 3003 in
584 2946 709 3022 dialogis
732 2946 904 3022 praesertim
927 2945 1101 3016 imitandae,
1124 2964 1241 3021 quaque
1263 2946 1293 3003 in

219 3032 320 3089 eadem
344 3031 489 3089 scribendi
511 3030 607 3089 forma
623 3032 711 3090 Plato
731 3032 877 3089 interdum
896 3031 997 3099 utitur,
1020 3030 1150 3088 inlibris
1168 3030 1204 3088 de
1223 3031 1294 3107 legi·

219 3118 282 3187 bus,
307 3118 332 3174 si
355 3117 418 3174 eius
440 3125 517 3187 sunt,
540 3118 680 3187 abutitur,
703 3136 766 3174 eam
785 3116 894 3175 multae
912 3125 980 3174 sunt
999 3133 1104 3173 causae
1121 3135 1173 3174 cur
1189 3116 1294 3176 Cicero

219 3203 248 3260 in
272 3202 309 3260 iis
331 3201 429 3271 libris,
458 3221 531 3276 quos
554 3204 590 3260 de
613 3202 800 3278 philosophia
822 3201 953 3278 scripsit,
982 3200 1024 3259 ita
1046 3201 1102 3265 sibi
1125 3219 1292 3260 concessam

220 3288 340 3363 putarit,
359 3296 391 3344 ut
407 3287 553 3345 interdum
573 3290 692 3346 modum
710 3288 852 3346 excedere
864 3287 1007 3345 videatur.
1035 3287 1112 3346 Nam
1127 3297 1158 3344 ut
1175 3286 1294 3345 omnino

220 3374 250 3430 in
284 3374 340 3431 hoc
367 3391 474 3449 genere
503 3374 665 3431 disserendi
699 3384 727 3431 et
761 3374 884 3433 docendi
917 3392 1019 3449 saepo,
1053 3373 1206 3431 sententiis
1236 3354 1302 3429 iam'

221 3458 333 3533 coeptis
355 3468 385 3514 et
407 3459 539 3516 oratione
561 3459 744 3530 adumbrata,
769 3459 861 3518 malta
885 3469 1055 3529 occurrunt,
1085 3477 1160 3533 quae
1188 3457 1295 3515 adres

221 3543 400 3600 definiendas
418 3553 447 3600 et
466 3544 636 3621 diligentias
650 3545 939 3620 comprehendendas
950 3544 1126 3619 pertineant,
1144 3543 1185 3600 ita
1202 3542 1295 3601 multo

222 3629 314 3705 nangis
337 3629 478 3687 orationis
501 3648 616 3687 cursum
639 3630 783 3687 retardari
807 3640 836 3687 et
853 3629 1018 3687 institutum
1048 3629 1154 3687 mutari
1177 3646 1296 3686 necesse

222 3725 280 3784 est,
311 3714 425 3788 siquis
447 3734 505 3772 non
528 3734 596 3773 saras
618 3715 781 3773 sententias
803 3715 947 3791 explicet,
976 3714 1027 3772 scd
1049 3715 1162 3772 alienas
1185 3724 1212 3770 et
1237 3713 1296 3787 alio

200 3796 355 3858 'sermone
379 3809 447 3857 ente
470 3802 635 3876 expositas,
659 3820 712 3859 suo
736 3801 863 3859 nondum
887 3808 1042 3871 tractatas,
1067 3799 1196 3856 breviter·
1217 3817 1296 3857 com·

223 3885 310 3961 plecti
339 3896 368 3943 et
396 3905 432 3943 ex
467 3886 611 3944 universis
639 3886 802 3962 disciplinis
830 3886 981 3961 decerptas
1009 3884 1207 3960 particulatim
1231 3905 1296 3962 per·

223 3971 351 4028 scribere
373 3982 503 4031 conetur.
550 3973 626 4030 Nam
656 3982 683 4029 et
714 3971 801 4048 patrii
831 3969 974 4029 sermonis
997 3970 1222 4045 impedimenta,
1250 3989 1297 4028 res

223 4066 251 4113 ct
281 4057 441 4114 sententias
469 4075 527 4114 non
556 4057 644 4115 iacile
673 4058 895 4132 subsequentis,
927 4056 1071 4113 vincenda
1099 4065 1167 4114 sunt
1195 4073 1297 4131 saepe·

223 4161 279 4215 qne
308 4142 343 4198 de
368 4143 465 4199 verbis
494 4142 648 4200 dicendum
677 4153 706 4200 et
733 4142 923 4200 excusatione
952 4142 1091 4199 utendum
1116 4149 1143 4198 ct
1167 4140 1298 4215 deipsis

222 4228 310 4284 rebus
338 4227 451 4302 aliquid
479 4228 626 4285 interdum
655 4228 773 4285 aliunde
800 4226 1009 4285 admonitionis
1037 4237 1064 4283 et
1092 4225 1299 4302 explicationis

223 4330 312 4369 causa
334 4313 577 4388 interponendum
598 4322 652 4371 est.
697 4314 729 4372 Si
751 4321 849 4372 eutem
870 4312 958 4370 etiam
981 4313 1053 4370 illud
1077 4312 1243 4381 accesserit,
1267 4319 1299 4368 nt

224 4397 350 4474 scriptor
372 4398 516 4458 festinans
538 4418 637 4457 curam
661 4398 865 4466 retractandae
888 4398 1029 4456 orationis
1052 4397 1144 4455 semel
1165 4396 1247 4454 lnsee
1271 4405 1301 4452 et

1062 4517 1094 4561 bo
