3030 5086
411 493 455 539 n'r
479 493 559 539 usn.
583 493 645 538 nra.
669 493 692 537 11
715 493 788 538 cna.
811 497 846 544 rs.
867 493 1000 557 (sa-sc.)
1181 476 1245 541 233

164 664 302 740 occulta
326 662 394 726 sine
416 667 503 729 teste,
527 660 594 725 sine
617 660 678 724 ullo
701 661 824 726 conscio
847 659 942 726 fallat.
986 661 1037 726 54.
1066 664 1115 726 An
1138 668 1173 726 tu
1194 681 1244 728 me

164 765 205 829 de
226 765 263 829 L.
289 763 410 828 Tubulo
433 767 527 843 putas
549 762 674 827 dicere?
696 763 765 843 qui,
788 781 857 827 curn
879 768 1007 843 praetor
1029 764 1243 845 quaestionem

163 866 248 931 inter
270 865 400 930 sicarios
422 865 620 943 exercuisset,
644 865 688 928 ita
710 873 820 945 aperte
841 865 924 947 cepit
944 865 1093 946 pecunias
1116 866 1154 929 ob
1177 884 1243 931 rem

235 1040 257 1085 2.
280 1034 365 1102 [Lucr'o
389 1032 480 1084 Tubulo
499 1033 533 1101 A]
555 1032 654 1083 Lucullo
673 1034 694 1083 C
715 1033 746 1083 B.
762 1033 853 1084 Tubulo
873 1037 895 1083 R
935 1034 994 1084 inter
1015 1034 1086 1087 at'car.
1112 1044 1195 1097 quaest
1221 1033 1242 1083 L

253 1211 301 1266 54.
335 1211 369 1266 de
392 1209 428 1265 L.
451 1207 564 1279 Tudrdo)
585 1209 630 1264 De
652 1207 769 1264 homine
793 1208 1028 1278 sceleratissimo,
1052 1208 1101 1281 qui
1125 1217 1244 1284 praetor

163 1312 192 1351 a.
219 1296 277 1351 142
302 1313 328 1349 a.
352 1294 406 1353 Ch.
431 1291 501 1357 fuit,
530 1312 606 1366 quae
628 1293 706 1368 apud
729 1291 901 1351 Ciceronem
926 1294 1095 1363 traduntur,
1119 1295 1244 1351 collecta

163 1389 235 1436 sunt
261 1379 291 1435 in
319 1380 415 1436 indice
444 1377 596 1436 Orelliano
624 1380 663 1452 (v.
693 1379 729 1436 L.
753 1379 909 1453 Hostilius).
961 1379 1042 1435 Idem
1070 1379 1126 1449 IV,
1151 1380 1189 1435 77
1214 1387 1243 1435 et

163 1465 204 1535 V,
228 1465 267 1522 62
291 1465 468 1521 nominatur.
512 1462 703 1522 RScaeuola
726 1472 810 1537 pater
832 1473 885 1532 est,
909 1464 959 1538 qui
982 1476 1086 1538 postea
1108 1462 1243 1538 pontifex

163 1549 312 1606 maximus
334 1547 400 1606 fuit.
431 1547 631 1624 'Ordinariam
661 1548 696 1603 de
725 1547 839 1605 sicariis
861 1549 1064 1622 quaestionem
1093 1549 1151 1606 iam
1181 1558 1243 1605 tum

161 1632 257 1691 fuisse
280 1644 310 1690 et
332 1653 414 1690 suum
433 1643 597 1708 praetorem
616 1633 762 1700 habuisse,
785 1634 904 1690 aliunde
921 1653 980 1691 non
998 1642 1122 1691 constat.
1157 1633 1242 1707 Quod

162 1720 301 1776 tribunus
323 1718 382 1776 fert
404 1719 441 1775 ad
464 1718 593 1793 plebem,
624 1728 656 1774 ut
684 1728 769 1774 extra
792 1719 922 1775 ordinem
947 1729 1121 1793 quaeratur,
1150 1736 1243 1792 eaque

162 1804 268 1879 quaeri
290 1805 373 1861 iubet
394 1803 567 1877 senatuique
591 1803 747 1879 permittit,
777 1813 808 1860 ut
836 1805 860 1860 is
888 1804 916 1860 ei
944 1804 1110 1877 quaestioni
1138 1803 1243 1878 praefi·

162 1890 238 1959 ciat,
267 1908 353 1963 quem
376 1889 462 1958 velit,
490 1908 525 1944 ea
547 1889 627 1946 illius
649 1890 754 1945 aetatis
777 1889 909 1963 legitima
931 1889 1111 1945 consvetudo
1133 1888 1189 1945 fuit
1212 1890 1243 1945 iu

161 1975 201 2032 iis
224 1975 326 2045 rebus,
355 1993 478 2048 quarum
507 1984 557 2031 aut
585 1974 764 2031 ordinarium
794 1974 932 2030 iudicium
961 1974 1072 2030 nullum
1100 1984 1164 2030 erat
1192 1982 1243 2030 eut

161 2060 194 2118 id
218 2078 321 2136 parum
344 2058 478 2116 sufficere
501 2060 673 2133 putabatur,
703 2059 758 2115 nisi
788 2059 865 2132 qnod
894 2059 981 2115 etiarn
1013 2059 1172 2115 aconsnle
1197 2077 1241 2115 se-

161 2154 252 2202 natus
274 2145 450 2202 auctoritate
472 2143 544 2200 ferri
567 2145 603 2200 ad
627 2145 766 2219 populum
785 2145 929 2201 eiusmodi
947 2145 995 2200 lex
1013 2155 1137 2218 poterat.
1174 2144 1242 2203 Vid.

162 2231 230 2288 Liv.
252 2231 308 2299 IV,
333 2230 372 2288 50
395 2238 425 2286 et
448 2229 498 2297 51,
521 2230 706 2287 XXXVIII.
732 2231 780 2293 54,
804 2230 903 2299 XLII,
922 2231 971 2286 21.
1016 2232 1116 2303 Atque
1139 2230 1242 2286 eodem

163 2314 251 2372 modo
273 2334 336 2371 rem
358 2324 454 2372 actam
478 2333 556 2383 esse,
580 2315 715 2388 quotiens
738 2315 841 2371 Livius
864 2325 976 2371 tanturn
1000 2316 1202 2388 quaestionem
1225 2333 1243 2370 a

163 2411 269 2458 senatu
292 2400 439 2457 decretam
468 2399 558 2456 alicui
586 2412 699 2461 narrat,
731 2399 870 2475 populum
901 2400 1054 2474 plebemve
1082 2409 1168 2456 extra
1195 2417 1242 2456 or-

162 2485 262 2543 dinem
285 2485 387 2560 quaeri
410 2485 530 2542 iussisse
553 2503 611 2541 non
634 2486 728 2551 addit,
757 2485 940 2542 ostenderem
964 2495 1067 2542 contra
1090 2484 1242 2542 Dukerurn

163 2570 214 2644 (ad
230 2571 297 2631 Liv.
315 2572 470 2639 XXXIX,
493 2573 539 2637 14,
560 2572 590 2642 6)
613 2579 643 2626 et
667 2569 855 2626 Dirksenium
880 2570 1018 2644 (Civilist.
1045 2571 1194 2627 Abhandl.
1218 2570 1243 2641 I,

163 2674 191 2711 u.
217 2658 262 2728 2),
291 2655 316 2712 si
345 2655 488 2712 eiusmodi
512 2655 702 2729 disputationi
727 2656 773 2711 hic
797 2656 879 2712 locus
901 2666 988 2714 esset.
1035 2655 1120 2728 Quod
1144 2667 1241 2711 autem

163 2749 249 2798 extra
276 2741 408 2798 ordinem
437 2741 602 2815 quaesitum
632 2752 690 2801 est,
721 2759 786 2797 cum
815 2742 868 2797 sub
897 2741 1123 2816 repetundarum
1153 2759 1243 2814 quae·

162 2826 299 2894 ationem,
322 2845 397 2901 quae
420 2827 477 2883 iam
503 2835 562 2882 tum
587 2836 659 2886 erat.
684 2826 739 2882 hoc
756 2845 848 2900 genus
865 2838 968 2900 captae
989 2826 1130 2900 pecuniae
1147 2825 1242 2897 cadat,

163 2911 307 2968 Klenzius
329 2912 479 2987 (Prolegg.
502 2911 539 2967 ad
562 2911 619 2986 leg.
644 2911 748 2968 Servii.
774 2931 798 2984 p.
813 2911 905 2980 XIII)
929 2931 991 2966 eam
1017 2921 1101 2985 putat
1122 2929 1241 2967 causam

163 3014 243 3055 essa.
272 2996 350 3070 quod
373 2997 481 3053 iniuria
508 2996 587 3053 facta
615 2995 704 3052 frrcrit
731 2996 859 3055 civibus.
888 2997 1113 3070 repetundarum
1143 3006 1241 3051 nutem

161 3081 312 3138 accusatio
336 3090 448 3138 tantum
472 3082 502 3138 in
525 3100 575 3137 eos
598 3082 712 3137 institui
732 3082 868 3156 potuerit.
892 3083 941 3154 qui
961 3082 1056 3137 socios
1074 3089 1241 3137 vexassent.

68 3198 81 3207 -
163 3167 201 3225 In
223 3184 281 3240 quo
305 3167 393 3241 paulo
417 3167 497 3241 plus,
526 3185 613 3239 quam
643 3167 758 3234 debuit,
789 3168 832 3222 vir
861 3166 1095 3222 consultissimus
1124 3186 1139 3220 e
1170 3165 1241 3223 locis

163 3252 339 3327 quibusdam
362 3252 514 3312 Ciceronis
537 3251 653 3308 efficere
678 3252 801 3308 videtur.
848 3252 885 3307 Et
908 3261 1043 3324 poterant
1073 3251 1150 3306 aliae
1177 3268 1241 3306 csse

162 3356 279 3403 causae,
302 3357 355 3394 cur
378 3339 472 3413 prima
496 3339 544 3394 lex
567 3338 602 3393 de
626 3338 796 3411 repetundis
819 3355 921 3411 parurn
945 3347 1015 3410 apte
1032 3344 1110 3392 esset.
1126 3336 1163 3391 ad
1181 3345 1241 3392 tarn

161 3422 251 3480 foeda
279 3422 391 3478 scelera
419 3423 449 3478 in
478 3423 541 3497 ipsa
570 3423 642 3478 urbe
672 3421 827 3478 commissa
855 3422 1066 3496 persequenda.
1117 3418 1241 3501 [Parum

163 3508 290 3583 placent,
314 3508 556 3581 quanumptius
579 3509 608 3563 in
632 3518 787 3564 comment.
811 3508 846 3563 de
870 3506 945 3583 legg.
963 3518 1055 3582 repet.
1075 3507 1104 3563 in
1123 3507 1241 3582 scriptis

92 3629 94 3632 >
162 3592 259 3650 Acad.
285 3592 382 3649 Berol.
410 3593 488 3648 1845
513 3612 540 3667 p.
558 3597 591 3648 ll
618 3589 803 3671 disputavit]

250 3697 309 3733 cum
322 3688 434 3751 praetor
450 3709 483 3719 —
504 3681 663 3733 enercrn'seet
682 3711 730 3746 —,
753 3679 834 3752 cepit)
853 3679 951 3746 immo,
969 3697 1028 3734 eum
1045 3688 1185 3745 auerteret,
1210 3687 1242 3733 ut

162 3770 244 3818 recte
277 3762 485 3819 animadvertit
513 3763 680 3832 Ernestius,
716 3764 745 3818 in
780 3773 911 3837 tempore
946 3764 1084 3833 haerens,
1119 3781 1175 3818 non
1211 3763 1240 3817 in

162 3846 251 3904 modo
274 3847 372 3914 verbi3
400 3848 451 3920 qui
474 3856 590 3922 poterat
613 3845 711 3903 eninr?
757 3847 815 3906 Sed
838 3847 943 3905 Cicero
966 3847 1151 3922 neglegentia
1170 3864 1240 3919 qna·

162 3931 246 4002 darn,
287 3949 353 3988 cum
391 3933 536 4007 cogitaret
569 3933 604 3988 do
638 3933 773 4007 proximo
807 3951 884 3988 anno
919 3942 948 3988 et
981 3932 1142 3990 Scaevolae
1176 3931 1241 4006 lege

161 4016 260 4091 (quasi
283 4016 339 4073 hoc
362 4017 521 4074 dIcerctur:
544 4037 604 4073 curu
626 4022 785 4074 erercut'sset
807 4028 830 4073 et
854 4051 890 4058 -
916 4021 1035 4091 cepisset,
1059 4019 1140 4088 legem
1158 4016 1240 4073 Scae·

162 4104 225 4159 vola
252 4104 337 4176 tutte),
371 4101 690 4178 plusquamperfectum
720 4103 826 4177 posuit.
882 4102 994 4159 Similis
1023 4101 1100 4157 ratio
1133 4112 1178 4156 est
1210 4101 1239 4156 in

162 4185 230 4246 Cat..
254 4189 310 4244 41:
338 4189 415 4244 Haec
443 4209 501 4244 crem
529 4189 558 4244 (3¹.
581 4190 677 4243 Pontio
700 4220 739 4229 -
769 4190 883 4244 locutum
905 4189 1067 4262 Archytam,
1097 4185 1240 4242 Nearchus

167 4273 329 4330 Tarentinus
351 4293 379 4330 ae
400 4293 417 4327 a
440 4275 584 4329 rrror'om'hnc
606 4284 671 4328 rnatu
693 4277 827 4347 accepisse
849 4275 966 4339 dicebat,
995 4293 1055 4330 cnm
1083 4273 1189 4346 quidem
1218 4275 1243 4328 ei

161 4363 280 4416 amnoni
299 4360 463 4430 interfuisset
477 4361 567 4414 Pluto.
602 4359 726 4414 Rectum
743 4367 820 4414 erat:
844 4362 988 4422 interesset,
1012 4358 1062 4415 sed
1080 4357 1118 4414 ad
1137 4357 1242 4415 dicebat

161 4444 288 4504 rettulit.
334 4440 460 4522 [Eodem
484 4445 569 4501 modo
594 4446 662 4502 Act.
687 4445 701 4501 I
730 4444 759 4500 in
784 4446 870 4504 Verr.
895 4445 934 4500 23
963 4444 1069 4501 dicitur
1096 4463 1156 4501 cum
1184 4445 1242 4518 ipse
