3030 5086
262 464 322 528 122
648 480 693 527 nn
716 471 849 525 ursinus
872 482 943 527 nos.

259 649 380 731 busque
409 669 516 715 carum
544 649 717 732 explicatis,
751 654 795 728 et,
829 656 865 714 ut
892 651 984 714 modo
1013 651 1117 729 docui,
1150 650 1335 732 cognitionis

260 751 368 833 regula
390 762 421 817 et
443 751 554 816 iudicio
576 750 616 816 ab
639 752 748 816 eodem
771 749 822 815 illo
845 751 1028 831 constituto,
1052 752 1119 817 veri
1141 772 1161 817 a
1183 751 1263 817 falso
1287 753 1333 818 di·

260 853 382 918 stinctio
405 854 548 918 traditur.

345 955 412 1019 XX.
456 955 506 1020 65.
540 955 651 1020 Restat
678 955 764 1020 loeus
793 954 862 1020 huic
891 955 1094 1039 disputationi
1123 957 1171 1020 vel
1204 958 1335 1021 maxime

221 1057 470 1136 Necessarium
498 1058 538 1122 de
565 1056 716 1136 amicitia,
750 1076 858 1138 quarn,
887 1058 914 1123 si
941 1058 1085 1139 voluptas
1113 1076 1266 1122 summum
1295 1058 1336 1123 sit

332 1231 351 1278 l.
371 1228 481 1276 sotumi]
516 1226 668 1277 docuimuaE
705 1232 727 1279 Ω.
747 1225 828 1277 eodem
847 1225 889 1276 illa
908 1243 994 1277 omnes
1011 1225 1079 1295 [A²]‚
1099 1229 1142 1280 Or.
1163 1228 1201 1294 [ca
1219 1227 1272 1277 dein
1292 1227 1334 1277 illa

261 1294 307 1361 ΑΙ]
344 1302 367 1342 l.
385 1294 423 1344 vei
437 1306 523 1361 transp
550 1306 608 1346 ante
625 1295 709 1348 iniec
730 1293 937 1363 [disputationibus
955 1295 1113 1364 meximel']
1152 1302 1175 1350 b.
1194 1297 1237 1346 bon
1264 1296 1332 1345 sitM

345 1461 383 1520 et,
413 1461 441 1508 nt
464 1454 542 1509 irrodo
563 1455 655 1525 (locui,
680 1453 749 1527 cet.)
772 1453 928 1523 Mendurn‚
951 1454 1030 1528 quod
1053 1453 1099 1510 bic
1122 1454 1247 1521 latebat,
1276 1472 1334 1510 non

261 1536 393 1595 dubitavi
417 1537 530 1595 tollere.
574 1539 609 1595 ln
633 1539 753 1615 vulgata
776 1539 935 1614 scriptura,
966 1539 990 1596 si
1021 1540 1113 1614 regulo
1136 1538 1335 1596 nominativus

260 1634 305 1680 est
327 1625 393 1696 (nec
416 1633 512 1697 potest
536 1643 593 1681 non
617 1626 701 1698 esse).¹
723 1623 906 1692 divelluntur
928 1627 1021 1697 regulo
1044 1633 1073 1682 et
1096 1626 1236 1693 r'ndicinm,
1260 1643 1334 1698 quae

261 1709 500 1768 coniunctissima
523 1718 591 1767 sunt
614 1719 643 1766 et
666 1709 767 1766 eadem
791 1708 901 1786 duplici
925 1710 1042 1766 nomine
1066 1711 1112 1782 (da
1132 1711 1226 1780 recido
1249 1719 1274 1766 et
1295 1713 1334 1765 in·

260 1795 329 1852 ditio
351 1796 365 1852 l
389 1797 427 1853 N.
442 1797 476 1852 D.
493 1795 555 1866 43),
579 1794 824 1870 coniungiturque
847 1795 957 1870 regula.
982 1813 1056 1868 qnae
1080 1795 1116 1851 ab
1141 1795 1268 1870 Epicuro
1292 1795 1335 1852 in·

260 1882 415 1938 strumenti
438 1882 504 1938 loco
527 1881 596 1937 data
618 1891 671 1950 est,
695 1898 760 1936 cum
784 1878 898 1938 effectu.
922 1880 1109 1937 distinctione
1127 1880 1189 1937 reri
1212 1890 1240 1936 et
1258 1880 1335 1937 talei.

260 1965 376 2023 Deinde
399 1967 538 2023 iudicium
561 1966 596 2021 ab
617 1964 721 2041 regula
743 1965 932 2023 constitutum
956 1966 1077 2034 dicitur,
1102 1966 1179 2040 quod
1202 1976 1229 2022 et
1252 1985 1284 2022 rc
1307 1975 1335 2022 et

260 2051 403 2110 orationis
425 2050 521 2109 ior-rna
544 2051 796 2127 perversissimum
820 2061 879 2119 est3
902 2051 1018 2127 singula
1040 2051 1148 2108 iudicia
1165 2051 1268 2126 regula
1285 2050 1337 2107 illa

260 2145 418 2212 reguntur;
442 2150 513 2205 turn,
537 2136 614 2210 qnod
638 2136 855 2211 apertissimum
879 2147 933 2206 est,
956 2136 993 2192 ab
1016 2137 1107 2193 eadem
1129 2139 1176 2193 illo
1200 2136 1242 2193 sic
1264 2136 1336 2193 dici·

261 2231 323 2290 tnr,
353 2233 501 2298 tamquam
530 2221 610 2278 aliud
638 2222 750 2296 aliquid
778 2223 815 2279 ab
843 2222 944 2278 eadem
973 2232 1041 2279 ante
1069 2221 1258 2279 constitutum
1283 2221 1335 2288 sit;

260 2324 356 2381 neque
379 2309 456 2367 enirn
479 2327 497 2365 a
520 2306 634 2365 Latinis
656 2325 811 2381 umquam,
839 2307 916 2381 qnod
945 2325 1021 2364 nunc
1049 2306 1081 2362 iit
1103 2325 1191 2382 saepe
1219 2325 1237 2363 a
1261 2307 1336 2363 male

261 2392 467 2465 scribentibus,
484 2394 553 2450 idem
571 2411 625 2467 pro
637 2411 681 2462 eo,
700 2392 777 2466 quod
790 2400 835 2450 est
846 2395 878 2460 is,
897 2391 1025 2467 ponitur.
1049 2391 1220 2449 'Abletirus
1237 2401 1334 2449 autem

260 2480 354 2552 reputa
377 2498 442 2537 esse
464 2477 580 2552 nequit3
611 2496 677 2534 narn
707 2477 731 2534 si
761 2477 798 2534 ad
821 2480 940 2550 regulum
962 2487 986 2535 et
1007 2479 1133 2538 inditium
1159 2476 1334 2534 coniunctim

261 2562 389 2622 refertur
409 2567 556 2622 conuiuio.
581 2563 617 2619 ad
642 2573 797 2637 utrumqne
820 2563 907 2620 etiarn
932 2563 1088 2639 pertinebit
1113 2563 1279 2620 necessario
1302 2564 1336 2618 ab

260 2651 351 2707 euclem
374 2652 436 2721 illa;
459 2668 535 2724 quae
557 2648 648 2721 igitur
670 2648 742 2704 haec
764 2649 852 2705 tertie
874 2647 949 2706 erit?
994 2647 1052 2707 Sed
1077 2660 1109 2705 ut
1131 2649 1275 2723 fingamus
1294 2647 1336 2704 sic

261 2734 334 2792 liaeo
355 2735 488 2810 intellegi
510 2753 611 2810 posse:
639 2735 732 2806 regale
754 2738 911 2797 constituta,
939 2745 964 2791 et
985 2735 1020 2790 ab
1042 2736 1134 2791 eodem
1156 2736 1254 2790 iudicio
1275 2752 1336 2790 con-

261 2823 360 2886 stituto,
383 2831 497 2888 cetera,
520 2839 596 2894 qrrne
618 2819 648 2876 in
672 2819 854 2877 nominativo
877 2830 975 2885 erant,
999 2819 1185 2876 incommoda
1208 2827 1336 2887 manent,

260 2904 400 2963 iudicium
419 2924 437 2962 a
453 2905 555 2981 regula
572 2915 720 2977 tamquam
739 2906 921 2979 subsequens
944 2903 1090 2961 divulsum
1114 2915 1142 2960 et
1165 2905 1200 2960 ab
1215 2923 1251 2980 ea
1268 2921 1336 2960 con·

261 2991 405 3062 stitutum,
429 3002 490 3048 turn
514 3008 675 3069 pronomen
698 2991 790 3047 eaden
813 3009 903 3066 prave
926 2990 1063 3066 positura.
1101 2991 1183 3047 Haec
1200 2989 1249 3063 qui
1268 3006 1336 3045 oon·

261 3075 443 3146 sideraverit3
467 3095 524 3133 non
542 3072 661 3151 negabit
673 3073 845 3134 Ciceronem
866 3075 1034 3151 scripsisse:
1057 3085 1090 3143 el,
1108 3076 1230 3132 trimodo
1249 3076 1336 3140 docui,

259 3164 413 3236 cognitionis
435 3163 528 3235 regula
555 3171 579 3218 et
606 3161 704 3218 iudicio
725 3161 760 3216 ab
782 3163 892 3218 eodem
914 3163 975 3218 illo
997 3160 1059 3234 (qui
1083 3160 1205 3237 physica
1227 3159 1337 3227 docuit,

261 3246 402 3323 Epicuro)
424 3249 579 3311 constituto,
607 3248 664 3302 veri
689 3266 707 3302 o
728 3247 805 3319 falso
834 3247 968 3303 dr’stinctio
995 3247 1122 3303 traditur.
1168 3241 1218 3304 Sic
1248 3245 1336 3302 etiam

260 3331 334 3391 illud
356 3340 451 3408 patet,
475 3333 547 3389 haec
570 3349 676 3407 perse
699 3331 734 3388 de
757 3331 916 3389 canonicae
940 3331 1033 3407 partis
1057 3330 1184 3388 utilitate
1207 3329 1337 3407 adiungi,

261 3436 356 3492 neque
384 3436 422 3475 ex
450 3417 509 3475 illis
536 3417 690 3491 aplysicis
713 3416 784 3474 dure
807 3417 845 3474 ad
868 3419 987 3474 traditur
1008 3416 1199 3492 repetendum
1223 3434 1287 3472 esse
1310 3420 1338 3473 in

256 3505 394 3582 pigricia,
412 3522 482 3560 cum
507 3502 678 3579 praesertim
702 3502 745 3559 rei
768 3502 893 3574 veritas,
917 3498 1059 3578 utsupra
1083 3502 1160 3570 dixi,
1184 3511 1337 3577 repugnet.

203 3660 210 3675 ·
262 3593 397 3666 Apparet
419 3588 522 3656 etiarn,
551 3605 603 3645 eur
625 3588 661 3645 de
683 3587 828 3662 Epicuro,
856 3588 907 3663 qui
930 3607 988 3645 non
1011 3587 1145 3662 proxime
1169 3587 1338 3643 nominatus

261 3684 352 3737 esset,
381 3674 513 3731 additum
536 3673 575 3730 sit
596 3675 648 3730 ilio.
694 3673 820 3730 Notaret
843 3673 920 3730 hune
943 3673 1038 3730 locum
1062 3672 1215 3746 prudentis
1238 3671 1338 3728 iudicii

262 3763 364 3827 homo,
393 3759 426 3816 F.
448 3759 487 3818 V.
510 3758 643 3824 lieizius,
671 3757 701 3815 in
730 3759 866 3833 exemplo
889 3777 956 3821 suo,
986 3777 1044 3832 quo
1067 3756 1161 3816 Gzius
1189 3775 1259 3814 usus
1282 3767 1335 3813 est.

261 3845 313 3926 [Ο.
339 3845 466 3902 Heinius
492 3845 527 3900 ab
554 3845 647 3901 eudem
674 3845 721 3900 illo
749 3843 791 3901 sie
819 3845 855 3901 ad
884 3845 1036 3918 apbyaicis
1064 3841 1168 3901 referri
1193 3842 1271 3912 vult,
1305 3853 1338 3898 ut

261 3932 367 3992 Cicero
390 3929 577 4006 neglegenter
600 3929 748 3986 transierit
772 3929 809 3985 ad
829 3931 957 4005 physicae
979 3928 1144 3997 notionem3
1167 3928 1218 3985 sed
1242 3945 1337 4001 neque

261 4016 333 4084 loci,
362 4035 437 4091 quos
459 4024 625 4091 comparat,
660 4033 696 4070 ne
730 4014 815 4072 huius
843 4015 961 4090 quidem
989 4013 1088 4090 operis
1110 4015 1157 4083 11,
1182 4013 1236 4072 35.
1270 4011 1338 4069 hnic

262 4102 372 4160 similes
395 4110 463 4159 sunt
485 4099 611 4157 formae:
640 4100 792 4175 epiyss'eis
815 4133 854 4143 -
878 4110 902 4157 ct
924 4101 958 4156 ob
980 4101 1093 4157 eadem
1117 4102 1180 4161 illu,
1203 4116 1298 4172 neque
1320 4117 1338 4152 α

263 4187 385 4264 physica
406 4186 596 4244 constitutam
620 4185 796 4262 cognitionis
819 4186 949 4261 regulam
973 4184 1119 4260 Epicurus
1141 4180 1290 4259 docebat]

348 4271 420 4347 Cap.
436 4273 508 4341 XX,
523 4273 572 4330 65.
592 4272 732 4368 Epicurus
744 4275 782 4329 ita
793 4273 872 4347 dicit)
884 4272 913 4329 in
927 4269 1071 4328 sententia
1084 4269 1337 4333 duodeuicesima,

263 4359 351 4435 Diog.
376 4359 416 4428 X,
445 4358 519 4415 148:
537 4340 591 4412 Ὧν
614 4376 630 4431 η
653 4353 746 4428 σοφία
768 4339 1028 4432 παρασκευάζεται
1051 4347 1092 4420 εἰς
1113 4345 1165 4429 τὴν
1187 4349 1241 4410 τοῦ
1266 4341 1336 4408 ὅλου

262 4438 328 4520 βίον
351 4430 567 4517 μακαριότητα,
589 4431 664 4498 πολὺ
687 4428 822 4518 μέγιστόν
845 4433 922 4497 ἔστα
944 4430 961 4513 ἦ
982 4435 1035 4513 τῆς
1056 4432 1158 4511 φιλίας
1179 4434 1285 4512 κτῆσις.
