3030 5086
637 515 811 568 excunsue
833 515 876 561 vu
1233 497 1295 563 833

220 706 305 763 quem
329 706 366 744 ex
390 687 510 762 optimis
532 686 683 744 codicibus
706 686 859 743 emendavi
877 686 944 759 (etsi
962 686 1004 743 ibi
1021 705 1143 761 quaeque
1160 706 1178 743 a
1194 687 1297 763 paucis

220 772 330 831 editum
354 773 443 844 erat),
472 790 561 828 unum
585 771 762 846 relinquitur
783 772 966 847 exemplum,
997 771 1032 828 de
1055 772 1146 849 Legg.
1168 773 1216 840 ΙΙ,
1241 774 1295 830 lb:

219 859 361 932 Ligneum,
385 859 511 931 quodque
532 858 651 927 uoluerit,
675 875 726 913 uuo
747 876 762 914 e
784 859 854 929 liquo
876 859 1007 926 dedicato,
1031 857 1185 926 eiusmodi,
1209 858 1296 931 quale

220 961 257 1000 ue
285 943 409 1000 Plautus
437 942 555 1016 quidem
585 942 697 1018 posuit,
728 941 778 1015 qui
806 960 965 1016 numquam
994 941 1024 999 id
1054 961 1215 1017 pronomen
1243 962 1296 1019 pro

219 1030 408 1103 qualicumque
429 1027 514 1084 dixit.
559 1026 604 1083 llo
631 1036 728 1083 autem
759 1024 943 1085 manifestius
971 1028 1107 1084 mendum
1131 1037 1190 1098 est,
1218 1028 1297 1103 quod

220 1112 404 1170 desideratur
426 1112 590 1169 subiectum
613 1111 696 1169 verbi
719 1113 842 1169 dedicato
870 1122 900 1168 et
927 1112 1006 1187 quod
1028 1113 1107 1188 apud
1129 1112 1296 1183 Platonem,

220 1199 303 1255 cuius
326 1198 417 1254 verba
439 1196 545 1256 Cicero
568 1197 672 1265 vertit,
695 1206 753 1253 est:
778 1182 808 1265 ὅ,
831 1216 859 1253 τι
881 1215 934 1263 τις.
978 1198 1084 1272 Itaque
1106 1207 1185 1255 recte
1208 1199 1297 1255 scribi

220 1283 336 1340 iubent:
369 1284 444 1357 quod
470 1286 540 1356 quie.
591 1280 675 1355 Quae
703 1281 872 1340 Schellerus
905 1290 935 1337 et
967 1281 1018 1339 alii
1052 1302 1068 1339 e
1096 1283 1173 1341 libro
1200 1284 1232 1341 11
1261 1284 1296 1340 de

222 1369 311 1443 Legg.
335 1369 375 1424 20
399 1378 428 1424 et
452 1368 488 1424 21
515 1376 545 1424 et
567 1387 582 1424 e
606 1367 681 1424 libro
704 1367 761 1439 ΙΙΙ,
780 1368 797 1423 9
822 1366 985 1442 proferunt,
1009 1367 1039 1424 in
1062 1368 1098 1425 iis
1121 1367 1297 1425 manifestis·

221 1453 325 1510 simum
351 1463 395 1509 est
422 1472 474 1527 que
496 1453 669 1528 particulam
694 1471 757 1508 esse
781 1453 994 1528 copulativam,
1022 1471 1099 1528 quae
1122 1454 1215 1529 legem
1239 1454 1297 1528 legi

220 1547 372 1606 annectat,
406 1537 557 1612 antiquam
586 1537 804 1613 simplicitatem
833 1538 966 1606 imitans3
1001 1537 1058 1595 nisi
1092 1537 1168 1595 forte
1198 1540 1297 1609 etiem,

221 1623 270 1680 ubi
293 1623 335 1680 sic
358 1623 497 1680 scribitur
519 1623 572 1695 (ΙΙ,
586 1624 652 1696 20):
680 1622 792 1697 Quoque
813 1623 878 1680 laec
895 1626 1026 1698 privatim
1048 1633 1073 1680 et
1091 1625 1198 1699 publice
1219 1626 1298 1682 modo

221 1715 329 1783 rituque
343 1710 424 1781 ficut,
447 1710 577 1776 discente.
601 1726 658 1765 non
678 1717 702 1765 et
719 1727 772 1783 quo
788 1709 866 1765 nudo
883 1708 1053 1783 intellegere
1071 1708 1221 1777 debemus,
1245 1709 1297 1766 sed

221 1812 386 1868 quocumque
407 1795 494 1851 modo.
540 1794 599 1866 (De
622 1792 706 1853 Orat.
731 1795 755 1864 Ι,
783 1794 840 1849 119
864 1811 941 1849 nunc
964 1805 1042 1850 recte
1066 1794 1220 1862 scribitur;
1243 1813 1298 1851 nec

220 1879 262 1935 ibi
285 1879 354 1953 poni
378 1889 494 1953 poterat
516 1882 686 1953 quicumque.
711 1879 781 1952 quia
803 1877 954 1936 delinitum
977 1897 1070 1955 genus
1093 1880 1299 1956 significatur.)

220 1964 247 2020 E
269 1962 421 2022 Ciceronis
443 1964 616 2038 aequalibus
639 1982 714 2020 unus
737 1963 863 2020 obicitur
885 1963 1042 2023 Cornelius
1059 1965 1171 2040 Nepos,
1194 1966 1244 2040 qui
1268 1965 1297 2022 in

201 2047 382 2125 ,Pelopidae
405 2050 467 2104 c.2
497 2049 539 2106 sic
567 2048 720 2124 scripsisse
748 2056 882 2124 putetur:
916 2050 958 2105 Hi
982 2069 1071 2106 omues
1092 2053 1161 2124 sere·
1182 2050 1298 2122 (exules

221 2133 369 2206 Thebani)
391 2133 513 2191 Albanus
535 2154 563 2191 ee
584 2136 763 2213 couterinum,
786 2153 837 2190 uon
861 2153 915 2208 quo
936 2138 1017 2191 otium
1039 2145 1226 2209 sequerentur,
1250 2137 1300 2193 ted

222 2229 260 2289 ut,
283 2238 413 2293 quemque
435 2237 468 2274 ee
487 2222 612 2294 proximo
633 2222 718 2276 mem
733 2221 799 2292 sors
820 2219 975 2283 obtulisset.
998 2239 1028 2277 eo
1045 2224 1168 2295 patriam
1190 2239 1298 2296 recupe-

220 2323 284 2360 rare
301 2292 454 2361 nitereritur.
489 2304 634 2378 Quoniam
653 2305 688 2361 de
708 2304 767 2361 elio
785 2304 859 2373 loco,
883 2323 969 2379 quem
988 2315 1105 2380 praeter
1116 2306 1251 2363 Athenas
1268 2307 1297 2363 in

221 2390 319 2446 animo
342 2388 513 2457 habuerint,
543 2389 666 2465 eogitari
693 2388 809 2464 nequit,
838 2407 903 2446 cum
928 2390 1062 2448 Athenas
1090 2391 1171 2466 ipsas
1196 2391 1298 2448 exules

221 2482 342 2550 propter
354 2474 534 2531 vicinitatem
553 2474 677 2550 elegisse
695 2483 724 2531 et
741 2474 809 2531 inde
822 2475 941 2532 Thebas
959 2474 1082 2550 profecti
1101 2495 1164 2533 esse
1180 2476 1297 2533 tradan-

221 2567 285 2629 tur,
308 2570 456 2616 enarrant:
478 2578 673 2638 quamcumque
694 2563 869 2627 occaubuem3
894 2579 1005 2628 vereor,
1029 2570 1062 2618 ut
1084 2562 1156 2618 satis
1178 2561 1297 2630 Latine;

222 2662 290 2701 nam
313 2646 367 2701 etsi
390 2655 469 2702 recte
492 2645 600 2701 dicitur
622 2647 706 2701 boum
725 2648 764 2701 rei
782 2646 915 2718 qererrdae
937 2647 1013 2714 dure,
1037 2647 1143 2715 habuc,
1167 2647 1298 2703 ablativo

222 2738 320 2786 tamen
344 2748 429 2798 casu,
453 2729 553 2787 addito
576 2730 765 2804 pronomine,
793 2731 823 2786 id
846 2749 952 2787 nomen
975 2731 1027 2787 illo
1050 2732 1137 2789 modo
1160 2736 1206 2802 (eo
1228 2735 1298 2788 loco

220 2817 340 2890 putrium
357 2817 529 2889 recuperare)
546 2815 603 2871 dici
621 2833 707 2890 posse
724 2833 782 2872 non
795 2815 920 2874 videtur.
957 2816 1061 2890 Itaque
1078 2835 1152 2873 unes
1163 2816 1298 2873 Athenas

213 2899 380 2976 ¹significari
405 2909 476 2974 puto
499 2910 530 2957 et
551 2900 594 2956 sic
616 2919 633 2956 a
656 2898 795 2958 Cornelio
817 2901 959 2975 scriptum
984 2919 1063 2957 esse:
1094 2911 1137 2970 ut,
1165 2920 1299 2975 quernae

217 2988 343 3060 proximo
365 2987 450 3041 locum
466 2988 531 3059 sore
552 2986 696 3054 obtulisset,
720 3004 749 3041 eo
767 2993 832 3054 cet..
855 2985 911 3043 hoc
928 2994 981 3053 est.
1004 2994 1037 3042 ut
1053 2985 1082 3041 in
1101 2986 1173 3042 urbe
1190 2986 1296 3057 vicina,

221 3087 309 3144 quam
337 3070 490 3127 commode
524 3069 643 3127 fortuna
671 3070 840 3140 obtulisset.
875 3070 998 3128 consilia
1031 3071 1144 3146 patriae
1177 3089 1298 3146 recupe-

221 3156 331 3212 randae
354 3155 510 3230 agitarent.
547 3155 650 3213 Livius
672 3155 718 3212 bis
739 3154 792 3212 illo
815 3156 987 3231 pronomine
1010 3156 1052 3212 sic
1071 3174 1142 3213 usus
1161 3157 1298 3226 creditur,

221 3240 347 3314 primum
367 3241 391 3310 Ι,
406 3241 455 3311 24,
470 3241 503 3297 3:
527 3241 637 3299 Foedus
659 3244 739 3298 ictum
762 3245 831 3298 iuter
847 3242 984 3298 Romanos
1006 3251 1031 3298 et
1052 3241 1174 3299 Albanos
1196 3251 1234 3299 eet
1256 3243 1298 3299 lie

221 3326 335 3398 quibus,
367 3335 411 3394 ut,
440 3329 569 3400 cuiusque
586 3329 683 3402 populi
703 3329 772 3382 cives
794 3345 823 3382 eo
844 3329 986 3382 certamine
1007 3329 1145 3395 timescat,
1174 3331 1198 3383 ie
1220 3328 1299 3383 elteri

217 3413 319 3484 populo
343 3443 380 3454 -
404 3413 578 3485 imperitaret.
622 3410 813 3468 Manifestum
837 3418 897 3476 ast.
927 3411 977 3468 ubi
1001 3422 1147 3468 certamen
1172 3413 1295 3468 (luorum
1324 3459 1328 3466 .

221 3494 397 3570 populorum
421 3505 502 3552 certa
529 3507 559 3553 et
582 3506 725 3571 perpetue
748 3494 876 3553 foederis
899 3495 964 3571 lege
987 3497 1156 3567 dirimatur,
1185 3496 1296 3554 nullum

221 3579 315 3635 locum
339 3599 403 3637 esse
427 3581 593 3655 pronomini
617 3581 746 3648 infinit03
776 3600 843 3637 nem
873 3582 923 3655 qui
954 3583 997 3638 sic
1019 3582 1106 3638 dicit:
1138 3592 1180 3654 ut,
1209 3586 1298 3638 cuiue·

221 3683 333 3738 cumque
353 3668 448 3740 populi
468 3674 533 3734 cet..
557 3666 581 3722 is
604 3676 654 3722 eut
677 3666 754 3722 inter
776 3666 875 3742 plures
898 3667 1023 3742 populos
1046 3675 1097 3724 aut
1119 3668 1237 3742 saepius
1255 3667 1298 3724 ita

221 3757 363 3805 certatum
387 3750 423 3806 iri
447 3750 532 3818 dicit.
561 3760 606 3813 ut.
635 3751 698 3807 sine
720 3751 781 3807 ulla
804 3762 884 3808 certa
907 3752 1107 3826 possessione,
1131 3752 1208 3822 eius.
1233 3754 1296 3826 qui·

221 3851 346 3908 cumque
375 3835 493 3903 vicerit,
527 3835 681 3909 imperium
710 3835 840 3893 futurum
869 3837 908 3893 sit
937 3855 1032 3910 neque
1060 3837 1122 3893 ulle
1149 3837 1225 3895 alius
1253 3839 1296 3895 rei

221 3918 296 3975 ratio
320 3920 472 3977 habeatur.
505 3922 610 3994 Itaque
633 3939 754 3995 prorsus
776 3940 834 3978 non
858 3921 970 3992 dubito,
994 3922 1063 3996 quin
1087 3922 1116 3978 in
1135 3941 1170 3979 eo
1187 3923 1296 3991 codice.

221 4022 236 4059 e
260 4023 318 4078 quo
342 4006 434 4063 nostri
457 4007 513 4063 orti
537 4015 619 4074 sunt,
648 4023 706 4063 non
730 4016 808 4062 recte
830 4009 958 4080 cuiusque
980 4026 1034 4082 pro
1056 4011 1132 4064 cuius
1154 4009 1294 4083 scriptum

220 4086 319 4145 fuerit.
363 4091 451 4146 Alter
473 4101 516 4147 est
540 4092 622 4148 locus
645 4091 722 4149 Livii
746 4090 776 4148 in
798 4090 874 4148 libro
896 4092 990 4150 XXV
1014 4110 1038 4148 c.
1057 4093 1106 4158 29.
1120 4095 1147 4160 6,
1165 4090 1230 4173 [qui
1253 4094 1298 4150 sic

220 4171 392 4254 edebatur]:
414 4176 552 4232 Famueue
573 4178 648 4233 credi
668 4179 741 4240 velis.
764 4189 868 4251 quantu
891 4179 955 4234 urbe
973 4197 991 4233 a
1009 4189 1032 4235 te
1049 4189 1129 4254 captu
1147 4183 1190 4247 eit,
1213 4198 1295 4253 quum

218 4263 334 4332 posterae
362 4280 467 4334 quoque
494 4281 552 4318 eom
581 4264 732 4335 eperumb
753 4280 824 4330 ecee,
854 4281 907 4336 quo
929 4266 1043 4337 quisque
1065 4274 1153 4332 urea,
1182 4269 1296 4338 quisque

220 4348 292 4399 rnuri
318 4349 430 4415 uenerit,
465 4366 534 4403 nuuc
561 4356 654 4402 econtra
681 4348 715 4403 de
743 4347 949 4404 Atheniensibus
980 4349 1296 4423 Curtluqiuieueibueque

220 4439 341 4504 tropaea,
364 4449 433 4487 nunc
456 4441 502 4487 tuo
524 4432 558 4487 ele
579 4431 654 4488 nobe's
676 4433 819 4489 ostendat!
851 4433 930 4503 Non,
955 4433 1004 4508 qui
1027 4434 1174 4504 adveniet,
1198 4443 1295 4492 osten·

1057 4551 1089 4596 53
