3030 5086
387 459 431 540 ur
454 494 535 541 aaa.
558 494 620 541 arn.
643 494 678 542 1v
700 493 773 542 aar.
795 497 834 542 ia.
848 436 981 557 lab-ao.)
1154 474 1218 541 523

145 664 246 741 baarr,
262 662 421 728 lucernam
431 662 583 728 adhibere
599 660 673 726 nihil
688 661 819 727 interest
834 668 890 728 ant
905 657 1078 727 teruncidm
1095 661 1220 728 adicere
1264 654 1267 658 ⁵

93 818 95 823 .
146 764 255 831 Croesi
275 764 438 846 pecuniac3
466 765 547 846 (30.)
566 764 678 845 quibus
700 771 805 829 autem
826 764 859 829 in
881 763 976 830 rebus
998 770 1087 829 tanta
1108 764 1219 830 obscu-

145 866 226 931 ratio
248 885 311 932 non
332 864 377 944 lit
398 864 468 931 lieri
484 875 587 931 tamen
606 872 719 947 potest
741 873 777 930 ut
793 865 828 931 id
844 867 955 948 ipsum
978 868 1063 949 quod
1078 867 1219 947 intereat

146 987 207 1033 uon
230 969 273 1034 sit
293 986 448 1048 magnum.
492 968 593 1046 Uici,
621 968 674 1048 qui
694 968 828 1034 iucunde
849 969 960 1034 vixerit
981 987 1081 1035 annos
1102 970 1218 1048 decern,

145 1071 294 1153 uiaeque
316 1071 381 1134 vita
407 1070 541 1136 iucunda
568 1076 731 1134 menstrua
752 1072 902 1151 addatur,
930 1072 1004 1153 quia
1030 1072 1258 1139 momentumb

145 1173 272 1254 aliquod
295 1173 408 1238 habeat
429 1174 471 1237 ad
493 1172 660 1237 iucundum
682 1171 831 1252 accessio,
853 1174 966 1238 bonum
989 1175 1044 1253 sit3
1066 1174 1094 1238 si
1115 1179 1219 1239 autem

217 1399 238 1460 i.
258 1403 283 1442 at
300 1393 484 1443 tomaciamE
519 1394 900 1460 namman1(proteruaciam]L
935 1394 1059 1445 addereC
1095 1400 1117 1444 2.
1137 1395 1219 1443 abaco*

145 1463 209 1518 rouo
225 1471 294 1511 ionio
312 1462 402 1513 LPCR
437 1468 459 1511 ³.
479 1479 524 1510 uon
541 1461 572 1512 ait
590 1459 685 1521 omnen,
704 1461 749 1512 Or.
791 1472 814 1512 4,
833 1480 879 1512 noa
888 1464 961 1526 joc
1003 1467 1024 1514 6.
1043 1462 1079 1512 od
1094 1463 1220 1513 iocandum

145 1531 302 1581 uacationem
320 1531 365 1580 Pa
382 1530 418 1580 od
434 1529 561 1579 iucundam
579 1531 737 1581 montanam
756 1531 823 1581 Ebc
857 1531 895 1580 ain
914 1531 957 1582 Or.

232 1721 281 1777 30.
311 1730 386 1777 tanto
413 1722 564 1777 obscuratio
590 1740 640 1777 aon
661 1720 710 1797 fit)
733 1720 920 1780 Contrarium
949 1722 1005 1779 hoc
1032 1730 1077 1778 eet
1104 1721 1163 1778 illi:
1192 1725 1219 1778 ia

144 1807 241 1881 quibua
259 1839 299 1848 —
319 1806 468 1863 obscuratio
489 1809 673 1880 consequantu
695 1817 725 1862 et
747 1807 771 1863 ai
795 1825 853 1864 non
876 1818 961 1868 esset.
985 1818 1082 1864 tamen
1106 1806 1135 1863 in
1159 1815 1219 1865 tam

143 1903 247 1967 aperta
279 1891 394 1967 generis
423 1890 592 1948 definitione
622 1893 778 1949 coniuncta
804 1911 870 1949 cnm
898 1892 1032 1950 oratione
1059 1891 1220 1949 indicativa

145 1978 156 2053 (
157 1980 222 2049 fieri
238 1977 339 2052 potest)
351 1977 556 2033 coniunctivae
580 1977 681 2034 modae
703 1975 774 2034 ferri
797 1978 879 2034 nullo
903 1979 990 2037 modo
1012 1988 1121 2053 posset.
1155 1978 1220 2034 Neo

144 2073 191 2119 est
212 2063 240 2118 in
259 2062 305 2118 his
321 2063 409 2118 rebus
427 2062 603 2128 obscuratio,
627 2062 688 2130 aed,
711 2073 743 2119 ut
765 2062 837 2133 dixi,
860 2063 976 2133 accidit,
1000 2061 1136 2138 quotiens
1154 2080 1219 2120 cum

145 2148 305 2205 maioribus
333 2159 549 2222 comparantur.
593 2146 717 2206 Correxi
745 2148 849 2224 igitur,
879 2149 957 2222 quod
985 2149 1141 2214 edebatur,
1169 2151 1219 2217 oit3

144 2232 194 2311 [fit
216 2252 295 2302 casu,
318 2243 351 2290 ut
367 2233 491 2300 videtur,
515 2233 560 2290 ed.
575 2229 679 2312 Crat.].
709 2233 791 2290 Idem
810 2233 946 2290 mendum
960 2235 997 2296 V,
1010 2234 1051 2291 33
1070 2243 1100 2290 et
1112 2234 1171 2290 Erl.
1190 2242 1221 2291 et

143 2319 218 2377 alios
240 2318 395 2392 occupavit
417 2335 471 2374 nec
494 2327 592 2374 tamen
615 2319 709 2375 locum
734 2319 837 2376 tenuit.
875 2318 963 2376 Tanta
985 2320 1137 2376 obscuratio
1153 2320 1219 2394 (pro

143 2406 213 2461 obeo.
236 2406 324 2476 touta)
348 2403 442 2462 Gaius
465 2422 480 2459 o
503 2403 597 2460 tribua
620 2404 739 2479 optimis
762 2402 828 2482 [B].

234 2490 270 2546 Ut
292 2493 316 2546 ei
340 2523 370 2531 -
400 2490 495 2546 bonum
517 2491 564 2563 ait)
588 2489 861 2547 Animadvertenda
882 2499 928 2546 eat
949 2500 1070 2565 proptor
1092 2488 1220 2546 difficili·

143 2593 209 2632 ores
231 2576 373 2649 qnondam
396 2574 477 2632 locos
499 2585 568 2632 nota
591 2575 688 2632 forma
709 2576 851 2633 orationis
874 2576 904 2632 iu
927 2575 1064 2650 exemplo
1082 2575 1220 2651 fingendo

143 2674 172 2716 et
196 2660 340 2736 particula
363 2671 391 2716 ut
412 2661 537 2716 relativa
559 2660 755 2734 adiungendo.
800 2662 864 2718 Noe
887 2660 964 2717 enim
987 2660 1220 2718 demonstrativa

142 2744 238 2802 forma
261 2746 370 2801 utimur
388 2745 438 2815 (So
457 2747 551 2802 warde
565 2749 620 2819 fiir
641 2749 792 2820 deity'enipen
812 2748 890 2819 cet),
913 2764 988 2820 quae
1011 2746 1085 2803 latet
1106 2746 1221 2803 inclusa

85 2830 86 2833 ’
144 2831 172 2886 in
193 2830 299 2887 Latino
323 2830 466 2886 vocabulo
489 2833 530 2901 (oo
552 2832 639 2891 modo.
661 2837 741 2905 quo);
765 2831 818 2888 cir.
831 2829 889 2888 Off.
901 2832 926 2900 Ι,
941 2833 979 2888 97
993 2833 1106 2889 et144.
1141 2832 1218 2888 Nam

143 2915 212 2971 hino
235 2915 365 2971 nascitur
388 2914 553 2990 propinqua
580 2917 657 2973 ratio
685 2916 748 2973 eiua
771 2917 933 2991 particulae
956 2917 1124 2991 ponendae,
1152 2935 1219 2974 cum

144 3019 201 3057 non
226 3000 393 3074 exemplum
411 2999 607 3075 adiungimus,
631 3002 682 3058 sed
704 3001 734 3057 in
757 3000 913 3058 refutando
931 3012 961 3058 et
977 3001 1219 3076 reprehendendo

144 3086 180 3151 ei,
204 3085 282 3159 quod
305 3084 556 3158 reprehendimus,
579 3086 706 3143 similem
725 3087 812 3143 aliam
832 3106 894 3143 rem
917 3105 1038 3162 pravam
1063 3086 1124 3143 lore
1147 3087 1220 3143 dici-

145 3190 221 3231 mus,
251 3170 300 3227 ubi
323 3171 369 3226 vis
397 3171 558 3244 particulae
580 3172 840 3247 circumloquendo
868 3172 910 3228 sic
939 3171 1083 3229 declarari
1106 3183 1219 3247 potest:

142 3257 245 3313 eodem
269 3256 355 3313 modo
378 3275 462 3331 agas,
486 3257 509 3313 si
533 3257 588 3313 hoc
610 3258 659 3314 vol
681 3257 754 3315 illud
777 3256 879 3314 iacias.
923 3258 1030 3331 Itaque
1052 3268 1081 3314 ut
1103 3257 1220 3315 videtur

143 3342 213 3416 poni
237 3361 290 3416 pro
318 3353 346 3398 ot
374 3345 399 3397 ai
419 3342 533 3415 (eodem
558 3343 644 3401 modo
667 3360 702 3402 ac
724 3343 776 3418 ai),
806 3342 897 3417 fitque
926 3343 964 3399 ad
991 3354 1124 3400 nostrum
1153 3361 1220 3401 een·

142 3446 206 3483 sum
229 3427 406 3501 implicatior
429 3429 533 3496 oratio,
557 3429 636 3501 quod
653 3447 741 3506 saepe
758 3429 788 3484 in
805 3429 872 3505 ipsa
888 3428 940 3485 illa
957 3447 989 3485 re
1006 3428 1143 3504 lingenda
1160 3429 1220 3486 alia

141 3512 298 3569 adhibetur
320 3512 462 3582 condicio,
485 3523 518 3569 nt
540 3515 686 3588 particula
707 3519 733 3571 oi
748 3514 784 3570 ad
805 3533 868 3570 eam
887 3515 1038 3589 pertinens
1057 3514 1220 3590 particulae

142 3609 170 3653 ut
198 3597 360 3654 subiciatur
387 3599 454 3670 (hac
482 3601 693 3656 sententiarum
721 3599 943 3669 coniunctione,
977 3600 1002 3656 ai
1036 3600 1089 3657 illa
1122 3600 1219 3657 decla-

142 3685 256 3740 ratione
290 3684 333 3739 uti
366 3684 503 3740 volumus
542 3695 572 3741 et
610 3686 652 3741 rei
687 3686 880 3762 explicandae
914 3703 1003 3742 cauea
1035 3686 1220 3761 ineleganter

142 3769 238 3843 loqui:
269 3770 371 3825 eodem
396 3770 481 3826 modo
504 3788 589 3845 agas,
618 3771 657 3840 ei,
687 3771 712 3828 si
735 3771 790 3828 hoc
813 3771 860 3827 vel
883 3771 957 3827 illud
979 3771 1134 3839 acciderit,
1164 3770 1220 3827 hoc

142 3855 189 3911 vel
217 3854 290 3911 illud
318 3854 432 3928 facias).
486 3856 661 3913 Huiusmodi
695 3867 741 3913 eat
773 3857 867 3914 oratio
901 3857 930 3913 iu
961 3857 1055 3913 Acad.
1086 3857 1133 3926 Η,
1163 3856 1219 3913 ³3:

147 3940 206 4008 Quo
228 3944 296 3996 euim
318 3943 406 3996 omnio
428 3943 590 4010 iudicantur,
613 3942 732 4012 sublato,
755 3944 861 4016 reliqua
882 3961 911 3999 ee
932 3952 1030 4015 nepam
1052 3944 1157 3999 tollere:
1179 3951 1218 4013 ut,

143 4030 168 4082 oi
189 4029 250 4099 ottob
272 4045 349 4099 qoem
372 4028 454 4083 oculis
471 4030 629 4100 privaverit,
653 4028 726 4085 duat
747 4046 787 4097 oa,
811 4047 881 4101 quac
896 4032 970 4084 cerui
980 4038 1100 4102 posteat,
1122 4047 1174 4084 aaa
1191 4047 1219 4085 ae

142 4115 166 4168 ei
181 4114 316 4168 odemiooc
327 4112 369 4183 (id
388 4122 447 4168 est:
470 4113 533 4169 Ista
550 4113 673 4180 ratione,
696 4113 721 4170 ai
739 4113 805 4186 qnia
819 4145 857 4154 -
870 4113 1041 4189 privaverit,
1063 4113 1159 4189 poerit
1174 4113 1219 4171 di·

144 4216 224 4264 cere;
247 4216 283 4252 ue
306 4198 372 4270 quia
394 4217 473 4271 quem
494 4196 651 4254 relativum
670 4207 755 4273 putet
770 4216 835 4256 esee
853 4208 883 4255 et
899 4199 941 4256 aio
960 4200 1060 4268 verba,
1083 4198 1220 4275 neglecta

143 4302 243 4339 eorum
268 4283 353 4349 serie,
377 4283 506 4340 ordinet:
530 4293 558 4339 ut
579 4288 605 4341 oi
625 4286 702 4357 quito,
725 4303 803 4358 quem
828 4317 862 4327 -
884 4287 1047 4360 pavonarii,
1071 4287 1097 4341 ei
1116 4305 1167 4342 noa
1190 4304 1219 4342 ac

142 4370 274 4425 amiato
296 4400 337 4411 -
360 4370 455 4443 dicot),
478 4370 545 4426 etl
567 4369 603 4426 de
627 4368 758 4426 Diviuat
782 4370 839 4427 86:
867 4370 911 4438 Ui,
935 4373 961 4427 oi
980 4379 1126 4444 mapuetcm
1147 4372 1218 4446 lupi-

144 4456 203 4510 dem
230 4473 287 4511 eoae
315 4455 417 4520 dr'com,
447 4459 496 4529 qui
515 4457 625 4528 serrum
651 4456 691 4512 od
717 4473 745 4512 ae
766 4456 868 4513 alliciat
894 4465 920 4512 ct
942 4456 1047 4522 trabat,
1076 4458 1217 4527 raucam,
