3030 5086
456 494 500 540 nn
522 493 605 540 nnn.
629 492 692 540 um.
714 495 749 540 ιν
771 492 845 540 cnr.
866 496 904 544 ιι.
920 492 1053 558 (ar-se.)
1226 475 1289 542 537

216 663 303 727 cuius
326 663 384 727 boc
405 681 517 726 munus
539 667 596 740 est,
619 669 654 726 nt
676 658 798 741 efficiat
821 669 855 726 ut
871 663 943 727 vitis
965 680 1034 727 curn
1051 662 1193 728 omnibus
1215 680 1290 744 per-

217 763 299 829 tibus
323 764 387 828 suis
409 771 506 846 quam‘
525 763 641 844 optime
663 781 698 827 se
720 762 842 841 babeat,
864 801 906 810 —
928 765 985 828 sed
1008 764 1053 829 sic
1073 764 1290 847 intellegamus

216 866 301 946 (licet
322 866 418 945 enim,
446 871 482 929 ut
503 885 559 930 vos
582 883 705 946 qnoque
727 865 848 945 soletis,
875 863 994 948 fingere
1020 866 1138 947 aliquid
1159 866 1291 932 docendi

216 969 340 1047 musal:
363 967 389 1031 si
411 967 506 1048 igitur
524 967 577 1031 illa
593 968 716 1032 cultura
731 967 841 1031 vitium
858 967 889 1031 in
906 968 968 1033 vite
984 967 1060 1033 insit
1074 968 1153 1050 ipsa
1176 973 1290 1047 cetera,

216 1071 319 1147 credo,
338 1068 419 1148 uelit,
441 1087 523 1150 quae
540 1070 580 1133 ad
598 1070 758 1133 colendam
774 1069 866 1133 vitem
883 1068 1069 1148 attinebant,
1093 1069 1171 1134 sicut
1187 1077 1289 1148 antea,
1306 1071 1328 1138 5

218 1190 252 1235 se
273 1179 377 1236 autem
400 1170 542 1234 omnibus
564 1171 636 1234 vitis
663 1170 808 1251 partibus
832 1169 992 1252 praeierat
1013 1178 1193 1253 statuatque
1215 1171 1291 1236 nihil

217 1291 286 1337 esse
309 1272 418 1337 melius
439 1272 470 1335 in
490 1272 552 1337 rite
574 1290 667 1353 quam
691 1290 740 1351 se;
763 1271 904 1336 similiter
925 1290 1046 1352 censue,
1069 1291 1147 1338 cum·
1160 1274 1293 1338 accessit

217 1375 257 1438 ad
280 1382 433 1452 naturam,
456 1380 562 1439 tuetur
582 1374 666 1438 illam
688 1373 822 1454 quidem,
845 1374 902 1437 sed
919 1374 1012 1438 etiam
1029 1393 1063 1439 se
1080 1380 1198 1453 tuetur;
1221 1393 1290 1439 cum

216 1484 320 1539 autem
348 1483 511 1556 assumpta
539 1483 587 1541 est
609 1476 704 1554 ratic,
732 1479 820 1539 tento
847 1475 879 1538 in
907 1476 1067 1540 dominatu
1094 1475 1228 1555 locatur,
1256 1483 1292 1541 ut

216 1577 320 1641 omnia
331 1577 382 1640 illa
394 1577 497 1657 prima
508 1584 640 1642 naturae
652 1575 744 1640 buius
755 1576 871 1641 tutelae
883 1576 1083 1642 subiciantur.
1113 1578 1164 1642 39.
1179 1578 1290 1658 ltaque
1309 1582 1350 1647 10

218 1698 277 1742 non
302 1678 435 1743 discedit
456 1680 496 1770 ab
519 1698 626 1744 eorum
652 1677 826 1757 curatione,
853 1677 966 1759 quibus
992 1679 1175 1759 praeposita
1197 1679 1292 1743 vitam

216 1799 337 1844 omnem
359 1780 454 1845 debet
474 1782 666 1861 gubernare3
688 1786 724 1844 ut
745 1779 850 1843 mirari
868 1780 946 1844 satis
961 1780 1093 1844 istorum
1112 1781 1291 1845 inconstan-

216 1881 289 1945 tiam
313 1901 374 1945 non
397 1882 523 1962 possim.
557 1882 740 1947 Naturalem
763 1881 844 1946 enim
866 1881 1097 1962 appetitionem,
1120 1900 1214 1963 quarn
1236 1900 1291 1945 vo·

291 2083 743 2147 l.parttbnesnesonmrbusLPCROr.
777 2083 1022 2148 3.sotetisqnoqueP
1054 2085 1291 2151 l.et't(proinec‘t)P
1319 2136 1326 2150 ,

218 2157 240 2200 5.
261 2152 390 2201 attinebant
410 2153 453 2204 LC
507 2157 529 2201 7.
553 2153 635 2203 melius
657 2154 748 2203 cesebi
802 2158 824 2204 8.
848 2162 925 2202 tuetur
941 2171 966 2202 se
985 2153 1075 2203 cltOr.
1129 2159 1151 2203 9.
1175 2154 1238 2203 ratio
1256 2162 1291 2202 eet

218 2220 374 2282 (LPJCROr.
410 2222 511 2270 tantali
550 2227 587 2271 ll.
607 2239 694 2271 omnem
712 2221 823 2271 velanni,
861 2226 899 2272 12.
918 2231 940 2271 et
957 2221 1046 2270 mirari
1061 2222 1106 2270 ΕΒ
1133 2222 1195 2271 sotis
1212 2239 1291 2271 eorum

218 2304 312 2347 omnes,
333 2289 376 2339 Or.
417 2294 454 2341 le.
471 2306 568 2353 possum
587 2291 608 2337 Ε
624 2307 749 2354 possumne
767 2289 788 2339 C
804 2287 921 2353 pooet'rnm
940 2288 1050 2340 LPltOr.

308 2480 344 2536 Ut
365 2481 391 2535 ei
401 2480 517 2535 'cultura
538 2477 643 2557 vittron)
661 2480 772 2537 Eodem
790 2479 879 2536 simili
897 2479 989 2536 utitur
1005 2479 1077 2537 Piso
1090 2481 1127 2547 V,
1141 2479 1180 2536 39
1199 2488 1228 2535 et
1241 2481 1290 2536 40.

217 2561 388 2620 Orationem
400 2563 443 2619 sic
456 2562 560 2621 Cicero
572 2564 694 2634 orditur,
712 2565 797 2638 quasi
814 2565 999 2622 subiecturus
1011 2564 1050 2620 sit
1061 2567 1108 2633 sic,
1126 2563 1204 2638 quod
1223 2564 1291 2621 huic

218 2658 246 2706 ut
261 2649 453 2723 respondeet;
472 2648 576 2705 deinde
589 2649 770 2706 commodius
782 2650 877 2707 visum
890 2658 935 2706 est
951 2649 1024 2705 illud
1037 2649 1072 2705 de
1084 2650 1145 2706 vite
1157 2650 1216 2706 vim
1229 2649 1290 2706 cul·

143 2752 147 2757 ·
217 2742 299 2789 turae
322 2733 352 2789 in
375 2752 406 2789 se
429 2733 597 2790 continente
620 2753 672 2808 per
694 2752 725 2791 se
742 2753 867 2809 ponere;
889 2734 989 2807 itaque
1012 2733 1174 2802 orationem
1198 2742 1291 2790 mutat

218 2820 351 2891 (stipitem
367 2821 422 2886 itu,
447 2837 519 2874 non:
542 2828 571 2874 nt
589 2821 671 2891 ipitnr
687 2821 743 2888 itta,
766 2822 811 2891 ει),
835 2828 895 2875 tum
919 2819 1040 2875 subicit:
1063 2821 1189 2875 similiter.
1227 2819 1291 2876 Om-

217 2903 295 2959 nibus
313 2903 439 2977 portibns
461 2907 518 2959 sois
540 2903 628 2959 etiam
653 2903 729 2979 Spir.
748 2898 801 2983 [Β]
823 2913 852 2960 et
869 2903 913 2960 ed.
934 2902 1023 2968 Cret,
1047 2903 1137 2959 ceteri
1155 2913 1188 2960 ut
1205 2901 1291 2960 Orel-

218 2988 283 3045 lius.
321 2989 367 3045 Sic
384 2991 565 3061 intelteqomns
577 2997 635 3044 est:
653 2989 695 3045 sic
711 2997 772 3044 rem
786 2988 941 3062 cogitando
954 2988 1111 3063 bugamum
1130 2988 1189 3046 vid.
1203 2988 1227 3058 l,
1243 2988 1290 3044 17.

219 3073 312 3129 Paulo
336 3083 402 3148 post
424 3092 452 3130 ee
474 3083 562 3129 tuctur
583 3082 723 3147 quattuor
735 3073 813 3140 Gzii,
836 3081 868 3128 ut
890 3082 1065 3129 concurrant
1087 3075 1165 3129 etiam
1187 3090 1229 3140 303
1253 3071 1294 3151 [εἰ

218 3167 306 3214 tuetur
328 3156 378 3234 B].
422 3158 497 3216 Edd.
520 3168 608 3214 tuetur
629 3178 671 3227 303
695 3154 737 3227 Εξ
759 3157 898 3214 omittunt
920 3167 1016 3213 tuetur.

305 3244 354 3300 39.
383 3247 450 3300 eone
478 3247 588 3300 istorum
615 3246 819 3299 inconstantium
841 3263 892 3298 non
911 3239 1027 3318 possim)
1053 3241 1202 3298 Edebatur
1224 3246 1293 3299 sutis
1391 3266 1394 3273 ·

217 3349 315 3396 corone,
339 3328 418 3402 quod
440 3346 601 3402 pronomen
624 3346 677 3384 sua
699 3337 805 3383 natura
827 3326 931 3384 referri
949 3326 1075 3383 debebat
1091 3326 1128 3382 ed
1146 3326 1292 3402 signitica-

218 3413 327 3469 tionem
350 3413 499 3469 hominum
524 3413 657 3487 proxime
680 3413 918 3487 praecedentem;
947 3431 1014 3468 nam
1041 3412 1136 3487 ipsum
1161 3431 1210 3469 eos
1234 3430 1291 3468 non

218 3498 409 3554 demonstrat.
445 3498 548 3571 ltaque
566 3498 720 3554 Ernestius
739 3498 879 3554 malebat:
902 3517 991 3553 eorum
1011 3530 1048 3539 ·-
1073 3501 1122 3570 qni
1142 3499 1292 3553 naturalem

218 3586 411 3657 reppetitionem,
426 3583 519 3640 Gzius
532 3583 622 3639 edidit
636 3584 794 3643 Stoiconrm.
827 3582 1037 3640 Praecedentis
1050 3583 1129 3639 vocis
1141 3592 1291 3639 extremae

218 3668 334 3724 litterae
357 3685 421 3723 cum
446 3667 626 3741 pronominis
648 3669 758 3743 primas
781 3666 853 3724 dnae
876 3667 1050 3737 hausissent,
1074 3668 1162 3724 tertie
1180 3676 1293 3723 mutata

218 3763 272 3809 est.
306 3753 422 3808 Istorum
445 3761 489 3808 est
507 3752 656 3809 Stoicorum
673 3763 786 3821 tuorum,
810 3763 841 3808 ut
854 3756 868 3822 ξ
882 3754 936 3808 26:
960 3753 1018 3825 Ape
1034 3773 1103 3809 orrenc
1120 3755 1166 3809 isti
1180 3754 1292 3808 decurret

219 3846 247 3893 et
260 3842 274 3906 ὅ
289 3839 343 3892 lu:
366 3841 404 3893 sic
426 3840 478 3893 icti.
501 3837 557 3892 hoc
580 3848 632 3903 est,
656 3838 741 3895 Stoici
761 3843 813 3906 tui;
836 3836 889 3895 cfr.
905 3838 962 3907 ΙΙΙ,
975 3839 1030 3893 4οε
1053 3848 1078 3894 et
1099 3839 1291 3893 internecante.

219 3923 267 3980 Sic
296 3932 393 3978 autem
421 3922 606 3978 scribendum
631 3941 708 3992 esse,
737 3922 949 3998 Wesenbergio
972 3940 1089 3996 quoqne
1112 3922 1141 3977 in
1165 3929 1290 3978 mentem

219 4016 348 4064 venerat.
394 4006 508 4063 Deinde
536 4014 632 4062 autem
659 4013 764 4081 poesim
791 4007 907 4063 restitui
930 4026 967 4064 ex
990 4007 1050 4063 Eri.
1076 4005 1131 4084 [B]
1155 4009 1291 4081 (possum)

218 4103 248 4149 et
270 4113 327 4168 mg.
341 4091 438 4161 Crete
461 4091 497 4148 de
514 4091 620 4147 ceteris
636 4092 722 4147 bonis
739 4092 823 4148 codd.
839 4101 961 4148 tacetur.
996 4093 1163 4166 Numquam
1182 4093 1211 4149 in
1230 4093 1291 4149 dia-

218 4178 292 4254 logis
304 4177 417 4240 Cicero,
441 4195 506 4233 cum
529 4194 612 4233 suum
633 4176 771 4233 iudicium
790 4176 944 4252 significat,
967 4177 1097 4233 oratorio
1114 4177 1166 4234 illo
1184 4177 1290 4252 plurali

218 4281 339 4319 numero
362 4262 462 4318 utitur.
497 4262 600 4335 ltaque
624 4260 649 4317 si
667 4264 802 4336 posumus
825 4262 945 4333 diceret,
967 4263 1126 4319 humanum
1149 4281 1241 4338 genus
1261 4263 1290 4319 in

217 4348 272 4404 bac
290 4346 455 4405 Stoicorum
478 4346 693 4403 inconstantiae
714 4346 909 4403 admiratione
932 4347 1003 4404 satie
1025 4346 1124 4422 inepte
1147 4346 1291 4423 complec-

218 4442 343 4501 teretur,
372 4432 450 4506 quod
478 4439 564 4502 recte¹
578 4432 785 4507 complectitur
806 4432 895 4506 paulo
918 4443 985 4507 post
1007 4434 1093 4505 (nobie
1115 4435 1289 4508 relinquunt).
