3030 5086
220 470 283 537 858

217 649 410 737 Ἐπιγέννημα
433 658 533 718 Stoice
556 661 628 717 400.

220 744 358 820 Equidem
380 762 446 802 cum
471 743 579 820 plurali
601 762 659 802 non
682 742 731 803 ci·

264 829 453 887 neronianum
478 829 549 887 854.

220 914 378 971 Erechthei
400 914 479 971 filiae
502 914 573 972 713.

496 487 602 534 lunux
623 487 740 535 RERUM
762 486 805 533 ΕΤ
829 486 1017 535 VERBORUM.

783 660 945 735 Emeum,
959 660 1097 734 eeporitr'o
1119 657 1154 716 de
1177 657 1296 716 daereto

829 746 899 802 626.

784 829 945 904 Eapresaus
969 830 1040 886 712.

219 1000 298 1075 Erqo
320 999 349 1056 in
373 999 516 1057 orationis
538 1017 627 1056 eursu
647 1017 732 1056 revo-
784 998 889 1057 Furere
905 1000 999 1072 (idem)
1015 1017 1082 1056 eum
1099 997 1199 1054 dativo
1219 998 1296 1067 2743

263 1084 357 1142 oando
382 1088 453 1155 181,
480 1087 548 1143 184.

221 1168 331 1227 Erillus
355 1171 416 1229 218
440 1170 537 1243 (206).

220 1254 338 1331 Eripere
360 1254 395 1311 de
419 1255 504 1313 mulis
528 1255 577 1311 91.

220 1339 294 1398 Esse
315 1352 345 1397 et
361 1344 446 1398 inesse
458 1340 534 1410 20³3
557 1358 615 1397 aare
631 1357 732 1395 samum

820 1087 897 1158 facio
919 1103 977 1142 esse
999 1085 1072 1142 491.

783 1169 870 1227 eroes
898 1170 1020 1243 (fidiam)
1049 1186 1109 1225 nou
1143 1166 1178 1224 de
1208 1171 1297 1225 omme

827 1255 903 1324 592;
937 1253 1080 1329 singulari
1108 1271 1231 1311 numero
1260 1253 1296 1310 de

826 1339 923 1397 sidere
947 1340 1017 1397 594.

263 1429 372 1502 imperio
392 1426 469 1495 256;
492 1443 549 1483 esea
571 1442 630 1481 non
652 1432 732 1480 reete
783 1422 928 1482 Fidiculre
951 1424 1021 1482 598.

263 1511 403 1569 omissum
417 1511 487 1580 6953
500 1519 540 1568 est
551 1509 650 1567 omiss.
660 1508 732 1581 291,
784 1509 864 1567 Finis
886 1511 1029 1568 bonorum
1053 1509 1185 1569 delinitio
1209 1513 1258 1569 64.

262 1596 372 1653 iniuria
401 1597 456 1666 90,
492 1595 569 1663 529;
602 1592 732 1651 seeundo
784 1593 884 1652 Feret
901 1614 955 1670 pro
989 1604 1057 1652 esset
1090 1595 1171 1671 apud
1200 1594 1295 1655 Cicer.

263 1691 291 1737 et
320 1680 408 1738 tertio
436 1681 502 1738 loeo
529 1678 658 1756 positum
682 1681 733 1750 (est

826 1680 1008 1737 rarissimum
1033 1681 1104 1739 251.

262 1771 339 1836 eninr,
356 1766 486 1841 animast)
499 1766 553 1835 91;
577 1764 732 1822 collocatio
784 1765 911 1822 Fortuita
934 1783 1027 1840 prava
1049 1764 1143 1823 forma
1167 1763 1238 1824 668.

262 1852 407 1927 quaedam
435 1852 465 1908 in
489 1851 546 1907 line
569 1849 732 1907 sententiae
784 1851 914 1920 diusmo,
933 1850 962 1907 id
977 1859 1031 1920 est,
1049 1853 1104 1908 siue
1120 1870 1204 1908 ceusu
1223 1851 1294 1910 209.

263 1938 340 2007 760;
363 1955 379 1993 e
402 1936 596 2011 scriptumst
618 1952 732 1992 errores
783 1935 890 1994 Futuri
912 1935 1035 2011 antiqua
1056 1933 1152 1993 forma
1178 1937 1247 1996 163.

255 2022 320 2082 'orti
337 2022 548 2091 4443⁴maltam
570 2030 610 2078 eet
631 2023 658 2077 iu
680 2022 732 2077 oli·
783 2020 927 2079 Futurum
946 2020 1108 2097 potentiale
1121 2023 1197 2091 5513
1220 2020 1297 2079 alius

262 2127 315 2184 quo
339 2107 411 2166 569.

825 2107 944 2182 quidam
967 2125 1037 2163 usus
1062 2109 1132 2166 686.

218 2192 260 2250 Et
277 2210 374 2269 prouo
391 2191 641 2267 postesque1253
664 2198 732 2266 post
782 2191 927 2249 Futurum
956 2201 1092 2249 exactum
1120 2191 1195 2249 falso
1218 2191 1296 2267 posi·

261 2279 382 2336 similiter
393 2277 592 2352 improbatum
607 2276 681 2343 175;
700 2275 731 2331 in

261 2362 438 2420 assumendo
448 2361 486 2418 ad
498 2359 731 2418 concludendum

826 2286 888 2334 tum
909 2278 983 2345 129;
1003 2277 1039 2333 de
1056 2275 1161 2334 effectu
1178 2276 1296 2334 fisturae

826 2362 951 2419 aetionis
976 2364 1046 2420 688.

263 2450 333 2517 750;
347 2444 732 2522 inexemplisadiungendis
784 2447 908 2504 Futurus
930 2467 989 2504 eum
1011 2449 1048 2521 (si
1062 2448 1089 2520 f.
1112 2446 1150 2521 s.)
1175 2447 1245 2505 285.

263 2535 280 2591 7
285 2536 313 2601 2;
331 2531 478 2590 omittitur
489 2530 666 2601 aOioerone,
679 2549 732 2607 po·

261 2615 731 2693 nituraposterioribusinterim·

262 2704 426 2780 perativum
446 2711 475 2758 et
491 2699 625 2758 futurum
643 2700 731 2758 indie.

264 2790 339 2857 3043
360 2787 437 2845 male
456 2786 635 2863 geminatum
654 2787 730 2855 252;

262 2892 320 2931 non
344 2882 423 2930 reete
447 2871 575 2947 positum
600 2872 676 2940 5623
707 2880 732 2928 et

263 2992 301 3002 —
326 2969 350 3015 et
375 2956 550 3015 dissolutum
575 2957 646 3026 786,
669 2957 730 3015 788

261 3063 339 3120 sqq.;
369 3053 393 3100 et
417 3075 454 3085 -
480 3061 532 3116 que
559 3041 588 3098 in
617 3041 731 3098 duabus

261 3128 415 3187 sententiis
432 3146 541 3196 rarum,
564 3126 594 3182 in
618 3125 732 3183 duobus

261 3213 429 3272 nominibus
456 3220 624 3286 suspectum
655 3212 731 3282 717;

260 3310 285 3359 at
302 3301 409 3376 quidem
428 3298 459 3354 in
477 3296 620 3363 elevando
638 3306 668 3354 et
685 3315 732 3354 re·

260 3384 384 3444 futando
394 3384 443 3453 77;
456 3393 480 3440 et
492 3393 587 3452 tumen.
600 3391 632 3439 ut
645 3393 731 3440 tameo

261 3470 407 3529 referatur
418 3467 456 3525 ad
468 3468 590 3525 tacitum
598 3467 730 3526 intellec·

783 2615 942 2687 Gallonius
964 2634 1072 2693 praeeo
1097 2619 1167 2675 186.

786 2701 897 2772 Genera,
920 2702 950 2758 id
974 2711 1027 2762 est.
1050 2703 1128 2760 modo
1154 2705 1223 2762 151.

783 2785 948 2847 Genetirus
968 2788 1072 2843 tertiae
1090 2787 1296 2845 declinationis

825 2872 856 2930 in
884 2875 895 2928 a'
917 2873 955 2929 82
985 2882 1015 2929 et
1038 2873 1113 2942 622;
1141 2872 1296 2949 genetivus

826 2956 936 3033 duplex
954 2976 1012 3032 quo
1031 2957 1143 3028 ordine,
1157 2957 1211 3026 333
1229 2976 1295 3034 gen.

826 3042 957 3119 pendens
996 3063 1013 3099 a
1047 3043 1221 3118 pronomine
1254 3043 1297 3114 (id

826 3130 952 3201 aliumue)
976 3129 1051 3194 529;
1088 3127 1294 3203 pronominum

826 3232 879 3289 pro
907 3213 1083 3289 possessivis
1110 3216 1173 3286 (mei
1197 3215 1295 3285 eausa)

827 3299 904 3367 269;
927 3318 993 3375 gen.
1018 3299 1055 3355 nd
1078 3297 1294 3356 substantivum

825 3384 936 3442 relatus
967 3403 1021 3459 pro
1048 3383 1148 3440 dativo
1170 3383 1207 3439 ad
1231 3400 1295 3440 ver-

825 3470 895 3527 bum
920 3470 995 3539 194;
1026 3468 1084 3525 duo
1112 3467 1222 3525 diversi
1244 3487 1295 3544 ge·

827 3556 904 3612 neris
938 3555 1189 3613 substantivorum
1225 3570 1295 3610 oon·

826 3640 946 3698 iunctim
974 3639 1067 3697 eidam
1091 3638 1202 3696 nomini
1225 3638 1293 3695 sub·

823 3725 892 3784 ieoti
922 3727 997 3794 3063
1032 3723 1186 3800 genetivus
1219 3722 1295 3780 obli·

824 3810 911 3868 vione
934 3810 1068 3885 proelio
1091 3827 1161 3867 casu
1181 3809 1295 3885 positus

824 3895 896 3965 4333
914 3894 1035 3952 liberius
1052 3895 1209 3952 adiunctus
1220 3895 1292 3965 4873

774 4028 776 4031 ,
822 3979 900 4037 nude
923 3979 1036 4056 positus
1060 3982 1135 4049 5853
1164 3980 1296 4038 breviter

823 4065 860 4123 de
882 4085 931 4132 eo,
962 4065 991 4121 in
1021 4083 1079 4139 quo
1102 4065 1173 4140 quid
1196 4083 1294 4123 verse-

215 4137 361 4225 Ἐξαγωγὴ
386 4150 457 4208 449.
824 4160 881 4221 tur,
906 4150 981 4218 538;
1006 4149 1078 4206 dure
1096 4168 1150 4225 pro
1168 4169 1293 4228 praepo·

217 4233 350 4292 Ereitare
372 4245 462 4293 testes
486 4236 555 4293 256.
824 4237 930 4295 sitione
960 4235 1037 4303 7303
1067 4236 1204 4312 gerundii
1234 4235 1291 4295 vid.

217 4318 371 4379 Eueroeus.
403 4321 431 4378 id
461 4330 520 4391 est,
549 4341 579 4378 ae
605 4338 730 4378 eeereeus
825 4321 1022 4381 Gerundium.

263 4405 331 4463 129.
707 4423 711 4435 ·
785 4405 859 4467 Gens
876 4408 993 4465 hamana
1010 4407 1208 4484 proposueris.
1222 4407 1293 4465 721.

261 3565 333 3626 tum,
348 3554 424 3624 283;
442 3562 467 3610 et
477 3556 535 3629 ipse
545 3553 623 3630 apud
635 3552 731 3623 Cicer,

260 3643 405 3700 incertum
429 3640 501 3697 718.

218 3727 328 3787 Etenim
351 3727 379 3782 9.

217 3814 333 3872 Enitere
356 3821 385 3867 et
406 3812 491 3867 vitare
515 3808 585 3868 637.

218 3889 362 3973 Εὐθυμία
387 3893 549 3952 Democriti
573 3897 643 3952 642.

135 3988 137 3992 ’
217 3971 395 4059 Εὖλογιστία
419 3981 490 4037 500.

217 4054 419 4142 Βῦχρήστημα
441 4065 514 4123 463.
