3030 5086
467 500 512 545 nr
536 500 618 545 man.
642 499 762 548 nm.1n
785 501 859 549 cae.
879 503 901 548 r.
917 498 1050 563 (as-as.)
1232 483 1295 548 385

219 688 277 734 nos
298 674 355 733 aut
375 676 463 732 recta
484 677 539 732 aut
561 674 644 733 recte
665 667 749 733 fecta
770 669 919 749 meamus,
944 670 971 735 si
992 671 1102 750 placet
1124 667 1169 732 illi
1191 676 1296 734 autem

218 770 380 852 appellant
405 760 647 849 κατορθώματα,
674 787 782 834 omnes
808 789 955 836 numeros
977 771 1100 836 mrntns
1127 770 1294 836 continent.

219 872 294 937 Sola
315 871 397 937 enim
420 869 575 952 sapientia
596 870 629 934 in
651 890 685 937 se
707 878 774 937 tota
796 891 946 938 conversa
968 881 1030 951 est,
1052 874 1136 955 quod
1159 874 1241 938 idem
1262 872 1294 936 in

219 973 331 1039 ceteris
364 973 484 1037 artibus
511 991 572 1037 non
601 971 644 1037 fit
700 974 750 1039 25.
778 975 894 1038 Inscite
921 981 1027 1039 autern
1059 975 1231 1041 medicinae
1262 981 1296 1039 et

220 1075 453 1155 gubernationis
482 1074 622 1139 ndtimum
651 1093 720 1139 cnm
747 1074 854 1139 ultimo
887 1075 1059 1155 sapientiae
1085 1078 1334 1157 comparaturi>

220 1177 381 1258 Sapientia
403 1176 485 1242 enim
506 1185 539 1241 et
560 1176 656 1240 animi
677 1177 918 1258 magnitudinem
947 1177 1161 1258 complectitur
1187 1185 1218 1242 et
1247 1176 1295 1241 iu-

294 1387 313 1430 1,
333 1380 421 1447 [rectae
433 1382 497 1444 sota
516 1377 550 1446 A]
571 1389 648 1429 autem
666 1395 715 1431 om.
735 1379 756 1431 0
815 1385 837 1428 2.
858 1378 1041 1446 [catonlomata
1058 1378 1094 1447 Α]
1150 1386 1172 1432 5.
1191 1378 1295 1429 abimum

221 1465 270 1499 om.
289 1450 313 1499 lt
349 1454 371 1497 6,
394 1447 460 1515 [sapi
475 1448 535 1497 enim
554 1448 589 1513 A}

220 1639 367 1714 scriptura
389 1647 510 1713 propter
532 1657 660 1697 errorem
683 1639 713 1695 in
736 1638 909 1714 pronomine
931 1641 994 1707 illis,
1017 1639 1097 1713 qnod
1119 1649 1223 1696 nentm
1245 1659 1294 1715 ge·

220 1743 290 1781 nere
313 1735 465 1799 acceptum
488 1735 544 1782 est.
579 1724 673 1798 Atqui
690 1733 751 1781 tum
770 1724 890 1781 omnino
909 1742 966 1781 non
983 1723 1131 1782 contrarie
1147 1735 1296 1799 ponuntur

221 1810 328 1866 artium
352 1820 381 1865 et
403 1809 565 1882 sapientiae
587 1820 667 1865 reete
688 1808 782 1879 lecta,
805 1827 859 1865 neo
881 1820 943 1866 turn
966 1809 1088 1866 verbnm
1110 1818 1240 1867 coaetant.
1263 1819 1295 1865 ut

221 1895 326 1957 debet..
341 1894 376 1949 ad
395 1906 473 1951 artes
491 1894 558 1950 illas
574 1892 679 1950 referri
696 1903 802 1969 potest.
837 1895 873 1952 In
896 1894 1053 1951 saltatione
1071 1905 1167 1951 motus
1188 1893 1296 1967 aliquis

221 1991 251 2037 et
272 1990 372 2055 gestus
400 1998 453 2054 per
475 1998 506 2035 se
528 1978 681 2036 absolutus
708 1989 752 2036 est
780 1997 835 2035 nec
862 1979 1021 2054 quidquam
1049 1987 1134 2036 extre
1161 1979 1295 2052 requirit,

221 2065 273 2122 sed
295 2075 393 2120 tannen
416 2064 446 2119 in
470 2064 524 2120 hoc
548 2083 606 2119 uno
629 2075 711 2122 motu
733 2075 855 2140 gestuve
877 2083 934 2120 non
953 2074 1016 2122 tota
1032 2082 1081 2122 ars
1097 2064 1185 2122 simul
1202 2064 1295 2132 adest,

221 2160 377 2224 potestque
399 2149 424 2205 is
447 2147 570 2213 artifex,
598 2149 649 2222 qui
672 2149 750 2205 huno
771 2159 850 2206 reete
872 2147 984 2220 effecit,
1007 2150 1037 2206 in
1060 2148 1120 2206 alio
1143 2159 1222 2206 motu
1245 2169 1314 2225 ge,

221 2246 306 2291 stuve
329 2233 508 2307 delinquere.
549 2232 635 2305 Quod
658 2234 688 2290 in
711 2234 773 2290 vita
794 2244 874 2290 recte
895 2232 1005 2291 fectum
1028 2244 1082 2305 est,
1104 2234 1134 2291 in
1157 2253 1192 2291 eo
1215 2233 1294 2293 Stoi·

221 2338 321 2376 corum
345 2319 499 2387 sententie,
522 2318 547 2374 si
570 2319 656 2375 modo
678 2329 756 2375 recte
774 2318 885 2375 factum
902 2329 956 2390 est,
979 2319 1064 2377 adest
1079 2318 1168 2394 plena
1182 2330 1212 2376 et
1228 2337 1295 2394 per·

221 2403 299 2461 fecta
321 2403 445 2460 rationis
467 2414 496 2459 et
513 2403 674 2460 voluntatis
696 2403 853 2472 absolutio,
876 2413 918 2473 ut,
942 2404 992 2478 qui
1014 2404 1070 2461 boc
1086 2414 1165 2461 recte
1181 2402 1295 2474 fecerit,

222 2500 319 2545 cetera
336 2506 453 2562 quoque
470 2487 569 2544 outnia
585 2499 664 2545 recte
680 2491 812 2545 lecturus
830 2488 882 2558 sit3
901 2507 969 2545 nem
987 2508 1073 2546 omne
1089 2497 1170 2546 recte
1186 2488 1298 2546 lectum

220 2592 323 2647 reapse
341 2572 417 2628 idem
436 2583 480 2628 est
498 2572 577 2646 (ideo
589 2573 677 2629 etiam
690 2576 765 2648 par).
783 2573 907 2630 materia
923 2584 1046 2646 tentum,
1064 2575 1095 2631 in
1111 2593 1171 2648 qua
1187 2575 1294 2649 egitur

220 2658 494 2731 venerandaque
517 2657 568 2732 qui
589 2678 676 2714 unam
700 2659 839 2715 uirtutem
863 2659 966 2729 habet,
988 2678 1091 2718 omnes
1112 2659 1201 2717 habet
1224 2659 1295 2732 (vid

219 2743 424 2800 'rennemanni
452 2742 530 2799 Hist.
559 2743 962 2819 Philos.1vp.9teat.).
991 2763 1045 2803 nec
1072 2745 1167 2843 solqm
1197 2745 1294 2811 babet

220 2828 302 2920 qed
294 2847 324 2884 nn
347 2829 453 2925 quovis
475 2838 554 2884 reete
575 2826 655 2922 laqto
677 2829 813 2886 omnibus
830 2828 938 2885 utitur:
958 2819 1084 2886 Οκατά
1099 2847 1171 2903 μιαν
1188 2818 1295 2903 ἀρετὴν
1395 2864 1398 2868 ⁴

221 2902 320 2968 ὁτιοῦν
342 2905 463 2986 ἐνεργῶν
484 2902 562 2967 κατὰ
582 2901 686 2977 παίσας
708 2906 819 2988 ἐνεργεῖ
837 2913 928 2987 (Plut.
953 2914 990 2970 de
1013 2915 1103 2971 Staio.
1126 2913 1261 2988 Repugn.
1276 2914 1293 2969 7

221 2997 355 3071 p.1034
379 2997 462 3054 Stob
487 2997 548 3052 Ecl.
572 2997 640 3054 Eeb.
665 3016 692 3070 p.
714 2999 772 3053 112
797 3011 826 3055 et
852 2999 932 3072 116).
950 2986 1178 3094 ἨΚατόρθωμα
1202 2997 1295 3055 Stoici

221 3082 339 3155 quidam
374 3081 551 3137 definiebant
589 3079 723 3155 καθῆκον
755 3101 872 3147 naman
904 3074 1006 3157 ἐπέχον
1038 3072 1109 3146 τοὺς
1142 3070 1295 3156 ἀριθμούς

221 3168 317 3238 (Stob.
341 3166 404 3224 Ecl.
429 3166 497 3223 Eth.
521 3186 549 3241 p
570 3167 650 3238 184)
696 3167 762 3223 Hoc
789 3186 905 3241 quoque
928 3166 1033 3226 Cicero
1056 3166 1203 3240 exprimit.
1247 3167 1294 3239 (In

221 3252 311 3308 verbo
334 3253 455 3308 ἀίεααναε
477 3251 566 3327 poulo
588 3251 762 3308 insolentior
783 3250 925 3308 accidit'
915 3271 946 3309 in
974 3251 1100 3308 relative
1126 3250 1296 3309 definitione

221 3337 425 3393 coniunctivae
447 3337 634 3408 hortativus.)

308 3423 358 3479 25.
388 3423 486 3478 hiscite
507 3432 595 3478 natan
623 3454 654 3464 -
681 3420 867 3497 comparatur)
890 3421 1014 3490 Melius,
1042 3421 1162 3496 opinor,
1190 3420 1296 3480 Cicero

221 3505 293 3562 baec
316 3507 407 3562 verba
429 3506 585 3563 omisisset.
618 3506 696 3564 Nam
719 3524 795 3580 quae
813 3517 984 3580 sequuntur,
1008 3524 1066 3564 non
1085 3515 1145 3564 tam
1168 3506 1206 3563 ed
1227 3505 1296 3562 ulti·

222 3610 300 3648 mum
323 3591 412 3661 illud,
441 3591 519 3665 quod
546 3591 576 3647 in
599 3592 812 3666 gubernatione
835 3602 865 3648 et
892 3591 1038 3648 medicina
1066 3601 1151 3647 extra
1178 3602 1236 3660 est,
1264 3591 1295 3648 in

222 3675 368 3750 sapientia
390 3677 455 3750 ipss
476 3677 562 3744 inest,
586 3694 672 3750 quem
696 3677 733 3732 ad
755 3677 885 3734 omnium
903 3677 1045 3733 virtutum
1064 3676 1207 3733 unitatem
1229 3694 1297 3751 per·

221 3761 331 3830 tinent;
354 3761 454 3834 itaque
476 3779 542 3817 curn
565 3761 610 3830 iis,
633 3780 709 3834 quae
731 3774 799 3818 ante
816 3763 889 3818 haec
906 3762 997 3818 verba
1014 3760 1110 3835 posits
1126 3772 1204 3829 sunt,
1226 3779 1295 3817 con·

221 3845 405 3903 iunctissima
422 3856 499 3916 sunt,
523 3847 765 3919 incommodeque
782 3847 850 3903 inde
868 3847 914 3903 his
930 3845 1091 3903 interiectis
1108 3845 1297 3902 divelluntur.

221 3930 286 3988 Nec
314 3933 352 3987 ab
381 3931 434 3987 hac
457 3944 540 4006 parte
564 3931 709 4005 sapientia
733 3931 824 4007 magis
848 3931 1009 3988 medicinae
1039 3940 1069 3987 et
1090 3930 1296 4006 gubernationi

223 4015 374 4073 dissimilis
397 4027 442 4073 est
464 4034 561 4090 quam,
585 4025 617 4072 nt
640 4016 703 4090 ipse
725 4016 776 4083 ait,
799 4023 895 4073 ceteris
916 4017 1030 4074 urtt'dne.

308 4102 448 4176 Sapientia
464 4105 531 4157 enim
549 4102 619 4171 cet.)
638 4101 682 4158 Eo
701 4101 797 4170 modo,
821 4119 879 4175 qno
896 4101 934 4157 ad
946 4101 971 4171 1,
984 4102 1025 4156 42
1037 4099 1110 4170 dixi,
1133 4099 1296 4175 sapientiae

222 4187 340 4243 nomine
357 4187 444 4243 simul
462 4187 643 4261 significetur
660 4185 754 4260 prima
771 4186 889 4242 virtutis
906 4185 1029 4261 species,
1052 4184 1222 4261 prudentia;
1245 4203 1297 4242 ex·

223 4281 321 4345 peotes
344 4272 443 4347 igitur,
466 4283 498 4327 ut
521 4270 547 4327 ei
566 4282 627 4328 tres
643 4271 774 4344 reliquae
791 4265 970 4341 adiciantur3
993 4271 1182 4328 nominentur
1198 4279 1296 4327 tannen

223 4356 298 4413 dnae
321 4367 449 4426 tantnm;
478 4357 567 4413 tertia
595 4356 721 4431 primum
745 4355 899 4432 aspicienti
927 4375 981 4431 per
1006 4354 1296 4413 circumlocutionem

1059 4476 1091 4519 25
