3030 5086
226 448 287 513 186
614 466 659 511 on
681 466 812 517 mamus
835 465 906 512 uox.

223 634 256 698 Is
277 633 355 698 haec
376 633 522 715 loquitur,
545 633 608 714 qui,
629 634 661 697 in
683 635 843 715 voluptate
865 632 941 699 nihil
958 652 1094 716 ponens,
1117 642 1211 715 neget
1227 650 1298 698 eum

296 842 315 884 l.
334 837 371 885 lic
389 836 433 885 El.
469 837 512 901 qui
527 851 575 888 om.
595 836 616 887 C
651 835 748 901 voinpto
766 838 787 885 13

223 1009 390 1069 librarium.
419 1026 484 1065 cum
512 1028 526 1066 s
554 1008 667 1081 littera,
696 1028 771 1084 quae
799 1009 869 1066 alibi
899 1009 986 1066 scribi
1010 1010 1100 1080 solet,
1129 1008 1218 1066 etiem
1248 1008 1300 1067 ubi

223 1113 295 1152 voce
318 1095 505 1163 obscuratur,
534 1094 643 1151 omissa
665 1104 757 1165 esset,
787 1095 948 1151 ablativum
971 1106 1091 1170 putasse
1122 1106 1149 1151 et
1178 1095 1216 1151 ad
1246 1112 1301 1169 quo

222 1179 467 1237 accommodasse.
514 1177 666 1237 Clamores
689 1180 732 1237 illi
755 1180 947 1255 approbantis
975 1188 1004 1236 et
1032 1179 1181 1237 laudantis
1203 1188 1299 1237 erent.

304 1263 424 1338 pannias)
447 1264 514 1320 Hoc
536 1264 662 1338 primum
685 1283 703 1321 a
726 1265 870 1322 Lambino
892 1274 922 1322 et
944 1283 961 1321 a
984 1264 1115 1324 Grutero
1138 1283 1174 1321 ex
1199 1264 1296 1321 Pell

223 1352 333 1407 editum
357 1368 375 1405 a
394 1349 490 1418 „binis
508 1350 568 1407 suis
585 1349 663 1407 illis“
688 1350 797 1407 firrnnri
816 1349 909 1409 Gzius
932 1350 983 1411 uit,
1006 1369 1065 1407 non
1082 1360 1161 1407 recte
1179 1349 1215 1407 de
1233 1349 1298 1409 Erl.

223 1434 321 1494 Ceteri
342 1435 427 1503 Pell,
451 1436 539 1503 Dav„
564 1433 652 1506 Oxx„
677 1434 784 1493 Gziani
805 1456 910 1509 pamas.
955 1431 995 1515 [B
1015 1431 1146 1515 periuros}
1183 1434 1301 1493 Gentius

223 1520 373 1595 appellant
406 1520 526 1596 gulosos
560 1520 695 1576 lurcones
728 1520 894 1595 Appuleius
928 1520 1017 1595 Apol.
1047 1538 1071 1576 c.
1095 1521 1145 1591 57,
1179 1539 1209 1596 p.
1236 1520 1298 1577 561

223 1605 369 1675 Hildebu,
398 1614 426 1661 et
449 1606 555 1662 Festus
578 1606 618 1677 (n.
640 1607 797 1679 inclames),
821 1623 875 1662 nec
897 1605 1045 1663 diversum
1069 1605 1186 1662 videtur
1210 1607 1302 1679 peruia

223 1710 260 1746 cx
289 1690 404 1746 Lucilio
432 1690 509 1764 apud
538 1690 666 1747 Nonium
695 1710 724 1766 p.
746 1692 813 1747 117.
864 1692 909 1748 Do
938 1690 1051 1765 origine
1079 1690 1175 1759 vocis,
1209 1708 1300 1764 qnam

222 1775 328 1833 Festus
351 1794 369 1831 n
388 1777 454 1847 qula
478 1775 566 1835 ducit,
589 1794 648 1832 non
670 1776 833 1851 probabilis
855 1786 899 1832 est
922 1775 1065 1852 Scaligeri
1088 1775 1188 1851 opinio
1205 1774 1299 1849 (Cou-

223 1860 289 1916 iecl.
312 1859 342 1915 in
366 1860 453 1918 Vurr.
479 1879 506 1934 p.
523 1861 594 1934 151)
617 1879 635 1916 u
657 1860 774 1917 Graeco
797 1849 889 1936 γόμος
911 1861 1082 1918 derivantis

308 1946 455 2001 Praeclare
476 1946 603 2020 Laelius)
631 1946 708 2002 Mire
737 1946 834 2003 nescio
858 1946 924 2019 quis
947 1946 1056 2004 editor.
1085 1946 1157 2002 haec
1179 1962 1300 2020 quoquc

223 2028 331 2086 Lucilii
353 2048 417 2085 esse
435 2038 555 2104 putans.
584 2030 626 2086 sic
648 2031 677 2086 in
702 2050 817 2087 versum
841 2031 951 2105 coegit:
982 2032 1089 2087 Loclin’
1107 2032 1253 2106 praeclare
1274 2040 1301 2088 et

222 2125 291 2172 recte
312 2115 425 2190 sophos,
453 2117 574 2189 illudque
596 2114 615 2187 (i
639 2116 719 2172 solus
743 2116 903 2173 Lambinus
924 2118 1032 2190 illeque)
1056 2136 1128 2185 nere,
1151 2134 1301 2191 propagu-

221 2210 342 2273 tumque
364 2199 394 2256 id
417 2209 461 2256 est
484 2202 611 2272 (tacente
629 2200 781 2273 Grutero),
805 2201 897 2258 donec
915 2210 1076 2277 praeeunte
1092 2201 1148 2258 Th.
1161 2200 1302 2259 Bentloio

222 2285 364 2343 Davisius
386 2285 423 2341 ad
446 2285 529 2341 codd.
552 2286 652 2355 (etiam
677 2286 765 2359 Mor.)
787 2286 883 2342 rediit.
929 2286 987 2345 Sed
1011 2286 1098 2342 etiam
1123 2286 1201 2361 Spin.
1229 2286 1303 2343 illud

222 2391 297 2437 vero,
327 2370 478 2438 rnendose;
508 2380 618 2427 rectum
647 2380 739 2427 esset:
766 2372 835 2428 illud
861 2391 921 2428 vero
949 2375 1045 2447 optineo
1072 2380 1122 2428 aut
1150 2371 1299 2429 similiter.

222 2452 262 2535 [Β
285 2457 354 2512 illud
375 2450 458 2533 vera]
502 2456 619 2512 Excidit
643 2476 695 2531 que
717 2466 747 2511 ut
773 2458 808 2512 21
836 2468 900 2530 post
924 2476 995 2513 sorte.

310 2542 334 2597 Ο
361 2540 456 2595 Paeti.
490 2559 504 2595 o
530 2560 641 2613 parpes.
673 2541 795 2607 Galloni)
826 2542 872 2598 Dc
900 2542 934 2598 P.
958 2540 1112 2601 Gallonio.
1140 2558 1300 2616 praecone,

221 2625 375 2681 luxurioso
397 2624 525 2683 homine,
548 2627 597 2698 qui
621 2626 732 2698 primus
755 2626 953 2701 acipenserem
977 2628 1088 2684 Rornae
1112 2625 1140 2683 iu
1164 2644 1298 2683 mensum
1399 2690 1404 2701 ι

221 2710 334 2767 intulit.
365 2709 465 2765 onmia
492 2710 672 2785 collegerunt
701 2712 827 2786 interpp.
852 2712 889 2767 ad
914 2713 1016 2768 llorat.
1041 2710 1103 2770 Sat.
1126 2711 1172 2780 ll,
1197 2711 1231 2782 2,
1255 2711 1298 2768 47

221 2805 249 2851 et
273 2796 375 2851 Dones
397 2794 434 2850 ed
457 2795 551 2851 Lucil.
576 2796 691 2871 Fragm.
717 2816 744 2871 p.
764 2798 824 2853 284
849 2797 989 2865 Haverc.;
1014 2815 1067 2853 nec
1089 2796 1125 2853 de
1148 2796 1214 2871 ipso
1236 2795 1299 2853 aci·

221 2898 359 2957 pensem,
400 2878 503 2937 incerti
537 2881 653 2955 generis
687 2881 780 2956 pisce.
815 2883 864 2956 qni
900 2882 1076 2956 antiquiore·
1099 2892 1232 2956 tempore
1266 2879 1299 2937 in

220 2966 331 3022 honore
353 2973 425 3021 erut.
449 2975 551 3040 postea
574 2966 721 3035 sordebat,
745 2975 810 3041 post
834 2967 900 3023 illos
923 2978 952 3023 et
970 2966 1173 3039 Forcellinunn
1189 2966 1299 3037 habeo,

221 3051 298 3125 qnod
322 3051 437 3106 addam.

305 3155 364 3193 curn
392 3134 541 3209 dmirnmm)
564 3135 638 3193 Cum
668 3136 757 3193 tacite
780 3136 916 3193 Bromius
939 3145 1064 3193 errasset
1088 3136 1190 3208 (edens
1212 3154 1298 3211 quum

220 3224 307 3278 omma
329 3253 371 3262 -
393 3238 452 3276 cnm
475 3221 641 3294 tlecrnnono),
665 3232 781 3278 secutus
804 3231 849 3277 est
872 3221 1016 3289 Orellius3
1039 3221 1124 3295 quasi
1142 3224 1168 3277 in
1186 3220 1297 3295 squilla

220 3317 247 3363 et
272 3327 330 3363 cum
353 3305 523 3381 acipensere
540 3305 668 3376 (urinum,
692 3307 720 3363 ni
744 3326 779 3363 co
799 3325 857 3363 nna
874 3308 1009 3379 cenante)
1027 3307 1125 3363 omnia
1137 3305 1297 3365 Gallonius

220 3390 444 3466 consumpserit.
488 3391 697 3466 Repetendane
725 3410 790 3448 curn
820 3391 1024 3449 coniunctione
1052 3392 1141 3447 etiem
1170 3410 1297 3467 praepo·

219 3477 287 3535 sitio
310 3476 399 3533 fucrit
421 3485 541 3551 propter
563 3477 713 3533 notionum
737 3478 962 3552 separationem,
986 3487 1016 3534 ut
1044 3477 1145 3536 Laurb.
1169 3487 1198 3533 et
1217 3476 1296 3533 Dar.

218 3569 362 3638 putarunt
379 3563 450 3631 (ru-nr
472 3564 498 3617 in
521 3563 601 3634 dee),
624 3562 726 3635 quaeri
750 3572 854 3637 potest.
888 3562 963 3620 Mihi
987 3562 1016 3618 iu
1034 3580 1122 3618 versu
1145 3560 1221 3618 etin
1239 3561 1297 3619 hac

220 3646 352 3710 licentia,
381 3664 445 3702 eum
475 3636 633 3720 praecedat
660 3650 825 3723 (remensem,
855 3647 1052 3704 necessarium
1081 3666 1139 3703 non
1167 3645 1295 3703 ridetur.

220 3733 266 3789 De
289 3733 425 3789 decinmao
448 3727 539 3809 [qnod
563 3750 599 3788 cx
622 3733 650 3788 Α
675 3733 802 3806 positum
826 3743 870 3789 est
892 3752 945 3807 pro
969 3728 1127 3811 clecunmno]
1152 3732 1210 3788 rid.
1232 3731 1294 3792 lex.

220 3817 378 3875 llideamus
401 3815 568 3889 aliqnando.
602 3816 816 3874 Billorbeckins
839 3819 913 3874 hanc
936 3818 1054 3893 scripsit
1076 3828 1190 3874 notam:
1216 3836 1294 3886 „cum

218 3905 364 3960 ‹lecurrmno
381 3900 411 3956 in
426 3901 619 3976 Vcrbinduug
642 3903 693 3958 mit
716 3907 848 3960 corrsrora's
864 3907 965 3959 onorio:
990 3904 1028 3960 du
1046 3903 1194 3959 verzehrst
1207 3901 1296 3959 Alles

218 3997 324 4047 samrnt
346 3987 459 4044 deineur
484 3987 788 4045 Zehntlcldeda1·in.“
830 3986 938 4068 [Panlo
961 3999 1027 4063 post
1051 4008 1100 4043 nnn
1125 3999 1193 4044 ante
1216 3996 1298 4060 nepai

218 4073 328 4130 omittit
350 4073 438 4129 etiam
462 4072 497 4131 Β.
550 4073 655 4147 Itaque
678 4073 707 4129 in
731 4074 925 4131 deterioribus
948 4084 1028 4131 recta
1051 4073 1219 4130 coniectura
1242 4070 1311 4141 adn

218 4160 310 4216 ditum
335 4153 476 4236 videtur]

303 4246 427 4313 secernit)
455 4239 606 4321 [Baiterns
640 4262 676 4299 cx
707 4245 732 4300 A
764 4254 791 4299 et
821 4244 845 4300 B
875 4248 992 4301 secreuit.
1043 4243 1080 4300 Et
1111 4253 1208 4300 tamon
1239 4260 1295 4299 nec

216 4339 283 4404 post
307 4330 437 4402 loquitar.
466 4339 544 4399 nepot
570 4328 641 4385 ferri
664 4328 824 4403 perfectum
850 4339 945 4402 potest
974 4346 1028 4385 noc
1052 4347 1157 4404 perse
1180 4338 1294 4385 rectum
1374 4386 1384 4401 ‚

217 4423 276 4481 est,
311 4413 395 4487 quasi
430 4411 609 4488 significetur
643 4432 689 4470 res
722 4433 738 4469 a
767 4414 869 4470 Laelio
904 4415 993 4471 semel
1022 4413 1183 4489 aliquando
1216 4412 1293 4471 indi·
