3030 5086
498 476 541 522 nr
565 475 645 522 nnn.
669 475 731 521 trs.
754 477 776 521 v
798 474 870 521 cte.
893 478 918 522 ιι
945 476 1009 536 (ιιι
1224 456 1287 521 665

217 647 341 728 quando
363 652 507 710 naturam
529 643 663 710 hominis
685 644 800 722 dicam,
821 643 977 709 hominem
998 643 1101 709 dicere
1121 661 1185 721 me;
1212 642 1288 706 nihil

218 749 298 815 enim
316 749 374 812 hoc
391 746 504 812 difl'ert.
548 746 629 811 Nem
646 746 734 827 prius
756 765 776 811 a
798 764 833 811 se
849 745 966 826 poterit
981 745 1113 826 quisque
1130 745 1289 810 discedere

217 869 310 932 quam
327 848 501 930 appetitum
520 867 628 913 earum
645 867 759 926 rerum,
775 847 927 928 quaesibi
939 849 1120 925 conducant,
1137 847 1287 912 amittere.

217 953 289 1016 Iure
312 951 405 1030 igitur
427 951 603 1029 gravissimi
621 949 798 1032 philosophi
819 949 940 1014 initium
962 950 1074 1015 sruumi
1096 949 1169 1014 boni
1190 968 1210 1014 a
1231 967 1287 1013 na·

217 1064 290 1117 tura
307 1052 486 1134 petiverunt
502 1063 533 1117 et
550 1053 634 1116 illum
652 1052 825 1133 appetitum
842 1070 946 1116 rerum
957 1052 1000 1115 ad
1012 1059 1156 1116 naturam
1168 1069 1288 1116 accom·
1307 1053 1327 1117 5

217 1156 412 1219 modatarum
432 1155 645 1236 ingeneratum
663 1160 852 1234 putaverunt
868 1152 1019 1231 omnibus
1041 1153 1112 1234 quin
1130 1152 1288 1218 continen-

218 1266 270 1322 tur
292 1257 619 1336 <recommendatione
641 1262 782 1334 naturae,
805 1273 867 1336 qua
889 1273 923 1319 se
945 1255 1004 1336 ipsi
1027 1255 1167 1336 diligunt

290 1432 310 1476 l.
330 1427 388 1490 qnid
405 1428 461 1491 (pro
484 1424 590 1489 ᾳιιαιιᾰο)
608 1426 630 1473 E
653 1426 762 1490 qnamP
800 1426 912 1475 hommem
935 1426 992 1490 (pro
1013 1422 1162 1477 tonanti>
1206 1430 1228 1474 2.
1247 1423 1290 1473 loc

219 1512 267 1547 om.
286 1495 330 1544 Or.
372 1494 458 1559 poterit
480 1511 497 1543 a
518 1511 544 1542 ee
562 1493 627 1560 (PJC
688 1501 712 1545 ³.
735 1494 915 1544 commoliereL
976 1500 998 1547 5.
1021 1493 1056 1543 ad
1071 1502 1183 1544 nuaram
1200 1491 1290 1543 om.P

219 1563 426 1688 pmnlpgppaopcll
485 1568 505 1611 6,
527 1563 597 1611 ettam
615 1563 812 1628 inponeratnmL
859 1562 1032 1627 putauert'tss]
1085 1563 1128 1626 qni
1148 1562 1204 1627 (pro
1222 1561 1290 1626 queis)

219 1791 304 1848 seriis
327 1789 496 1865 permittere
519 1788 643 1851 videtur,
667 1789 822 1863 adipsum
845 1788 1001 1853 hominem,
1024 1788 1060 1844 de
1083 1806 1141 1863 quo
1165 1787 1291 1845 maxime

219 1875 330 1951 agitur,
364 1874 525 1931 orationem
554 1873 749 1943 transferens,
782 1882 815 1930 ut
848 1874 877 1930 in
911 1892 946 1930 eo
979 1891 1095 1948 quoque
1128 1873 1291 1930 communis

219 1962 368 2018 cuiusdam
393 1970 523 2016 naturae.
547 1976 622 2032 quae
643 1960 738 2034 ipsum
762 1976 878 2033 quoque
898 1959 1119 2035 complectatur,
1142 1958 1291 2015 notionem

219 2048 364 2105 omittant.
397 2043 491 2118 Atqui
514 2043 539 2100 si
562 2044 616 2101 hoc
639 2043 817 2111 conceditur,
839 2044 899 2102 ruit
921 2044 1015 2101 omnis
1038 2044 1212 2119 disputeti03
1235 2042 1292 2100 nisi

220 2133 297 2190 euim
320 2130 439 2205 aliquod
462 2138 506 2186 est
528 2130 690 2187 communis
713 2140 835 2187 naturee
859 2130 888 2186 in
911 2130 999 2187 rebus
1021 2129 1175 2206 gignendis
1198 2129 1292 2187 eonsi-

219 2219 301 2284 lium,
324 2234 408 2292 quae,
432 2233 489 2288 quo
511 2214 644 2290 singulae
666 2216 720 2272 niti
738 2215 873 2285 debeant,
896 2215 1065 2283 constituat,
1088 2214 1162 2272 nihil
1178 2224 1223 2272 est
1239 2214 1292 2271 ulli

219 2303 262 2360 rei
284 2301 467 2378 propositum
490 2318 543 2356 nec
566 2301 734 2375 quidquam,
758 2319 816 2375 quo
838 2301 928 2358 ullius
949 2301 993 2357 rei
1015 2300 1134 2358 habitus
1156 2299 1292 2357 aestime-

220 2398 283 2456 tur,
307 2385 492 2460 maximeque
516 2385 629 2443 tollitur
651 2406 736 2443 omne
759 2386 877 2443 virtutis
899 2386 1015 2443 initium
1038 2375 1218 2460 rationisque
1240 2384 1292 2442 illa

220 2473 375 2541 absolutio.
398 2470 472 2527 nihil
495 2472 627 2535 visurae,
650 2473 728 2546 quod
751 2472 788 2528 ad
811 2491 842 2529 se
864 2472 1018 2547 pertineat.
1062 2471 1210 2528 Nimirum
1233 2488 1290 2526 non

218 2559 287 2616 licet
309 2557 476 2614 huiusmodi
498 2558 700 2630 quaestiones,
723 2558 819 2632 qualis
841 2569 886 2615 est
907 2557 980 2614 haec
1002 2557 1038 2614 de
1060 2557 1117 2613 fine
1140 2557 1292 2618 bonorum.

218 2645 259 2702 sie
282 2654 417 2700 tractare.
440 2651 473 2699 ut
495 2643 531 2698 de
553 2643 674 2717 reliquis
697 2643 901 2718 philosophiae
923 2643 1006 2713 locis,
1029 2644 1078 2717 qui
1101 2642 1294 2700 fundamenta

219 2729 396 2795 contineant,
420 2727 494 2783 nihil
517 2729 588 2784 certi
611 2738 766 2785 statuatur.

306 2815 353 2869 loc
375 2811 479 2886 differt)
502 2813 648 2869 hominem
672 2814 778 2882 dicere,
803 2813 840 2869 ab
863 2812 915 2869 illo
937 2813 1041 2875 altero.
1064 2811 1191 2868 hominis
1209 2824 1293 2867 natu-

220 2917 292 2956 ram.
338 2899 427 2954 Mers.
452 2909 481 2952 et
503 2895 596 2960 Crat..
619 2910 679 2955 tum
698 2898 792 2956 Gziue
815 2899 882 2956 Bas.
907 2908 935 2954 et
959 2897 1065 2955 Gud.l
1091 2906 1203 2954 testans
1226 2916 1292 2970 pro·

221 3001 327 3040 nonren
358 2982 534 3043 omiserunt.
563 3001 620 3038 non
650 2984 824 3040 necessario.
875 2984 951 3040 Tum
976 2986 1075 3057 poterit
1101 3002 1119 3038 a
1145 3001 1174 3038 se
1203 2983 1292 3051 Mam,

220 3069 333 3129 Lamo..
357 3066 444 3125 Grut.
467 3086 504 3124 ex
528 3068 573 3125 ed.
599 3069 707 3141 prima;
736 3068 857 3125 invertit
879 3068 955 3125 Dav.
979 3068 1081 3137 tacite,
1105 3076 1165 3124 tum
1190 3066 1293 3136 Gzius,

134 3175 138 3183 ·
221 3172 322 3210 omnes
345 3172 414 3209 suos
436 3152 519 3209 codd.
543 3151 598 3231 [B]
621 3172 756 3228 sequens.

306 3239 434 3307 erunibus,
458 3242 523 3312 quia
545 3240 723 3311 continentur)
747 3239 793 3296 Ex
815 3257 865 3306 eo,
889 3238 967 3313 quod
990 3237 1057 3294 inde
1079 3238 1117 3292 ab
1140 3237 1224 3294 initio
1246 3256 1293 3294 ca·

221 3325 290 3400 pitis
313 3324 418 3380 decimi
441 3323 616 3399 disputavit.
646 3344 731 3381 omne
754 3324 862 3381 animal
886 3344 917 3381 se
940 3324 1034 3398 ipsum
1059 3323 1196 3399 diligere,
1225 3341 1293 3379 con·

220 3409 330 3466 lirnruri
347 3409 427 3470 dicit,
452 3411 528 3483 quod
546 3411 642 3485 capite
661 3429 737 3468 nouo
755 3421 940 3486 exposuerat,
963 3427 1144 3467 communem
1163 3409 1293 3465 omnium

221 3496 305 3551 finem
331 3513 394 3550 esse
417 3496 575 3552 secundum
600 3507 732 3553 naturam
757 3497 856 3554 vivere
887 3507 915 3552 et
942 3513 1008 3551 cum
1036 3494 1169 3570 appetitu
1196 3512 1292 3551 rerum

220 3580 257 3637 ad
279 3591 413 3636 naturam
437 3582 720 3638 accommodatarum
745 3582 941 3639 coniunctum.
976 3581 1111 3655 Ineptum
1129 3597 1193 3636 esse
1212 3579 1293 3636 illam

220 3666 305 3740 qussi
327 3666 442 3741 generis
464 3667 769 3741 comprehensionem.
798 3685 874 3742 quae
902 3679 947 3723 est
974 3666 1003 3722 in
1027 3665 1158 3723 codicum
1182 3674 1212 3721 et
1233 3665 1293 3721 edi·

220 3752 331 3808 tionum
356 3751 484 3807 omniurn
508 3752 654 3827 scriptura
676 3753 816 3824 (orionibus.
839 3755 912 3827 qut).
936 3750 1077 3808 Davisius
1099 3749 1204 3819 sensit,
1228 3768 1294 3807 cum

220 3837 317 3893 nullos
339 3855 412 3895 esse.
436 3837 486 3909 qui
509 3856 566 3893 non
584 3856 615 3894 se
633 3837 767 3913 diligant.
790 3838 861 3895 Piso
883 3837 1058 3903 ostenderit3
1082 3849 1111 3893 et
1128 3835 1294 3893 necessario

220 3922 249 3979 in
273 3922 325 3978 illa
347 3922 493 3979 sententia
515 3923 604 3980 scribi
622 3923 737 3980 debuit:
760 3928 809 3997 qni
825 3927 1016 3981 contineantur.
1051 3918 1204 4001 [Fortasse
1220 3920 1293 3979 illud

221 4026 337 4082 quoque
366 4027 431 4063 eum
463 4018 592 4065 moverat
621 4010 698 4082 (neto
729 4010 792 4066 eine
814 4008 1012 4084 explicatione
1034 4007 1157 4064 rationis
1179 4006 1295 4064 coniec-

220 4103 315 4149 turum
344 4093 470 4167 posuit),
499 4094 576 4168 quod
605 4093 827 4153 Schoemannus
854 4104 956 4170 aperte
984 4103 1014 4150 et
1040 4101 1119 4150 recte
1147 4091 1294 4167 exposuit,

220 4177 330 4253 Opusc.
343 4179 438 4236 Acad.
453 4179 501 4237 III
514 4199 540 4255 p.
554 4179 625 4243 399,
649 4198 705 4236 non
730 4199 816 4255 posse
838 4180 972 4236 homines
989 4179 1046 4235 dici
1064 4180 1191 4235 contineri
1201 4179 1295 4252 prima

220 4267 442 4320 comrnemlurt'one
465 4275 590 4320 troezenae.
619 4266 669 4321 sed
698 4285 733 4321 ea
761 4275 888 4323 tantum.
918 4283 993 4339 qnae
1016 4263 1256 4320 commendentur
1276 4281 1295 4318 a

220 4363 326 4406 nature
349 4350 431 4405 etin
455 4351 706 4408 commendatione
729 4345 845 4430 insint]
891 4351 995 4424 ltaque
1017 4348 1202 4406 scribendum
1225 4366 1295 4406 eou-

221 4435 303 4492 iecit:
326 4439 390 4510 qrn'n
412 4440 585 4504 continentur,
610 4438 716 4501 verbo,
739 4437 763 4494 si
787 4450 866 4493 recte
886 4437 992 4506 sensit,
1016 4434 1109 4492 relato
1131 4433 1169 4492 ad
1191 4453 1235 4491 res
1256 4434 1296 4491 ud
