3030 5086
219 461 284 527 446
611 480 657 525 nn
680 480 810 527 rmrnus
831 480 904 525 aon.

220 666 282 711 non
306 647 433 711 dubium
455 656 512 724 ost,
535 647 608 729 quin
630 646 733 725 iniis,
755 665 836 728 quae
857 647 960 711 media
976 647 1125 725 dicamus,
1149 646 1190 711 sit
1211 645 1297 711 aliud

201 748 420 826 sumendum,
448 748 532 813 aliud
555 748 761 826 reiciendum,
793 748 945 830 quidquid
967 748 1011 812 ita
1037 746 1073 811 fit
1099 756 1155 812 aut
1176 747 1298 826 dicitur,

219 867 311 914 omne
339 848 441 914 officio
463 849 648 914 continetur.
692 849 739 912 Ex
767 867 829 930 qno
857 849 1059 931 intellegitur,
1087 849 1235 929 quoniam
1264 867 1298 914 sa

219 950 279 1030 ipsi
297 969 405 1014 omnes
424 970 463 1015 na
465 958 538 1015 tura
554 950 692 1031 diligant
717 959 781 1014 tam
799 950 995 1032 insipientem
1013 968 1106 1031 quam
1124 950 1298 1031 sapientem

293 1144 312 1186 1.
332 1140 355 1185 r'o
373 1152 421 1188 om.
433 1138 457 1186 E
491 1135 706 1203 ru[n]1‚mc0r
730 1135 1028 1187 dmoaanLPMCROr.
1065 1140 1088 1185 2.
1111 1134 1156 1203 [od
1172 1134 1234 1185 allud
1250 1149 1296 1200 pra

219 1203 291 1254 aliud
305 1205 338 1271 A]
384 1209 407 1256 ³
427 1205 491 1254 omni
506 1220 593 1254 omnen
611 1221 725 1253 commum
722 1203 784 1254 '.Or
831 1210 864 1254 ⁴.
863 1204 937 1268 ipsos
958 1201 1123 1271 [amentes
1158 1201 1297 1269 dt'lr‘puntc

304 1358 378 1417 olane
400 1363 488 1434 officio
509 1358 669 1435 continetur)
685 1361 720 1417 In
744 1378 920 1434 unaquaque
944 1360 996 1416 tali
1019 1359 1135 1417 actione
1152 1359 1239 1416 adest
1256 1358 1297 1431 id,

218 1446 297 1520 quod
309 1447 477 1519 quaerimus
489 1453 518 1502 et
530 1464 594 1503 esse
603 1446 847 1513 demonstramus,
856 1443 994 1502 officium.
1018 1443 1111 1503 Codd.
1121 1444 1208 1502 etiam
1219 1453 1298 1501 eete-

216 1550 316 1588 rorum
334 1535 412 1598 moni,
434 1531 512 1605 quod
534 1539 629 1589 ortum
654 1548 718 1587 esse
741 1548 778 1586 ax
799 1530 985 1586 substantivo
1006 1529 1140 1603 sequenti
1162 1537 1298 1606 apparat.

218 1615 296 1689 (Pal.
311 1616 329 1672 2
347 1616 458 1674 omittit
476 1635 558 1684 omne,
582 1614 647 1672 Pal.
663 1616 746 1690 3pro
770 1633 805 1671 eo
828 1614 917 1672 habet
938 1617 973 1684 in,
997 1615 1072 1671 Mor.
1090 1616 1227 1688 mnrium.)
1260 1616 1297 1672 In

218 1720 320 1757 verum
343 1701 446 1758 incidit
464 1699 620 1759 Gruterus.
655 1698 753 1758 Ceteri
777 1709 874 1756 tamen
897 1699 1109 1774 praetulerunt,
1132 1699 1211 1774 qnod
1230 1698 1295 1756 Ma·

218 1786 317 1843 nutius
344 1787 456 1861 primns
485 1803 542 1842 non
571 1783 698 1841 feliciter
726 1783 831 1853 edidit,
861 1789 992 1841 communi
1012 1786 1107 1858 officio.
1152 1783 1296 1854 Primum,

217 1871 247 1929 in
271 1889 329 1945 quo
359 1888 460 1927 omnes
490 1869 578 1927 etiam
608 1869 749 1926 librorum
781 1870 817 1925 de
840 1868 945 1926 officiis
973 1877 1159 1927 enarratores
1186 1877 1295 1939 errant,

217 1975 351 2014 eonrmune
373 1957 489 2030 officium
510 1973 670 2028 numquam
696 1954 725 2010 in
749 1962 811 2011 arte
834 1973 887 2029 pro
910 1956 996 2012 medio
1017 1953 1129 2011 dictum
1152 1963 1198 2011 est
1220 1963 1295 2011 tam·

217 2060 304 2137 qnam
328 2041 479 2116 proprium
503 2058 618 2108 nomen,
641 2040 789 2114 quomodo
805 2039 853 2096 hic
871 2047 1037 2113 poneretur,
1061 2057 1156 2113 neque
1176 2037 1293 2097 Graeca

217 2116 313 2181 roardo
335 2122 469 2199 καθῆκον
496 2142 634 2197 umquam
662 2123 793 2180 anditum
822 2133 876 2180 est
921 2125 955 2181 In
984 2123 1060 2181 libro
1089 2124 1106 2182 1
1134 2124 1169 2181 de
1192 2121 1253 2183 off.
1276 2124 1295 2181 8

217 2210 247 2265 in
270 2209 415 2267 divisione
427 2208 532 2267 Cicero
554 2209 638 2284 ponit
660 2211 784 2279 medinm,
806 2227 864 2266 non
887 2228 1030 2277 commune,
1053 2208 1105 2266 sed
1127 2208 1207 2283 quod
1226 2219 1295 2267 anta

217 2294 349 2364 dixerat,
384 2294 551 2351 huiusmodi
585 2293 684 2351 officia
716 2293 754 2350 ad
782 2293 995 2351 institutionem
1023 2293 1103 2350 vitae
1131 2293 1295 2351 communis

217 2389 350 2454 spectare
379 2388 409 2435 et
435 2379 471 2434 de
499 2378 536 2435 iis
565 2396 596 2435 ae
618 2386 751 2435 acturum
775 2379 834 2451 (7),
865 2397 919 2453 pro
948 2378 1067 2454 propria
1094 2377 1294 2454 appellatione

217 2464 370 2521 substituit
403 2464 451 2520 lroc
478 2481 625 2532 commune,
659 2463 696 2519 ad
724 2463 878 2538 superiora
903 2462 956 2520 illa
982 2462 1164 2539 respiciena.'
1206 2461 1293 2536 Quod

217 2558 315 2606 autem
339 2549 394 2605 hoc
415 2547 481 2623 ipso
503 2548 568 2606 loco
590 2547 712 2618 dicitur,
740 2566 876 2605 commane
895 2550 1009 2622 aliquod
1030 2549 1147 2622 officium
1168 2566 1226 2605 ecee
1248 2566 1293 2605 aa·

215 2638 313 2709 pientia
345 2643 369 2690 el
396 2635 557 2707 incipientis,
591 2633 621 2689 id
654 2632 728 2689 nihil
762 2633 871 2689 habere
903 2633 1042 2709 propriae
1075 2631 1293 2708 appellationis,

218 2718 404 2775 manifestum
433 2726 488 2774 est.
534 2718 649 2774 Deinde
677 2717 725 2792 hic
752 2737 789 2775 ne
817 2720 898 2775 aredii
924 2718 1041 2792 quidem
1069 2717 1183 2775 nomini
1210 2717 1293 2774 locus
1327 2767 1330 2771 .

218 2812 279 2872 est,
302 2803 372 2876 quia
394 2802 513 2869 Cicero,
536 2813 569 2860 nt
590 2802 669 2873 dixi,
693 2802 741 2859 hic
762 2821 879 2878 semper
901 2802 1045 2873 officium,
1073 2802 1156 2858 nulla
1178 2802 1294 2859 adiecta

218 2899 296 2957 nota,
320 2887 446 2945 medium
471 2887 625 2963 intellegit,
649 2887 733 2960 quasi
756 2907 844 2944 unum
869 2888 921 2957 sit,
944 2887 1029 2944 utin
1052 2886 1118 2962 ipsa
1140 2887 1293 2962 superiore

217 2973 353 3047 periodo,
377 2990 442 3029 eum
465 2970 628 3047 perfectum
652 2971 781 3028 officium
804 2972 999 3043 nominasset,
1029 2981 1127 3029 tamen
1151 2971 1293 3029 subiecitz

216 3061 243 3113 ia
271 3060 366 3131 officiis
391 3067 509 3132 ponatur
531 3059 601 3129 (non
630 3064 658 3114 in
684 3059 779 3114 mediis
806 3059 913 3132 officiis)
936 3066 979 3115 et:
1007 3059 1034 3113 in
1061 3058 1149 3130 osfim'o
1172 3060 1293 3132 ponitur.

217 3139 326 3222 [Paulo
348 3150 416 3199 ante
439 3144 561 3199 dicamne
583 3159 648 3198 cum
673 3142 793 3199 Baitero
814 3159 852 3198 ex
876 3144 905 3198 A
929 3142 1024 3218 posui,
1047 3150 1079 3198 ut
1101 3142 1205 3216 paucis
1227 3159 1294 3198 rer·

217 3227 298 3284 sibus
314 3236 382 3304 post
400 3226 553 3284 scribitur:
572 3246 642 3300 qaae
660 3229 749 3284 medio
764 3229 895 3284 dicamur.
919 3227 978 3285 Sed
996 3231 1010 3296 ς
1026 3229 1062 3283 61
1082 3245 1177 3283 earam
1194 3245 1292 3296 rernm,

217 3332 288 3386 quoa
311 3345 349 3356 —
375 3309 512 3388 dicamne]

302 3398 352 3454 Eo
373 3416 426 3471 quo
448 3395 621 3469 inmtlepitur)
644 3397 710 3453 Hoc
727 3395 844 3470 quidem
864 3415 922 3453 non
940 3395 1007 3452 hinc
1024 3395 1216 3471 intellegitur,
1241 3394 1292 3452 sed

216 3482 293 3539 ineat
315 3482 344 3539 in
368 3501 412 3551 eo,
436 3481 514 3556 qnod
537 3481 622 3537 initio
644 3481 773 3556 positum
797 3490 875 3549 erat,
898 3480 993 3547 aliud,
1016 3480 1164 3538 communi
1187 3489 1293 3537 natura

108 3598 111 3602 Δ
217 3567 345 3638 iubente,
369 3567 553 3634 sumendum,
570 3565 651 3623 alind
667 3565 847 3622 reiciendum
865 3584 938 3625 ease.
972 3565 1069 3622 Nimia
1087 3565 1176 3622 etiam
1194 3565 1292 3622 exitus

216 3652 303 3709 huius
325 3651 490 3728 argumenti
513 3653 558 3724 (ec
581 3670 634 3725 quo
655 3653 784 3724 efficitur,
807 3654 913 3707 neraari
933 3655 959 3707 in
982 3653 1024 3718 iio,
1047 3669 1117 3724 quoe
1138 3652 1228 3707 medio
1250 3651 1291 3706 di·

216 3737 321 3811 eamaa)
343 3737 469 3793 incurrit
493 3737 524 3793 in
547 3736 640 3804 idem,
670 3754 688 3791 a
715 3754 773 3809 quo
802 3754 885 3793 orsus
909 3735 983 3793 Cato
1006 3743 1069 3791 erat
1091 3734 1293 3808 (Quoniamque

217 3842 269 3878 nort
290 3823 399 3879 dubium
422 3832 470 3892 est,
493 3825 558 3896 quin
580 3825 606 3877 in
629 3824 671 3890 iic,
695 3840 764 3895 quoe
786 3823 874 3877 medio
896 3823 1018 3877 dicamus
1040 3823 1117 3892 eet).
1165 3820 1207 3879 Ut
1229 3819 1292 3877 dixi

216 3907 285 3975 iam,
308 3926 366 3963 non
390 3906 461 3962 satis
484 3906 682 3982 distinguitur,
706 3914 803 3963 utrum
825 3906 855 3962 id
873 3905 1132 3962 demonstrandum
1155 3905 1203 3974 sit,
1227 3903 1292 3962 ofn-

216 3993 291 4048 cinm
317 3992 421 4065 (quod,
451 3991 475 4047 si
499 3992 550 4061 sit,
580 3989 634 4047 s'na
661 3999 767 4047 natura
793 3990 823 4047 in
847 3990 951 4047 mediis
980 4008 1044 4047 esse
1067 3993 1193 4063 constet)
1217 4007 1290 4060 ease,

216 4096 253 4133 an
276 4077 341 4145 hoc,
365 4076 501 4146 officinm,
525 4076 602 4149 quod
625 4095 689 4133 esse
708 4077 894 4144 concedatur,
918 4075 947 4130 in
966 4075 1069 4132 mediis
1087 4074 1214 4141 versari;
1238 4091 1291 4131 nec

215 4162 333 4231 dubito,
362 4162 432 4234 quin
462 4162 534 4217 haec
557 4161 673 4236 quidem
698 4161 785 4216 nimis
808 4171 911 4235 aperta
933 4161 1010 4217 initii
1033 4169 1063 4216 et
1085 4160 1151 4216 linis
1173 4159 1292 4216 conclu·

215 4247 308 4303 sionis
335 4245 470 4303 confusio
504 4266 519 4302 e
547 4245 735 4302 festinatione
764 4245 916 4304 Ciceronis
946 4255 976 4301 et
1003 4245 1117 4302 incuria
1145 4253 1211 4302 orta
1238 4244 1291 4313 sit;

120 4314 123 4325 '
216 4330 268 4388 cfr.
292 4331 328 4386 aa
353 4333 402 4398 aa,
426 4332 462 4387 an
485 4333 509 4401 1,
538 4331 649 4401 19,11,
675 4331 725 4388 as.

301 4420 426 4490 qnoniam
453 4436 482 4473 ne
510 4413 577 4493 ipat)
600 4417 660 4491 Ipsi
687 4415 774 4472 etiam
804 4434 819 4472 e
843 4414 922 4490 Spir.
947 4410 1001 4494 [B]
1029 4413 1161 4471 restitnit
1182 4411 1290 4481 Gains3
