3030 5086
402 506 447 552 rar
470 504 551 552 maa.
574 505 637 552 tm.
660 506 683 551 11
705 507 778 554 car.
802 509 910 560 ra-ro.
925 507 1057 570 (so-aa.)
1207 489 1267 557 231

188 672 334 754 Iosophia
366 674 489 739 omnino
517 692 577 739 non
607 692 778 754 egeremus.
826 676 963 740 Istorum
993 676 1074 741 enim
1102 675 1269 740 verborum
1337 751 1339 754 ,

188 792 312 852 amore,
340 793 421 855 quae
448 794 579 856 perraro
606 776 806 856 appellantur
832 777 873 841 ab
901 777 1050 859 Epicuro,
1085 777 1268 859 sapientiae,

188 875 390 956 fortitudinis,
412 878 559 956 iustitiae,
581 878 815 960 temperantiae,
838 879 1118 958 praestantissimis
1135 878 1268 961 ingeniis

189 978 331 1044 homines
353 998 389 1045 se
410 980 451 1044 ad
473 980 688 1062 philosophiae
709 980 846 1044 studium
869 981 1075 1045 contulerunt.
1109 982 1161 1046 52.
1184 984 1267 1046 Ocu·

187 1081 306 1159 lorum,
328 1082 430 1162 inquit
450 1082 553 1160 Plato,
576 1081 676 1147 estin
701 1081 791 1146 nobis
813 1099 925 1147 sensus
947 1083 1132 1161 acerrimus,
1155 1083 1306 1164 quibusb

189 1183 378 1264 sapientiam
401 1202 462 1247 non
485 1183 656 1262 cernimus;
689 1202 783 1264 quam
812 1183 865 1247 illa
892 1185 1040 1250 ardentes
1067 1203 1191 1249 amores
1213 1202 1267 1249 ex-

188 1285 300 1349 citaret
322 1285 384 1349 suit
429 1284 493 1350 Cur
514 1286 662 1351 tandem?
690 1305 731 1349 an
753 1285 837 1365 quod
860 1285 905 1349 ita
926 1286 1040 1350 callida
1062 1292 1124 1364 est,
1152 1294 1189 1351 ut
1210 1304 1266 1367 op-

181 1387 265 1451 time
286 1386 387 1467 possit
407 1387 603 1452 architectari
625 1386 822 1467 voluptates?
867 1388 930 1451 Cur
957 1387 1078 1452 iustitia
1099 1388 1267 1453 laudatur?

187 1497 245 1552 aut
265 1489 348 1552 unde
369 1497 418 1552 est
439 1488 497 1552 hoe
520 1489 685 1554 contritum
702 1495 858 1553 vetustate
881 1490 1093 1569 proverbium:
1117 1491 1267 1571 quicum

186 1589 227 1654 in
249 1590 445 1655 tenebris?
487 1591 564 1668 Hoc,
586 1591 702 1655 dictum
726 1591 756 1655 in
779 1610 913 1670 unare,
936 1590 1086 1657 latissime
1108 1599 1209 1672 patet,
1232 1597 1267 1656 ut
1285 1592 1327 1658 10

258 1748 281 1793 2.
301 1741 453 1807 appellantur
467 1742 548 1792 om.L
584 1751 606 1793 4.
625 1743 758 1807 sapientiae
775 1743 869 1792 studia
906 1749 927 1794 5.
951 1742 1084 1810 [cremam
1099 1743 1151 1810 A¹]
1184 1748 1205 1795 7.
1220 1744 1265 1805 ear,

187 1812 213 1859 sr'
228 1810 364 1861 videretur!
397 1810 445 1860 Cur
468 1810 631 1860 LPMCROr
667 1829 737 1859 an—
740 1810 904 1874 -oquptates
923 1811 1065 1878 Noniusp.
1082 1818 1112 1861 70
1133 1817 1179 1871 [ita
1196 1811 1265 1862 clas-

186 1879 256 1930 sidas
274 1886 309 1943 at)
336 1878 399 1943 quod
416 1881 473 1943 (pro
491 1883 525 1942 ut)
545 1879 566 1927 1.
585 1880 640 1943 (aut
658 1896 716 1942 quo,
740 1880 859 1940 ambiguo
877 1881 1039 1942 compendio)
1088 1886 1111 1931 9.
1131 1899 1163 1930 aa
1187 1898 1265 1930 verum

178 1950 246 2012 Ι(ρῐο
264 1958 306 1998 aut
324 1947 395 2012 unde)
414 1948 434 1996 P
453 1948 496 2011 (ad
514 1965 593 1997 verum
611 1963 654 2009 mg
680 1951 737 2015 aon)
754 1948 829 1997 MCR
855 1965 887 1996 aa
906 1949 992 1997 veroL
1033 1954 1068 2024 lt).
1090 1950 1150 1999 Post
1166 1949 1266 1999 tenebris

188 2019 250 2070 add
267 2017 336 2066 mices
356 2015 398 2066 LO
433 2015 477 2064 hoc
495 2031 543 2067 om.
565 2016 584 2063 Ι
619 2015 699 2065 dicuat
718 2017 793 2066 Mcss

188 2158 262 2213 haec
283 2155 325 2213 sic
348 2155 499 2212 distraxit:
523 2157 565 2212 his
586 2156 673 2212 verbis
696 2157 751 2212 ati!
773 2156 869 2229 quobus
892 2189 932 2199 -
955 2175 1007 2212 aon
1028 2175 1170 2230 sperares.
1205 2157 1265 2213 De·

179 2242 287 2298 'finitur
310 2240 387 2296 euim
405 2241 562 2297 verborum
586 2259 679 2316 genus
701 2241 840 2297 adiuncta
862 2241 997 2315 proxime
1021 2243 1167 2299 sententia
1189 2242 1265 2299 rela-

125 2340 130 2347 “
185 2329 258 2395 tiva,
281 2344 356 2399 quac
373 2325 480 2382 Latino
503 2345 583 2383 more
606 2327 648 2383 sic
670 2326 848 2401 impiicatur,
871 2334 904 2380 ut
925 2325 1081 2383 relativum
1105 2327 1133 2383 in
1153 2326 1265 2402 protasi

187 2411 301 2488 periodi
324 2410 376 2479 sit,
405 2411 454 2482 (iis
477 2411 588 2481 verbis,
617 2430 692 2484 quae
721 2431 758 2467 ex
787 2429 822 2466 eo
845 2420 930 2466 erant
951 2429 1074 2486 genere,
1104 2421 1150 2482 ut,
1179 2412 1204 2468 si
1227 2411 1264 2468 iis

180 2499 266 2571 cet,)
290 2494 533 2570 quemadmodum
552 2476 589 2569 (si
612 2497 749 2571 exempla
772 2496 945 2553 ascribenda
967 2498 1094 2570 sunt)I,
1119 2498 1157 2554 26
1182 2501 1264 2571 (qaas
1321 2501 1323 2506 ’

184 2587 245 2659 qur)
268 2590 297 2638 et
322 2582 370 2652 60
393 2581 451 2650 ΙΙΙ,
476 2582 548 2636 9et
571 2582 608 2650 V,
633 2583 683 2639 76
729 2579 800 2661 [Gr.
825 2582 925 2650 [ηιξ
912 2578 1026 2677 §445.]

273 2668 323 2724 52.
363 2669 449 2739 inquit
470 2667 617 2758 Pluto)1n
641 2667 829 2742 Phaedrop
850 2666 911 2722 250
935 2667 978 2722 D.
999 2653 1091 2763 Opts·
1108 2656 1172 2760 γὰρ
1197 2655 1263 2761 ημῖν

182 2737 317 2825 ὀξυτάτη
334 2747 392 2807 τῶν
409 2740 458 2807 διὰ
474 2748 529 2806 τοῦ
543 2735 683 2842 σώματος
695 2743 810 2826 ἔρχεται
823 2738 1003 2846 αἰσθήσεων,
1023 2735 1038 2824 ᾖ
1055 2739 1198 2847 φρόνησις
1211 2740 1264 2825 οὐχ

186 2827 304 2931 ὁρᾶται·
327 2824 440 2900 ὅεινοις
460 2824 516 2909 γὰρ
540 2821 607 2890 tir
598 2837 735 2931 παρεῖχεν
752 2827 875 2924 ἔρωτας,
899 2824 929 2889 εἴ
945 2852 973 2889 τι
995 2830 1132 2889 τοιοῦτον
1155 2825 1263 2905 ἑαυτῆς
1285 2849 1287 2852 ’

185 2909 304 2995 ἐναργὲς
327 2909 446 2975 εἴδωλον
467 2912 624 2993 παρείχετο
649 2911 690 2983 εἰς
712 2905 783 2991 ὄψιν
807 2904 860 2974 r'o'r.
912 2919 1022 2975 Eadem
1046 2917 1150 2976 Cicero
1173 2917 1263 2973 vertit

186 3004 222 3060 dc
245 3002 302 3061 Off
320 3005 345 3073 Ι,
368 3005 414 3071 15,
438 3003 487 3060 ubi
511 3004 599 3078 paulo
622 3003 824 3079 neglegentius
847 3003 884 3059 ab
908 3004 1022 3060 honesti
1046 3002 1136 3059 verbo
1159 3013 1189 3059 et
1210 3020 1262 3058 no·

185 3089 265 3146 tione
288 3089 410 3154 orditur,
434 3109 520 3164 quam
544 3090 607 3162 ipse
631 3088 817 3155 tractabat,
809 3107 838 3143 m
862 3089 1038 3162 sapientiae,
1063 3106 1150 3161 quam
1175 3088 1262 3144 Plato

186 3175 367 3243 nominarat,
401 3174 516 3230 desinit.
567 3170 647 3253 [Hoc
681 3174 745 3230 loco
779 3173 980 3229 condicionem
1015 3175 1052 3245 (si
1082 3175 1260 3243 cerneretur),

181 3278 260 3334 quae
283 3261 356 3317 satis
379 3259 559 3334 intellegitur
582 3278 618 3314 ex
642 3259 896 3334 praecedentibus,
921 3257 1094 3317 Ciceronem
1118 3258 1262 3327 omisisse,

181 3354 308 3420 apparet
327 3364 363 3400 ex
382 3345 516 3412 diserta
540 3344 638 3417 itaque
659 3362 743 3411 nrrnc,
764 3343 881 3418 cognito
899 3343 1068 3400 testimonio
1086 3343 1171 3401 codd.
1185 3344 1214 3399 A
1234 3351 1263 3399 et

187 3430 212 3487 B
239 3433 318 3501 (narn
343 3428 430 3486 Grut.
462 3441 490 3485 et
514 3429 606 3486 Gaius
635 3432 814 3500 tacuerant),
844 3428 964 3498 sustuli,
994 3428 1072 3502 quod
1101 3426 1262 3484 deteriores

181 3515 310 3572 addunt:
333 3520 358 3572 si
379 3517 526 3583 videretur,
558 3534 611 3589 pro
635 3532 692 3587 quo
716 3514 820 3571 Cicero
843 3513 891 3569 hic
913 3513 1017 3570 saltem
1041 3523 1108 3588 post
1131 3533 1182 3569 aon
1204 3531 1261 3570 cer·-

93 3617 94 3620 ’
185 3604 271 3657 adoras
302 3600 448 3676 posuisset
470 3604 495 3656 si
515 3595 689 3677 cerneretur]
733 3599 826 3656 Verbi
848 3601 935 3655 videri
956 3619 1009 3674 pro
1032 3617 1081 3668 eo,
1111 3599 1189 3671 quod
1218 3605 1262 3653 est

182 3689 265 3756 cerni,
290 3687 377 3759 positi
401 3685 537 3759 exempla
560 3684 631 3743 Otto
654 3685 690 3740 ad
715 3684 743 3741 h.
763 3685 781 3739 Ι.
805 3683 955 3759 colligens.
978 3684 1029 3740 illo
1052 3702 1170 3757 quoque
1192 3700 1262 3739 usus

184 3780 238 3836 est,
261 3771 339 3845 quod
362 3790 463 3827 ornnes
487 3771 630 3827 editiones
654 3769 787 3843 inquinat
809 3769 845 3825 de
869 3769 903 3825 R.
917 3770 951 3826 P.
975 3770 998 3836 Ι,
1019 3769 1073 3824 31:
1096 3770 1169 3836 daec,
1193 3786 1262 3841 quae

184 3858 309 3913 uideatur
335 3867 396 3912 orate
423 3859 526 3925 oculos,
555 3875 612 3912 esse
639 3857 724 3927 irrepis
753 3855 821 3927 (scr.
850 3865 912 3910 arete
939 3856 1027 3911 matos
1054 3873 1125 3923 esse,
1154 3855 1260 3925 acopis),

177 3951 272 4017 putem
295 3944 458 4015 prroercado.

270 4030 377 4100 qoicrnn
409 4030 436 4082 ia
466 4023 592 4103 tenebris)
622 4027 707 4081 Micca
735 4024 846 4080 addunt
874 4023 962 4079 etiam
991 4033 1018 4092 ψ
1047 4032 1077 4079 et
1104 4031 1163 4077 tres
1192 4019 1260 4079 Gaii

182 4121 357 4185 veteresque
390 4110 452 4168 fere
486 4111 644 4177 editiones,
679 4110 797 4166 brevem
831 4109 874 4165 rei
902 4117 989 4164 notae
1017 4106 1261 4182 significationem

180 4197 349 4271 explentes.
395 4197 463 4253 Non
487 4205 549 4253 erat
573 4196 601 4251 in
626 4215 682 4270 mg.
696 4194 777 4253 Crat.
802 4212 855 4249 nec
878 4193 906 4249 in
930 4192 1082 4249 cod.Mor.
1127 4191 1173 4247 De
1197 4191 1260 4266 ipso

182 4281 284 4357 digitis
313 4281 440 4338 micandi
470 4282 535 4338 lusu
564 4289 592 4337 et
616 4280 773 4355 proverbio
797 4278 864 4335 inde
887 4287 956 4334 nato
979 4277 1016 4334 ad
1039 4276 1260 4353 significandam

182 4366 308 4424 alieuius
331 4366 416 4423 fldem
440 4366 605 4441 expositum
630 4376 675 4422 est
697 4365 734 4421 ab
757 4364 976 4422 enarratoribus
993 4363 1136 4420 librorum
1154 4361 1190 4418 de
1202 4359 1260 4419 Off.

182 4451 221 4508 ad
250 4453 313 4523 111,
342 4453 392 4510 77.
441 4452 536 4509 Panlo
564 4461 632 4508 ante
660 4460 708 4507 aut
736 4452 806 4506 aude
833 4449 1008 4507 confirmant
1036 4467 1093 4524 mg.
1120 4445 1202 4507 Crat.
1231 4455 1261 4502 et
