3030 5086
257 484 320 549 164
646 506 690 551 ns
712 506 843 553 ciuiuus
866 507 937 553 nen.

254 681 289 734 nt
312 691 369 736 nes
392 690 453 736 nen
476 672 703 754 intellegamus,
732 676 881 755 quaevis
908 677 950 741 sit
971 678 1060 743 istius
1083 679 1183 759 verbi,
1212 680 1271 745 sed
1298 688 1337 747 ut

253 773 306 841 ille
338 794 395 839 suo
422 792 509 838 mere
536 775 696 855 loquatur,
731 787 873 842 nestrum
901 779 1054 860 neglegat.
1104 784 1153 847 16.
1187 781 1221 846 Si
1249 782 1333 847 enim

252 878 336 941 idem
359 877 446 954 uicit,
475 878 557 957 quod
581 877 803 959 Hieronymus
831 880 885 960 qni
912 890 1018 946 censet
1039 900 1192 947 summum
1215 884 1334 949 benum

252 998 323 1043 esse
346 980 413 1042 sine
435 978 498 1042 nlla
521 978 661 1044 molestia
683 980 802 1055 vivere,
830 999 885 1045 cur
912 982 1029 1047 mauult
1056 984 1161 1049 dicere
1183 985 1333 1066 velupta-

213 1082 236 1143 ἱ)
254 1094 316 1146 tem
338 1099 433 1161 qnam
455 1080 640 1144 vacuitatem
664 1081 796 1147 doloris.
821 1093 855 1146 ut
878 1083 927 1148 ille
948 1081 1032 1162 facit
1055 1084 1116 1165 qui,
1139 1086 1214 1167 quid
1236 1087 1333 1167 dieat,

251 1182 423 1263 intellegit?
456 1182 502 1246 sin
532 1189 635 1246 antem
659 1183 849 1264 voluptatem
876 1192 966 1265 putat
993 1184 1224 1267 adiungendam
1252 1206 1333 1269 earn

323 1392 343 1435 1.
363 1404 405 1437 nor
423 1386 550 1435 omnen
568 1403 610 1434 ner
627 1404 673 1435 aen
692 1402 732 1436 om
752 1387 802 1437 MC
837 1388 1075 1441 e.‹u'cari.1’Mcn
1102 1398 1124 1441 ⁴.
1143 1391 1330 1457 rineuliquela

250 1462 273 1503 6.
291 1465 362 1521 putat
379 1455 444 1505 dicat
462 1454 635 1520 adiunpcadum
658 1453 821 1522 [n1LPmcn
856 1455 923 1506 illam
941 1458 1031 1509 LI'CR

247 1649 402 1720 praecepio,
425 1664 503 1703 crare.
528 1654 609 1714 cett,
641 1655 798 1720 propterea
827 1664 943 1722 semper
966 1648 1074 1707 habent
1097 1660 1150 1707 eut
1171 1671 1203 1707 ne
1224 1660 1277 1708 aut
1299 1661 1330 1709 ut

251 1751 296 1787 ne.
331 1732 418 1787 ctiam
446 1752 538 1799 caeco,
575 1730 654 1787 Lael.
679 1732 717 1787 99
747 1732 809 1803 (ubi
833 1734 1064 1809 Wesenbergius
1097 1744 1177 1792 recte
1210 1735 1329 1793 scribite

255 1817 329 1885 Quid
351 1828 379 1873 at
402 1836 433 1871 nc
455 1818 570 1872 accidat.
594 1820 680 1889 anapia
701 1819 847 1874 cavendum
871 1823 949 1891 cett).
972 1819 1010 1875 ad
1033 1819 1089 1893 Qu.
1107 1820 1156 1877 Fr.
1176 1822 1200 1878 1.
1226 1824 1253 1887 1,
1277 1821 1328 1891 38,

251 1902 315 1959 Liv.
339 1902 491 1968 XXXIV,
513 1903 560 1965 17,
580 1903 608 1959 8.
632 1913 664 1958 ut
686 1901 794 1958 dicitur
816 1903 903 1960 etiam
926 1924 1006 1960 cauea
1028 1914 1066 1961 nt.
1090 1904 1119 1961 id
1141 1914 1196 1976 est,
1218 1924 1329 1980 operam

250 1990 295 2051 cie.
318 1986 361 2064 [et
384 1989 525 2048 interdico,
549 1987 584 2043 de
608 1986 660 2045 Or.
686 1988 709 2045 1.
734 1986 826 2064 215];
854 2006 890 2044 ea
912 1999 1015 2045 contra
1038 1990 1142 2059 verba,
1165 1990 1327 2065 inquibus

248 2072 395 2149 generalis
418 2073 493 2129 inest
517 2072 692 2149 significatio
721 2074 762 2129 rei
791 2072 912 2130 effectae
941 2085 970 2131 et
997 2076 1218 2149 consequentis.
1247 2075 1327 2151 quod

251 2159 343 2234 magis
365 2158 507 2215 inclinent
530 2158 559 2214 in
583 2158 795 2215 sententiarum
819 2156 1020 2216 effectivamm
1044 2170 1189 2227 naturam,
1212 2158 1276 2219 fere
1298 2170 1328 2218 ut

249 2264 299 2300 rien
323 2244 440 2303 habent
464 2262 545 2313 raro,
570 2261 623 2299 nec
647 2253 744 2299 tamen
767 2262 941 2317 numquam.
965 2255 995 2301 at
1017 2265 1062 2301 ne.
1086 2246 1244 2303 accedente
1266 2246 1326 2304 leri

249 2330 462 2405 significatione
485 2328 574 2385 studii
598 2339 627 2384 et
649 2328 824 2393 voluntarie
848 2334 910 2399 (non
934 2332 1056 2403 eflicitur.
1081 2340 1109 2387 at
1131 2350 1170 2390 ue.
1193 2331 1250 2389 hoc
1271 2343 1327 2397 est,

249 2435 299 2471 non
322 2417 445 2488 efficitur.
469 2415 543 2487 qrcod
565 2416 652 2470 vultis.
677 2423 704 2468 nt
726 2417 779 2484 ne).

338 2502 384 2557 16.
419 2502 452 2557 Si
473 2502 540 2554 enim
563 2500 629 2555 idem
654 2500 731 2577 dicit)
754 2499 839 2554 Dicat
861 2499 948 2556 etiam
972 2499 1001 2555 in
1025 2500 1149 2557 alienun
1173 2499 1328 2559 deteriori·

250 2586 303 2641 bus
326 2585 410 2642 libris
432 2584 533 2653 fuisse,
557 2584 716 2641 ostendunt
738 2584 817 2642 Oxx.
836 2578 916 2652 EU}¹
961 2584 1143 2642 Iudicativus
1165 2584 1225 2642 iem
1246 2585 1328 2661 apud

249 2670 328 2729 Crat.
337 2671 453 2746 legitur.
477 2669 572 2727 Paulo
585 2678 651 2744 post
660 2669 740 2725 Man.
752 2679 782 2725 et
792 2670 902 2725 lanula:
921 2673 970 2744 qai
981 2672 1050 2743 quid
1060 2672 1142 2737 (licut,
1158 2672 1327 2744 fractaque.

248 2764 281 2812 nt
304 2756 358 2811 hoc
380 2755 558 2812 contrarium
582 2764 658 2811 esset
681 2754 735 2823 illi,
759 2755 837 2828 quod
854 2755 1030 2829 deEpicuro
1053 2756 1162 2813 dictum
1186 2766 1264 2813 erat:
1288 2759 1327 2814 ita

248 2844 379 2915 leqrritar.
408 2852 436 2897 ut
464 2860 513 2896 nen
537 2842 713 2913 intellegatur.
756 2841 868 2897 Verum
898 2850 929 2897 et
956 2860 1059 2916 parum
1084 2841 1238 2898 commoda
1259 2860 1326 2899 seu·

248 2926 358 2982 tentiae
385 2925 481 2982 forme
509 2935 553 2982 est
581 2927 627 2998 (ut
654 2925 731 2981 enim
760 2936 930 3000 appareret,
960 2926 1134 3002 Hieronymi
1163 2926 1328 3002 perspicui·

246 3021 336 3068 tatem
359 3011 509 3085 loquendi,
533 3029 590 3068 non
614 3011 757 3067 lectorum
781 3028 903 3066 acumen
920 3010 1044 3068 laudari.
1068 3011 1109 3067 sic
1133 3011 1231 3085 potins
1253 3011 1327 3069 scri·

247 3097 374 3154 bendum
395 3105 473 3152 eret:
497 3100 534 3153 ita
557 3098 629 3153 dicit.
654 3107 681 3152 ut
703 3096 892 3168 intellepatur),
916 3113 970 3152 nec
993 3095 1160 3153 necessarie
1181 3106 1232 3152 aut
1254 3106 1328 3172 apta

246 3182 377 3239 mutatio.
413 3180 552 3238 Refertur
574 3181 651 3237 enim
674 3180 730 3237 hoe
752 3181 790 3237 ad
813 3181 852 3250 id,
875 3181 954 3254 quod
977 3181 1151 3255 superins&
1166 3183 1196 3254 6)
1214 3181 1326 3241 dictum

246 3277 317 3327 eret.
341 3267 436 3341 ipsum
455 3266 614 3341 Epicurum
633 3266 757 3335 nescire,
780 3266 920 3340 quaevis
942 3266 1075 3323 subiecta
1097 3276 1174 3323 esset
1197 3267 1224 3324 ei
1247 3266 1325 3331 voci„

245 3371 304 3427 qua
326 3361 472 3419 uteretur;
495 3351 524 3408 id
549 3351 762 3427 Hieronymum
786 3352 875 3408 scisse
898 3351 1090 3426 significetur.

328 3447 407 3513 putat
428 3437 641 3510 ariiunpendam)
665 3436 715 3495 Sic
738 3436 824 3493 etiem
844 3435 922 3510 Spir.
936 3434 1001 3513 [B].
1025 3446 1053 3492 et
1076 3436 1118 3492 sic
1135 3436 1324 3495 scribendum

245 3541 309 3581 esse
332 3523 390 3579 iem
408 3523 570 3580 Lambinus
587 3532 617 3579 et
634 3521 776 3578 Davisius
793 3521 937 3580 viderant.
974 3522 1049 3578 Mire
1067 3520 1215 3579 Gruterus
1233 3522 1326 3581 etism

244 3628 260 3664 e
284 3609 348 3667 Pal.
377 3611 390 3663 l
417 3607 543 3683 profert.
578 3606 657 3681 quod
687 3617 731 3663 est
759 3607 789 3663 iu
819 3606 904 3663 mulia
934 3607 1085 3663 codicibus
1107 3606 1212 3677 (Pala,
1238 3607 1324 3677 Dav..

245 3692 383 3763 Geinum,
408 3694 487 3751 Oxx.
510 3694 567 3768 χψ)
586 3703 668 3767 paritet
690 3693 776 3748 dicat.
800 3691 928 3765 repetito
951 3692 1041 3747 verbo
1071 3711 1086 3748 e
1109 3692 1322 3767 superioribus.

246 3782 279 3836 In
308 3774 324 3849 ξ
352 3798 443 3854 prava
472 3777 642 3835 coniectura
669 3777 808 3834 omissum
838 3787 881 3832 cst
907 3787 996 3850 putet.
1047 3776 1162 3833 Deinde
1190 3797 1261 3833 arm.
1290 3790 1323 3835 ut

244 3865 289 3922 ed.
314 3864 394 3924 Crat.
418 3875 445 3920 et
469 3863 531 3921 fere
555 3863 645 3920 ceteri
669 3861 964 3937 praeterbavisinm,
987 3862 1075 3918 ctiam
1098 3862 1164 3919 Pal.
1182 3867 1208 3929 1,
1232 3862 1323 3938 Spin,

243 3949 309 4028 [B].
355 3950 453 4009 Ceteri
477 3951 550 4005 iliam
574 3949 662 4021 (Pali.
685 3947 823 4020 quinque,
847 3946 926 4021 apud
950 3947 1026 4005 Dav.
1051 3956 1199 4021 quntum,
1222 3946 1281 4006 Ox.
1295 3966 1324 4023 χ,

243 4037 311 4093 Gzii
336 4038 416 4107 tres).
460 4034 495 4090 In
524 4034 591 4091 loco
614 4032 785 4107 planissimo
808 4032 957 4089 turbatum
987 4042 1031 4087 est
1053 4051 1071 4088 a
1094 4033 1210 4089 Rathio.
1256 4034 1324 4091 Hoc

243 4121 348 4179 Cicero
377 4120 462 4176 dicit:
497 4119 528 4177 Si
553 4119 712 4193 Epicurus.
746 4128 779 4173 ut
806 4118 963 4192 expleatur
996 4117 1062 4174 finis
1090 4118 1249 4187 bonorum,
1283 4118 1323 4175 ed

243 4206 353 4262 doloris
376 4205 554 4262 vacuitatem
577 4203 791 4278 adiungendam
821 4213 905 4278 putat
929 4222 993 4259 eam
1018 4203 1214 4278 voluptatem,
1245 4220 1323 4276 quae

243 4292 282 4347 sit
305 4291 333 4347 in
357 4300 452 4347 mutu.
481 4308 533 4345 cur
555 4290 628 4344 ilaec
650 4288 766 4344 diversa
789 4289 917 4344 conflare
946 4288 974 4344 in
1003 4307 1092 4344 unum
1116 4297 1145 4344 et
1168 4287 1255 4344 alteri
1277 4287 1322 4346 illi

243 4377 330 4433 ctiam
365 4375 560 4450 principatum
595 4373 723 4430 tribuere
754 4372 895 4430 conatur?
950 4374 1045 4429 'l'endit
1079 4372 1167 4447 paulo
1202 4373 1322 4431 brevius

243 4462 347 4519 Cicero
370 4461 446 4518 dixit
469 4461 505 4517 de
528 4469 634 4517 conatu
662 4478 724 4516 rem
747 4468 849 4516 eontra
871 4468 1070 4533 repugnantes
1093 4459 1260 4529 obtinendi,
1287 4468 1322 4518 ut
