3030 5086
218 514 280 580 788
647 530 822 579 excussus
844 530 865 580 1.

215 724 252 762 ex
276 724 311 763 eo
334 723 388 780 per
409 722 440 761 se
462 702 597 767 efficitur,
621 704 698 777 quod
716 703 743 760 ei
761 702 910 760 civitatem
929 703 1086 780 regendam
1106 703 1172 775 det,
1200 699 1320 760 sodex

215 810 259 858 eo,
283 790 360 864 quod
383 797 529 847 oratorem
552 789 675 846 eundem
700 799 729 845 et
747 789 790 845 rei
807 788 943 863 publicae
960 807 1098 864 praeesse
1117 800 1150 847 et
1168 787 1319 865 philoso-

216 876 306 951 phum
329 893 394 931 esse
416 874 531 944 iubeat;
561 874 660 948 itaque
689 874 761 931 haec
788 873 957 932 coniunctio
979 875 1077 931 statim
1102 870 1319 951 significanda

216 970 269 1018 est.
293 960 463 1034 Eademque
475 959 551 1019 ratio
563 959 719 1034 perspicua
730 968 775 1017 est
787 959 816 1016 in
829 959 946 1017 orst.de
959 957 1317 1035 imper.Cn.Pomp.17.

217 1046 252 1102 de
270 1064 329 1120 quo
346 1045 412 1102 loco
430 1044 565 1102 Handius
579 1045 727 1103 Beneckio
744 1046 900 1120 persuasit.
936 1044 1012 1102 Nam
1030 1063 1096 1102 cnm
1111 1044 1229 1105 Cicero
1247 1042 1318 1100 bel·

217 1131 276 1188 lum
292 1130 523 1188 Mithridaticum
543 1129 580 1187 ad
599 1130 756 1187 multorum
775 1129 882 1187 civium
901 1130 979 1188 bona
994 1130 1145 1206 pertinere
1166 1130 1315 1198 dixisset,

217 1216 382 1292 subiungit:
406 1215 479 1273 Nom
501 1226 525 1272 et
545 1216 684 1290 publicani
704 1225 769 1287 cet,
793 1215 871 1289 quod
888 1215 1104 1290 ineptissimum
1122 1215 1195 1287 erit,
1220 1214 1249 1273 si
1269 1213 1316 1271 its

219 1301 356 1359 verteris:
385 1302 454 1358 deun
482 1321 510 1358 es
532 1302 615 1357 baben
630 1304 666 1373 jo
687 1301 756 1359 ottob
779 1303 822 1357 die
848 1299 1078 1376 Generolpdcbter
1099 1311 1159 1358 cet.
1183 1310 1241 1359 aut
1265 1302 1313 1373 (ut

218 1388 305 1462 plano
333 1405 386 1460 pro
408 1390 487 1443 etiam
510 1386 575 1458 sit):
605 1388 674 1443 deun
702 1387 772 1444 auch
800 1387 843 1443 die
868 1386 1097 1462 Generolpu'cltsr
1118 1386 1225 1461 (quasi
1256 1384 1312 1442 alii

218 1472 360 1529 nominati
384 1471 469 1545 sint);
492 1472 538 1529 sin
557 1482 581 1529 et
597 1472 684 1547 plena
702 1491 760 1530 non
778 1471 969 1546 expresseris,
992 1490 1049 1530 non
1068 1471 1142 1529 satis
1163 1489 1309 1549 magnum

218 1558 274 1615 hoc
302 1557 372 1626 erit,
401 1557 478 1632 quod
502 1556 631 1627 dicetur3
659 1576 748 1615 unum
772 1557 849 1615 enim
873 1557 929 1615 hoc
952 1567 998 1614 est
1018 1575 1126 1634 genus;
1158 1559 1243 1615 multi
1264 1555 1309 1614 illi

219 1642 427 1713 conficientur,
450 1643 475 1700 si
498 1642 627 1699 adiuncti
651 1641 775 1713 fuerint,
804 1643 854 1717 qui
877 1652 1054 1718 sequuntur:
1082 1644 1183 1701 mindo
1205 1663 1243 1701 en
1266 1660 1309 1699 ce·

220 1731 283 1785 teris
305 1730 444 1785 ordinibus
467 1729 583 1785 borsines
604 1732 687 1802 giroui
707 1739 789 1803 atque
809 1729 945 1785 irrdustrt'i.
989 1728 1066 1786 Tum
1091 1728 1216 1786 minime
1241 1737 1307 1785 tan·

219 1823 281 1872 tum
304 1822 370 1889 post
394 1813 567 1889 particulam
595 1834 658 1869 narn
686 1813 741 1870 hoc
768 1823 793 1870 et
814 1814 959 1888 reperiris
981 1833 1048 1871 mox
1072 1815 1249 1882 ostendam
1278 1820 1306 1870 et

220 1907 317 1956 tamen
334 1899 411 1957 ratio
428 1897 517 1956 facile
534 1899 616 1956 reddi
635 1908 741 1974 potest,
763 1916 815 1956 cur
831 1899 949 1974 saepius
967 1909 1033 1975 post
1049 1919 1121 1957 nom.
1158 1898 1195 1956 In
1214 1915 1306 1955 causa

220 1985 297 2041 enim
322 1984 458 2060 ponenda
480 1993 531 2042 aut
553 1984 583 2041 in
607 2003 657 2054 eo,
686 1983 763 2059 quod
793 1984 902 2041 dictum
931 1994 990 2050 est,
1019 1984 1166 2059 exemplis
1195 1983 1304 2041 condr-

221 2070 327 2127 mando
345 2073 390 2143 (ut
402 2069 504 2145 Topic.
520 2069 571 2143 93)
589 2070 688 2126 stetim
706 2069 898 2144 significanda
916 2080 959 2127 est
983 2070 1074 2127 series
1091 2068 1304 2145 complurium,

220 2155 250 2212 in
274 2156 382 2229 quibus
404 2155 584 2221 coniunctis,
607 2170 640 2213 ut
663 2153 740 2224 dixi,
764 2155 809 2211 vis
831 2155 996 2232 argumenti
1020 2155 1110 2223 inest;
1140 2153 1252 2212 deinde
1274 2153 1302 2211 in

221 2240 346 2317 singulis
369 2240 552 2316 eiplicandis
575 2250 634 2298 tam
658 2240 707 2298 diu
731 2250 863 2298 moretur
882 2240 986 2310 oratio,
1010 2248 1041 2297 ut
1057 2240 1303 2316 interrumpatur.

222 2326 305 2401 Quae
324 2334 368 2383 est
385 2326 462 2382 enim
481 2326 539 2382 alia
557 2344 654 2393 cause,
678 2343 729 2382 cur
746 2335 806 2382 tarn
823 2343 911 2401 saepe
928 2325 958 2382 in
980 2324 1219 2401 argumentando
1237 2334 1302 2401 post

217 2415 336 2488 primum
359 2430 416 2468 non
440 2411 602 2469 subiciatur
624 2419 725 2487 aperte
748 2408 844 2473 deinde
859 2410 908 2483 (de
926 2429 984 2485 quo
1000 2411 1064 2486 ipse
1081 2410 1203 2487 scripsit
1221 2411 1303 2468 Hun-

222 2497 289 2554 dius
306 2497 343 2554 ad
356 2495 530 2572 Wopkensii
544 2497 699 2555 Lectiones
710 2495 789 2554 Tull.
803 2515 832 2572 p.
845 2493 919 2570 tm?
952 2498 1053 2571 Atque
1075 2496 1132 2554 hoc
1152 2504 1303 2572 postremo

144 2580 157 2605 ⁸
223 2582 459 2652 dicendumst,
491 2582 640 2640 Haudium
665 2581 786 2638 oblitum
810 2600 889 2651 esse,
919 2580 990 2657 quid
1012 2581 1042 2638 in
1066 2580 1217 2639 similibus
1240 2599 1305 2639 ora·

222 2668 311 2725 tionis
333 2666 437 2725 formis
460 2667 552 2725 fieret.
597 2667 683 2740 Quod
705 2661 783 2724 enim
806 2667 836 2723 in
859 2677 884 2723 et
905 2676 984 2724 —et
1005 2667 1069 2724 fieri
1092 2685 1152 2725 nou
1176 2666 1254 2733 vult,
1275 2666 1304 2724 in

221 2764 269 2810 ont
294 2786 328 2795 -
355 2763 402 2810 out
424 2752 497 2823 fleri,
521 2753 584 2828 ipse
607 2754 747 2810 docuerat
769 2751 898 2811 Turseli.
922 2753 984 2828 Ip.
998 2752 1068 2809 546.
1113 2750 1239 2811 Oblitus
1261 2760 1304 2810 est

222 2839 310 2896 etiam
334 2857 455 2913 prorsus
477 2838 583 2895 similis
605 2837 808 2913 neglegentiae
831 2836 1030 2909 Graecorum,
1058 2838 1143 2895 cuius
1166 2836 1306 2914 exempla

224 2924 405 2981 Matthiaeus
429 2924 458 2980 in
477 2923 680 2982 Grammatico
699 2921 816 2982 Graeca
833 2942 862 2999 p.
880 2924 961 2980 1528
979 2922 1024 2982 ad.
1044 2923 1062 2980 3
1085 2923 1196 2998 posuit.
1244 2923 1307 2981 Nos

224 3020 323 3067 sutem
347 3009 455 3067 multas
483 3009 557 3066 elias
579 3009 692 3085 species
715 3008 923 3085 adiungemus,
952 3026 1004 3066 nec
1032 3008 1127 3067 solum
1156 3027 1246 3084 neque
1269 3040 1305 3051 -

224 3114 317 3169 neque,
342 3096 392 3151 sed
416 3095 502 3151 etiam
526 3114 588 3151 nom
610 3114 699 3169 neque,
718 3126 755 3137 —
775 3113 860 3170 usque
881 3095 924 3152 ita
945 3093 1130 3165 dissolutum,
1154 3102 1188 3151 ut
1212 3111 1308 3152 remu

225 3191 292 3237 nent
315 3200 378 3237 nom
400 3200 492 3255 neque.

309 3269 334 3324 Ι.
358 3266 545 3323 Revertimur
567 3265 658 3341 igitur
680 3265 716 3321 ad
739 3264 923 3340 superiorum
947 3274 1104 3339 praecepte
1122 3272 1152 3321 et
1169 3263 1232 3321 boc
1250 3263 1309 3340 pri·

227 3371 305 3408 mum
328 3350 454 3408 facimus
476 3369 568 3426 genus
591 3350 750 3407 dissolutae
774 3350 916 3408 orationis
939 3349 1109 3425 bipertitae,
1141 3348 1193 3406 ubi
1218 3358 1246 3406 ot
1267 3349 1309 3407 sic

225 3437 337 3511 posito,
369 3447 398 3494 ut
429 3455 523 3510 neque
552 3435 677 3511 augendi
701 3454 795 3509 neque
823 3435 1015 3511 adiungendi,
1044 3433 1198 3505 aeduine,
1229 3433 1308 3509 quod

225 3533 392 3580 secuturum
416 3521 467 3589 sit.¹
499 3520 683 3597 significandi
705 3521 764 3579 vim
788 3520 910 3589 habeat,
939 3528 1036 3578 tamen
1059 3538 1117 3577 non
1141 3519 1310 3578 subiciatur

225 3608 349 3664 alterum
374 3618 405 3664 et.
441 3607 499 3666 Sed
522 3606 552 3663 in
576 3607 612 3663 iis
634 3606 707 3663 locis
729 3605 806 3662 hanc
827 3606 950 3681 figuram
971 3624 1034 3663 esse
1051 3604 1237 3681 putabimus,
1260 3604 1309 3664 ubi

226 3703 255 3749 et
278 3712 314 3750 ex
338 3693 484 3749 sententia
505 3704 608 3768 aperta
631 3691 687 3748 erit
709 3710 797 3748 causa
819 3691 977 3766 bipertitae
997 3690 1199 3765 copulationis
1216 3690 1309 3767 signi·

226 3778 356 3835 ficandae
386 3786 430 3847 et,
465 3778 588 3835 alterum
618 3777 781 3835 membrum
810 3777 888 3851 quod
917 3776 956 3834 sit
983 3785 1011 3832 et
1039 3775 1189 3850 quomodo
1219 3776 1310 3835 aliam

225 3864 349 3921 formam
373 3863 505 3933 subierit,
529 3863 724 3921 demonstrari
743 3862 861 3938 poterit,
884 3862 935 3919 ubi
958 3861 1083 3936 denique
1106 3861 1181 3920 satis
1201 3879 1311 3920 cauam

225 3967 289 4005 esso
312 3949 515 4025 intellegetur,
545 3967 596 4005 cur
623 3948 758 4006 institut-a
780 3949 856 4006 ratio
879 3967 936 4004 non
960 3955 1078 4004 servata
1100 3946 1149 4007 sit.
1196 3947 1312 4007 Huius·

227 4033 305 4090 modi
330 4043 358 4090 et
381 4034 411 4091 hi
434 4034 491 4091 loci
515 4044 581 4090 sunt
605 4043 633 4090 et
656 4034 721 4091 alii:

311 4121 341 4176 A
364 4119 439 4192 (sine
462 4123 545 4193 nour).
569 4120 657 4177 Tusc.
676 4121 733 4189 ΙΙΙ,
753 4121 785 4175 b:
809 4119 847 4175 At
868 4128 892 4175 et
914 4118 1001 4175 morbi
1018 4120 1228 4193 perniciosiores
1246 4120 1311 4196 plu·

225 4224 321 4280 resque
338 4215 399 4261 sarrit
417 4207 500 4261 orrirm'
516 4215 570 4261 cet.
602 4205 669 4261 Non
689 4205 822 4279 sequitur
839 4214 871 4273 et,
889 4212 992 4278 operte
1009 4213 1106 4260 tamen
1124 4204 1313 4279 postulatum

226 4291 385 4366 praecessit
403 4290 480 4347 enim
498 4290 690 4366 interrogatio
703 4290 878 4347 diiunctivo:
896 4300 985 4353 utrum
1002 4290 1077 4364 quod
1092 4292 1183 4348 aurius
1201 4302 1315 4349 noceam

225 4380 310 4432 omini
330 4379 523 4450 aegrotationes
546 4397 628 4452 quma
650 4379 778 4452 corporis,
801 4396 837 4433 on
860 4377 934 4451 quod
951 4394 1067 4451 corporo
1083 4380 1181 4433 canori
1196 4380 1316 4453 possint,

226 4465 373 4518 oniruorum
392 4463 522 4519 rnedicino
540 4466 614 4521 ortelio
631 4466 684 4519 n'tt
717 4463 883 4537 Utrumque
895 4460 1000 4522 Cicero
1017 4478 1175 4520 removere
1192 4462 1317 4541 incipit:
