3030 5086
430 481 472 526 nr
496 480 576 526 nnn.
599 480 663 527 arn.
685 480 721 526 111
743 480 817 527 car.
836 481 993 545 cte-10.)
1186 462 1251 529 493

177 650 315 733 [inventa
337 647 444 729 suntll
490 649 537 711 De
565 647 679 729 quihus
708 647 768 712 etsi
795 668 814 713 a
837 646 1013 730 Chrysippo
1041 648 1175 713 maxime
1202 656 1252 714 est

175 751 378 828 elaboratum,
402 760 505 813 tamen
522 768 542 812 a
558 750 682 814 Zenone
699 750 800 814 minus
817 750 914 814 multo
932 769 1024 831 quam
1042 751 1081 815 ah
1098 750 1249 832 antiquis;

175 853 214 917 ah
231 852 290 917 hoc
306 859 410 915 autem
430 851 586 931 quaedam
606 870 667 915 non
685 850 804 930 melius,
827 870 920 933 quam
938 862 1073 930 veteres;
1096 853 1250 933 quaedam

175 955 300 1018 omuino
319 953 436 1016 relicta.
485 955 531 1016 10.
556 953 694 1034 Cumque
705 954 787 1018 duae
798 953 861 1017 sint
872 963 966 1033 artes,
983 953 1097 1035 quihus
1114 952 1250 1034 perfecte

176 1056 255 1119 ratio
276 1063 306 1119 et
323 1054 423 1118 oratio
442 1054 642 1133 compleatur,
660 1073 723 1118 una
739 1055 925 1134 inveniendi,
948 1055 1048 1120 altera
1065 1055 1250 1133 disserendi,
1267 1056 1288 1122 5

176 1158 255 1220 lianc
272 1155 477 1237 posteriorem
495 1163 526 1219 et
543 1156 636 1220 Stoici
654 1163 684 1220 et
701 1156 909 1237 Peripatetici,
931 1157 1069 1238 priorem
1086 1170 1190 1222 autem
1207 1156 1250 1221 illi

176 1258 300 1338 egregie
322 1258 529 1334 tradiderunt,
551 1256 584 1320 hi
606 1257 730 1321 omniuo
748 1276 787 1321 ne
803 1259 976 1339 attigerunt
992 1259 1125 1339 quidem.
1170 1258 1250 1322 Nam

176 1380 193 1423 e
221 1358 333 1438 quibus
362 1359 437 1422 locis
465 1358 555 1439 quasi
585 1358 741 1423 thesauris
769 1367 954 1440 argumenta
982 1361 1249 1440 depromerentur,

176 1460 272 1524 vestri
295 1480 333 1523 ne
356 1459 504 1540 suspicati
527 1459 652 1540 quidem
676 1470 762 1539 sunt,
791 1461 971 1541 superiores
993 1468 1097 1526 autem
1119 1458 1251 1525 artificio

176 1571 207 1625 et
230 1562 279 1624 via
301 1560 507 1624 tradiderunt.
544 1564 631 1640 Quae
653 1561 780 1642 quidem
801 1581 856 1626 ars
879 1560 981 1639 eflicit,
1004 1581 1044 1626 ne
1066 1580 1192 1627 necesse
1208 1562 1251 1627 sit
1270 1566 1311 1630 10

248 1752 266 1795 l.
286 1746 381 1794 iacente
398 1756 452 1795 sant
470 1762 519 1795 om.
541 1735 569 1795 L'
597 1756 618 1795 et
637 1747 732 1796 inuenta
750 1747 793 1797 Or.
813 1747 954 1797 sinauneis
990 1754 1012 1796 2.
1032 1749 1119 1797 tamid
1155 1753 1178 1799 4,
1195 1764 1250 1812 per·

174 1816 269 1871 sectaE
307 1818 328 1862 7.
347 1831 393 1862 raon
412 1816 467 1878 (pro
486 1815 556 1880 ae)L
596 1820 632 1863 10.
655 1813 707 1881 [ars
725 1830 773 1868 orn.
785 1814 820 1882 A]
841 1817 977 1875 resectati,
997 1815 1040 1867 Or.
1067 1815 1147 1881 effecit
1161 1815 1249 1866 LPOr.

175 1883 299 1946 affecr'tll
334 1899 362 1930 aa
380 1898 429 1931 om.
448 1884 495 1931 ER

176 2039 321 2105 omnihus,
345 2047 463 2112 praeter
487 2039 510 2095 L
532 2048 680 2108 nostrum,
703 2039 787 2096 codd.
810 2038 921 2112 (Grac,
947 2039 1033 2108 Dea,
1057 2039 1146 2109 Oxx,
1170 2039 1250 2112 Gzii)

175 2123 315 2198 scriptum
329 2134 387 2187 est:
406 2141 500 2196 neque
518 2124 594 2178 enim
609 2123 662 2180 hoc
680 2143 716 2179 ex
735 2143 770 2181 eo
783 2136 878 2181 ortum
892 2143 955 2180 esse
968 2134 1074 2199 potest,
1093 2124 1171 2199 quod
1183 2125 1251 2180 iude

175 2209 298 2264 alunta
315 2209 545 2264 substituerunt:
568 2212 688 2266 instituta
706 2219 769 2265 aaut
789 2219 814 2265 et
831 2213 945 2267 invente.
990 2210 1055 2266 Nec
1074 2220 1172 2266 tamen
1189 2208 1251 2267 ullo

174 2294 261 2350 modo
283 2292 313 2348 in
332 2293 387 2348 hac
404 2292 546 2349 orationis
562 2291 659 2350 forma
675 2291 747 2350 ferri
764 2294 927 2369 asyndeton
944 2293 1019 2351 illud
1036 2303 1066 2351 at
1082 2294 1166 2352 verbi
1183 2295 1251 2351 sub·

174 2376 295 2434 stantivi
318 2377 478 2452 geminatio
501 2386 607 2452 petest.
641 2378 790 2450 (Debebat
810 2379 915 2435 saltem
932 2378 1004 2435 dici:
1027 2383 1252 2436 nonaaa'acantat

174 2462 225 2517 sed
243 2462 315 2518 nihil
333 2462 452 2518 ornnino
470 2471 525 2529 est,
549 2480 601 2518 eur
618 2463 690 2519 haec
707 2463 750 2519 sic
767 2463 990 2536 distrahantur.)
1012 2464 1117 2538 Itaque
1131 2481 1251 2539 prorsus

174 2547 261 2602 oredo
274 2547 366 2602 teneri
380 2546 426 2602 hic
438 2546 592 2620 antiquum
604 2548 897 2623 interpretamentum
909 2548 1070 2624 ascriptum
1082 2548 1250 2605 adverbum

174 2635 303 2694 irretitam,
321 2633 398 2706 quod
413 2631 568 2705 siguificat,
587 2633 625 2688 ab
637 2632 696 2689 illis
708 2632 834 2707 primum
847 2633 920 2689 haec
932 2642 1058 2690 tractata
1069 2651 1134 2690 esse
1146 2643 1174 2690 et
1191 2631 1252 2690 for·

176 2734 251 2771 mern
265 2717 414 2789 accepisse
427 2715 491 2784 (cfr.
506 2717 542 2772 ad
556 2717 619 2788 §3)·
643 2713 699 2796 [Ut
710 2718 736 2775 L
748 2718 805 2774 iarn
818 2717 864 2776 ed.
876 2718 955 2774 1496
968 2727 999 2774 et
1009 2719 1134 2775 Ascens.
1146 2713 1251 2798 1511.]

175 2801 316 2856 Proxima
336 2801 377 2856 sic
397 2805 568 2857 cohaerent:
592 2801 777 2876 Quamquam
797 2801 981 2879 Chrysippus
997 2802 1114 2861 Stoicus
1135 2803 1167 2860 in
1190 2802 1251 2860 dia-

174 2885 287 2941 lecticis
310 2885 351 2940 ita
374 2885 547 2954 elaboravit,
571 2895 604 2943 ut
625 2886 737 2961 aliquid
760 2887 897 2962 propriae
919 2886 1016 2944 laudis
1036 2886 1067 2945 in
1091 2888 1145 2944 hac
1168 2897 1252 2964 parte

176 2970 267 3028 Stoici
286 2970 394 3025 hebere
406 2970 572 3040 videantur,
596 2971 676 3027 Zeno
694 2981 801 3040 iernen,
825 2971 860 3027 de
878 2971 960 3027 cuius
971 2989 1037 3028 cum
1050 2972 1252 3048 superioribus

175 3055 394 3128 comparatione
413 3064 441 3110 et
459 3055 496 3109 ab
514 3055 551 3112 iis
563 3055 741 3112 discessione
753 3056 912 3130 quaeritur,
931 3056 1024 3113 multo
1041 3057 1136 3113 minus
1153 3057 1183 3113 in
1196 3056 1252 3114 hoc

175 3158 282 3214 genere
304 3139 469 3195 elaboravit
490 3158 578 3214 qnam
597 3149 721 3197 veteres.
764 3141 815 3198 Ab
833 3142 896 3216 ipso
914 3150 1012 3198 antam
1025 3141 1193 3217 Chrysippo
1204 3142 1251 3213 (ab

176 3227 233 3293 hoc,
257 3225 306 3297 qui
330 3236 447 3298 praeter
466 3235 579 3282 ceteros
597 3225 728 3297 excellit)
745 3227 888 3300 quaedam
912 3244 970 3283 non
990 3226 1093 3284 melius
1111 3226 1252 3284 docentur

176 3321 204 3364 et
227 3309 396 3366 traduntur.
425 3329 512 3382 qnam
535 3318 652 3367 veteres
674 3311 865 3370 tradiderant.
911 3311 1120 3369 Nominativus
1143 3322 1251 3379 veteres,

173 3394 203 3450 in
216 3413 275 3468 qno
288 3394 448 3451 Lambinus
460 3404 488 3452 et
500 3395 550 3452 alii
563 3396 732 3466 haeserunt,
750 3396 846 3453 minus
863 3395 952 3453 habet
963 3395 1145 3467 offensionis,
1163 3397 1251 3471 quod,

175 3497 240 3535 curn
253 3479 375 3535 verbum
393 3479 423 3533 iu
443 3490 503 3537 tota
515 3481 570 3536 hac
583 3481 729 3537 sententie
741 3470 800 3536 ἀπὸ
812 3477 912 3536 κοινοῦ
927 3491 1104 3552 assumatur,
1122 3483 1251 3539 activum

175 3581 233 3618 non
247 3564 341 3618 minus
353 3562 440 3618 facile
453 3567 605 3622 succurrit.
618 3562 786 3645 [efradlt
797 3566 844 3622 17.
861 3566 929 3622 Tam
940 3585 994 3641 pro
1007 3576 1093 3624 waren
1105 3568 1194 3624 etiarn
1202 3563 1251 3646 Β.]

264 3650 311 3704 10.
337 3652 455 3720 priorem
482 3661 571 3707 catera
598 3654 638 3708 itti
658 3651 728 3726 cet.)
759 3650 939 3708 Notabiliter
966 3653 1026 3708 illos
1055 3652 1147 3722 dixit,
1178 3669 1252 3726 quos

174 3733 296 3807 propius
319 3733 493 3803 nonrinarat,
516 3737 572 3805 hes,
596 3754 670 3810 quos
687 3737 777 3812 prius.
811 3735 870 3794 Sed
887 3745 1019 3811 tempore
1038 3744 1068 3793 et
1084 3736 1252 3812 cognitione

175 3818 328 3893 propiores
357 3827 441 3873 erant
469 3819 562 3878 Stoici
590 3839 678 3894 quam
703 3831 805 3878 veteres
832 3820 890 3890 illi;
921 3820 975 3879 cfr.
1004 3826 1019 3891 ξ
1046 3822 1093 3879 12.
1137 3821 1252 3896 Topica

175 3902 347 3959 Aristotelis
370 3902 528 3977 significari
552 3914 582 3961 et
602 3906 645 3962 ita
667 3906 792 3975 laudari,
814 3914 848 3961 ut
869 3916 1016 3962 oratorem
1036 3906 1129 3982 magis
1148 3906 1252 3963 audias

175 4005 261 4059 quam
286 3987 504 4063 philosophum,
528 3999 660 4064 apparet.
707 3989 748 4068 [B
766 3987 944 4066 perfectam]

265 4072 341 4140 Quae
363 4075 470 4145 qaidaa
491 4094 540 4131 crs
563 4076 656 4148 efficit)
681 4071 746 4155 [Sic
764 4092 841 4131 nunc
864 4074 978 4149 scripsi,
1001 4093 1061 4131 nna
1084 4074 1183 4131 littera
1202 4075 1252 4132 da·

175 4166 270 4212 tracta
292 4158 459 4230 additaque.
496 4160 572 4216 Nam
597 4169 625 4215 et
647 4180 691 4216 res
706 4192 740 4202 -
760 4160 840 4216 rebus
859 4177 917 4216 noa
935 4160 1009 4216 bane
1025 4170 1204 4216 concurrunt
1221 4168 1252 4217 et

176 4242 294 4299 minime
307 4253 405 4314 aptum
420 4254 464 4300 est
480 4244 515 4299 ed
533 4244 733 4301 inventionem
750 4244 823 4302 artis
840 4243 1061 4319 significandam
1079 4247 1120 4301 rei
1134 4262 1251 4315 nomon,

174 4326 212 4382 ad
223 4338 316 4383 artem
329 4345 399 4383 vero
416 4329 510 4403 ipsam
530 4328 622 4386 multo
640 4329 752 4400 minus;
769 4330 846 4387 hanc
863 4336 961 4385 autem
979 4328 1113 4406 intellegi
1124 4329 1253 4387 ostendit

174 4411 263 4469 etiam
275 4412 443 4470 restitutum
456 4433 493 4471 ex
500 4413 620 4472 ABErl.
627 4414 791 4490 praesentis
802 4413 944 4490 temporis
950 4414 1082 4487 verbum,
1094 4414 1173 4489 quod
1185 4432 1251 4473 cnm
1270 4429 1272 4433 ’
