<?xml version="1.0" encoding="UTF-8"?>
<!DOCTYPE html PUBLIC "-//W3C//DTD XHTML 1.0 Transitional//EN"
    "http://www.w3.org/TR/xhtml1/DTD/xhtml1-transitional.dtd">
<html xmlns="http://www.w3.org/1999/xhtml" xml:lang="en" lang="en">
 <head>
  <title>
</title>
<meta http-equiv="Content-Type" content="text/html;charset=utf-8" />
  <meta name='ocr-system' content='tesseract 3.04.00' />
  <meta name='ocr-capabilities' content='ocr_page ocr_carea ocr_par ocr_line ocrx_word'/>
</head>
<body>
  <div class='ocr_page' id='page_1' title='image "./mtulliiciceroni35cicegoog_0540.png"; bbox 0 0 3030 5086; ppageno 0'>
   <div class='ocr_carea' id='block_1_1' title="bbox 252 448 942 515">
    <p class='ocr_par' dir='ltr' id='par_1_1' title="bbox 252 448 942 515">
     <span class='ocr_line' id='line_1_1' title="bbox 252 448 942 515; baseline -0.006 0"><span class='ocrx_word' id='word_1_1' title='bbox 252 448 318 515; x_wconf 82' lang='lat'>440</span> <span class='ocrx_word' id='word_1_2' title='bbox 647 467 692 513; x_wconf 87' lang='lat' dir='ltr'>na</span> <span class='ocrx_word' id='word_1_3' title='bbox 715 467 846 514; x_wconf 73' lang='lat' dir='ltr'>amaus</span> <span class='ocrx_word' id='word_1_4' title='bbox 868 467 942 514; x_wconf 84' lang='lat' dir='ltr'>anu.</span> 
     </span>
    </p>
   </div>
   <div class='ocr_carea' id='block_1_2' title="bbox 167 626 1364 1427">
    <p class='ocr_par' dir='ltr' id='par_1_2' title="bbox 340 626 1339 716">
     <span class='ocr_line' id='line_1_2' title="bbox 340 626 1339 716; baseline -0.001 -17"><span class='ocrx_word' id='word_1_5' title='bbox 340 635 440 700; x_wconf 88' lang='lat' dir='ltr'><strong>XVII.</strong></span> <span class='ocrx_word' id='word_1_6' title='bbox 463 636 513 700; x_wconf 86' lang='lat'>56.</span> <span class='ocrx_word' id='word_1_7' title='bbox 537 635 632 713; x_wconf 88' lang='lat' dir='ltr'>Haec,</span> <span class='ocrx_word' id='word_1_8' title='bbox 654 653 735 716; x_wconf 88' lang='lat' dir='ltr'>quae</span> <span class='ocrx_word' id='word_1_9' title='bbox 756 626 938 716; x_wconf 80' lang='lat' dir='ltr'>praeposita</span> <span class='ocrx_word' id='word_1_10' title='bbox 959 635 1099 714; x_wconf 69' lang='lat' dir='ltr'>dicimus</span> <span class='ocrx_word' id='word_1_11' title='bbox 1120 635 1236 716; x_wconf 87' lang='lat' dir='ltr'>partim</span> <span class='ocrx_word' id='word_1_12' title='bbox 1258 639 1339 698; x_wconf 89' lang='lat' dir='ltr'>sunt</span> 
     </span>
    </p>

    <p class='ocr_par' dir='ltr' id='par_1_3' title="bbox 167 733 1364 1427">
     <span class='ocr_line' id='line_1_3' title="bbox 254 733 1364 819; baseline -0.002 -18"><span class='ocrx_word' id='word_1_13' title='bbox 254 756 311 818; x_wconf 91' lang='lat' dir='ltr'>per</span> <span class='ocrx_word' id='word_1_14' title='bbox 333 755 368 802; x_wconf 90' lang='lat' dir='ltr'>se</span> <span class='ocrx_word' id='word_1_15' title='bbox 389 736 461 817; x_wconf 86' lang='lat' dir='ltr'>ipsa</span> <span class='ocrx_word' id='word_1_16' title='bbox 483 736 675 818; x_wconf 76' lang='lat' dir='ltr'>praeposite,</span> <span class='ocrx_word' id='word_1_17' title='bbox 698 737 813 819; x_wconf 87' lang='lat' dir='ltr'>partim</span> <span class='ocrx_word' id='word_1_18' title='bbox 836 738 920 818; x_wconf 88' lang='lat' dir='ltr'>quod</span> <span class='ocrx_word' id='word_1_19' title='bbox 942 736 1060 818; x_wconf 87' lang='lat' dir='ltr'>aliquid</span> <span class='ocrx_word' id='word_1_20' title='bbox 1082 733 1233 814; x_wconf 88' lang='lat' dir='ltr'>efficiunt,</span> <span class='ocrx_word' id='word_1_21' title='bbox 1256 753 1364 816; x_wconf 86' lang='lat' dir='ltr'>par--</span> 
     </span>
     <span class='ocr_line' id='line_1_4' title="bbox 224 837 1336 919; baseline -0.002 -16"><span class='ocrx_word' id='word_1_22' title='bbox 224 892 232 903; x_wconf 79' lang='lat'><strong>.</strong></span> <span class='ocrx_word' id='word_1_23' title='bbox 255 839 311 903; x_wconf 88' lang='lat' dir='ltr'>tim</span> <span class='ocrx_word' id='word_1_24' title='bbox 333 845 514 918; x_wconf 88' lang='lat' dir='ltr'>utrumque:</span> <span class='ocrx_word' id='word_1_25' title='bbox 536 857 593 919; x_wconf 91' lang='lat' dir='ltr'>per</span> <span class='ocrx_word' id='word_1_26' title='bbox 616 857 659 915; x_wconf 83' lang='lat' dir='ltr'>se,</span> <span class='ocrx_word' id='word_1_27' title='bbox 681 846 717 902; x_wconf 88' lang='lat' dir='ltr'>ut</span> <span class='ocrx_word' id='word_1_28' title='bbox 738 838 863 919; x_wconf 88' lang='lat' dir='ltr'>quidam</span> <span class='ocrx_word' id='word_1_29' title='bbox 881 837 1006 903; x_wconf 88' lang='lat' dir='ltr'>habitus</span> <span class='ocrx_word' id='word_1_30' title='bbox 1028 838 1092 903; x_wconf 85' lang='lat' dir='ltr'>oris</span> <span class='ocrx_word' id='word_1_31' title='bbox 1112 845 1144 903; x_wconf 89' lang='lat' dir='ltr'>et</span> <span class='ocrx_word' id='word_1_32' title='bbox 1160 837 1275 915; x_wconf 86' lang='lat' dir='ltr'>vultus,</span> <span class='ocrx_word' id='word_1_33' title='bbox 1297 842 1336 901; x_wconf 86' lang='lat' dir='ltr'>ut</span> 
     </span>
     <span class='ocr_line' id='line_1_5' title="bbox 255 938 1337 1021; baseline -0.002 -17"><span class='ocrx_word' id='word_1_34' title='bbox 255 947 367 1019; x_wconf 86' lang='lat' dir='ltr'>status,</span> <span class='ocrx_word' id='word_1_35' title='bbox 390 946 425 1004; x_wconf 87' lang='lat' dir='ltr'>ut</span> <span class='ocrx_word' id='word_1_36' title='bbox 441 946 553 1017; x_wconf 87' lang='lat' dir='ltr'>motus,</span> <span class='ocrx_word' id='word_1_37' title='bbox 569 940 601 1003; x_wconf 90' lang='lat' dir='ltr'>in</span> <span class='ocrx_word' id='word_1_38' title='bbox 619 938 733 1021; x_wconf 85' lang='lat' dir='ltr'>quibus</span> <span class='ocrx_word' id='word_1_39' title='bbox 750 947 825 1004; x_wconf 84' lang='lat' dir='ltr'>sunt</span> <span class='ocrx_word' id='word_1_40' title='bbox 840 948 871 1004; x_wconf 88' lang='lat' dir='ltr'>et</span> <span class='ocrx_word' id='word_1_41' title='bbox 887 940 1112 1021; x_wconf 85' lang='lat' dir='ltr'>praeponenda</span> <span class='ocrx_word' id='word_1_42' title='bbox 1129 939 1285 1021; x_wconf 76' lang='lat' dir='ltr'><strong>quaedam</strong></span> <span class='ocrx_word' id='word_1_43' title='bbox 1301 943 1337 1002; x_wconf 87' lang='lat' dir='ltr'>et</span> 
     </span>
     <span class='ocr_line' id='line_1_6' title="bbox 167 1041 1337 1122; baseline -0.003 -14"><span class='ocrx_word' id='word_1_44' title='bbox 167 1065 171 1076; x_wconf 95' lang='lat'>·</span> <span class='ocrx_word' id='word_1_45' title='bbox 216 1044 237 1108; x_wconf 86' lang='lat'>5</span> <span class='ocrx_word' id='word_1_46' title='bbox 255 1041 427 1120; x_wconf 80' lang='lat' dir='ltr'>reicienda3</span> <span class='ocrx_word' id='word_1_47' title='bbox 450 1041 513 1106; x_wconf 88' lang='lat' dir='ltr'>alia</span> <span class='ocrx_word' id='word_1_48' title='bbox 535 1041 573 1105; x_wconf 92' lang='lat' dir='ltr'>ob</span> <span class='ocrx_word' id='word_1_49' title='bbox 596 1059 663 1106; x_wconf 81' lang='lat' dir='ltr'>eant</span> <span class='ocrx_word' id='word_1_50' title='bbox 681 1059 746 1106; x_wconf 90' lang='lat' dir='ltr'>rem</span> <span class='ocrx_word' id='word_1_51' title='bbox 763 1041 947 1122; x_wconf 88' lang='lat' dir='ltr'>praeposita</span> <span class='ocrx_word' id='word_1_52' title='bbox 963 1041 1114 1120; x_wconf 88' lang='lat' dir='ltr'>dicentur,</span> <span class='ocrx_word' id='word_1_53' title='bbox 1137 1042 1222 1122; x_wconf 89' lang='lat' dir='ltr'>quod</span> <span class='ocrx_word' id='word_1_54' title='bbox 1243 1059 1283 1106; x_wconf 86' lang='lat' dir='ltr'>ex</span> <span class='ocrx_word' id='word_1_55' title='bbox 1298 1056 1337 1104; x_wconf 85' lang='lat' dir='ltr'>se</span> 
     </span>
     <span class='ocr_line' id='line_1_7' title="bbox 255 1141 1335 1224; baseline -0.004 -16"><span class='ocrx_word' id='word_1_56' title='bbox 255 1143 375 1224; x_wconf 88' lang='lat' dir='ltr'>aliquid</span> <span class='ocrx_word' id='word_1_57' title='bbox 397 1141 547 1222; x_wconf 84' lang='lat' dir='ltr'>efficiant,</span> <span class='ocrx_word' id='word_1_58' title='bbox 571 1150 607 1207; x_wconf 88' lang='lat' dir='ltr'>ut</span> <span class='ocrx_word' id='word_1_59' title='bbox 627 1143 774 1223; x_wconf 86' lang='lat' dir='ltr'>pecunia,</span> <span class='ocrx_word' id='word_1_60' title='bbox 796 1142 859 1207; x_wconf 88' lang='lat' dir='ltr'>alia</span> <span class='ocrx_word' id='word_1_61' title='bbox 880 1152 984 1208; x_wconf 85' lang='lat' dir='ltr'>autem</span> <span class='ocrx_word' id='word_1_62' title='bbox 1008 1143 1047 1209; x_wconf 92' lang='lat' dir='ltr'>ob</span> <span class='ocrx_word' id='word_1_63' title='bbox 1069 1151 1235 1223; x_wconf 88' lang='lat' dir='ltr'>utramque</span> <span class='ocrx_word' id='word_1_64' title='bbox 1256 1159 1335 1215; x_wconf 87' lang='lat' dir='ltr'>rem,</span> 
     </span>
     <span class='ocr_line' id='line_1_8' title="bbox 256 1244 1337 1326; baseline -0.003 -17"><span class='ocrx_word' id='word_1_65' title='bbox 256 1253 292 1310; x_wconf 88' lang='lat' dir='ltr'>ut</span> <span class='ocrx_word' id='word_1_66' title='bbox 312 1245 425 1326; x_wconf 83' lang='lat' dir='ltr'>integri</span> <span class='ocrx_word' id='word_1_67' title='bbox 447 1262 573 1322; x_wconf 86' lang='lat' dir='ltr'>sensus,</span> <span class='ocrx_word' id='word_1_68' title='bbox 603 1251 638 1308; x_wconf 91' lang='lat' dir='ltr'>ut</span> <span class='ocrx_word' id='word_1_69' title='bbox 659 1244 741 1308; x_wconf 91' lang='lat' dir='ltr'>bona</span> <span class='ocrx_word' id='word_1_70' title='bbox 762 1244 917 1309; x_wconf 82' lang='lat' dir='ltr'>valetudo,</span> <span class='ocrx_word' id='word_1_71' title='bbox 968 1247 1019 1310; x_wconf 85' lang='grc'>51.</span> <span class='ocrx_word' id='word_1_72' title='bbox 1048 1245 1096 1310; x_wconf 82' lang='grc'><strong>05</strong></span> <span class='ocrx_word' id='word_1_73' title='bbox 1125 1245 1206 1310; x_wconf 88' lang='lat' dir='ltr'>bona</span> <span class='ocrx_word' id='word_1_74' title='bbox 1228 1253 1337 1309; x_wconf 85' lang='lat' dir='ltr'>autern</span> 
     </span>
     <span class='ocr_line' id='line_1_9' title="bbox 255 1341 1337 1427; baseline -0.001 -17"><span class='ocrx_word' id='word_1_75' title='bbox 255 1345 550 1427; x_wconf 77' lang='lat' dir='ltr'>iamatquamenim</span> <span class='ocrx_word' id='word_1_76' title='bbox 566 1346 728 1427; x_wconf 88' lang='lat' dir='ltr'>appellant</span> <span class='ocrx_word' id='word_1_77' title='bbox 715 1341 887 1418; x_wconf 71' lang='grc' dir='ltr'><strong>1.ευ’15ξίαν</strong></span> <span class='ocrx_word' id='word_1_78' title='bbox 906 1346 1009 1427; x_wconf 88' lang='lat' dir='ltr'>aptius</span> <span class='ocrx_word' id='word_1_79' title='bbox 1027 1354 1076 1410; x_wconf 88' lang='lat' dir='ltr'>est</span> <span class='ocrx_word' id='word_1_80' title='bbox 1063 1342 1337 1411; x_wconf 87' lang='lat' dir='ltr'>tbonamiamam</span> 
     </span>
    </p>
   </div>
   <div class='ocr_carea' id='block_1_3' title="bbox 249 1513 1338 1785">
    <p class='ocr_par' dir='ltr' id='par_1_4' title="bbox 331 1513 1337 1580">
     <span class='ocr_line' id='line_1_10' title="bbox 331 1513 1337 1580; baseline -0.002 -15.915"><span class='ocrx_word' id='word_1_81' title='bbox 331 1515 430 1565; x_wconf 70' lang='lat' dir='ltr'>tbaec</span> <span class='ocrx_word' id='word_1_82' title='bbox 448 1513 508 1564; x_wconf 82' lang='lat' dir='ltr'>enirn</span> <span class='ocrx_word' id='word_1_83' title='bbox 526 1514 626 1578; x_wconf 76' lang='lat' dir='ltr'>qnaeL</span> <span class='ocrx_word' id='word_1_84' title='bbox 680 1519 704 1563; x_wconf 80' lang='lat'><strong>³.</strong></span> <span class='ocrx_word' id='word_1_85' title='bbox 728 1514 786 1578; x_wconf 80' lang='lat' dir='ltr'>qaia</span> <span class='ocrx_word' id='word_1_86' title='bbox 805 1514 861 1580; x_wconf 89' lang='lat' dir='ltr'>(pro</span> <span class='ocrx_word' id='word_1_87' title='bbox 879 1514 986 1580; x_wconf 80' lang='lat' dir='ltr'>qnidam)</span> <span class='ocrx_word' id='word_1_88' title='bbox 1007 1515 1027 1563; x_wconf 82' lang='lat' dir='ltr'>E</span> <span class='ocrx_word' id='word_1_89' title='bbox 1080 1523 1101 1564; x_wconf 78' lang='lat' dir='ltr'>ct</span> <span class='ocrx_word' id='word_1_90' title='bbox 1123 1513 1199 1564; x_wconf 80' lang='lat' dir='ltr'>uoltus</span> <span class='ocrx_word' id='word_1_91' title='bbox 1216 1521 1296 1563; x_wconf 77' lang='lat' dir='ltr'>statua</span> <span class='ocrx_word' id='word_1_92' title='bbox 1314 1520 1337 1562; x_wconf 82' lang='grc'>51</span> 
     </span>
    </p>

    <p class='ocr_par' dir='ltr' id='par_1_5' title="bbox 257 1579 1337 1663">
     <span class='ocr_line' id='line_1_11' title="bbox 257 1579 1337 1663; baseline 0.001 -32"><span class='ocrx_word' id='word_1_93' title='bbox 257 1593 331 1633; x_wconf 73' lang='lat' dir='ltr'>motus</span> <span class='ocrx_word' id='word_1_94' title='bbox 355 1585 376 1632; x_wconf 79' lang='lat' dir='ltr'>E</span> <span class='ocrx_word' id='word_1_95' title='bbox 435 1590 458 1631; x_wconf 83' lang='lat'><strong>⁴.</strong></span> <span class='ocrx_word' id='word_1_96' title='bbox 485 1581 605 1649; x_wconf 84' lang='lat' dir='ltr'>[ponenda</span> <span class='ocrx_word' id='word_1_97' title='bbox 628 1581 661 1648; x_wconf 76' lang='lat' dir='ltr'>A]</span> <span class='ocrx_word' id='word_1_98' title='bbox 689 1591 711 1632; x_wconf 80' lang='lat' dir='ltr'>ct</span> <span class='ocrx_word' id='word_1_99' title='bbox 734 1582 905 1663; x_wconf 79' lang='lat' dir='ltr'>praeponenda</span> <span class='ocrx_word' id='word_1_100' title='bbox 931 1592 984 1632; x_wconf 83' lang='lat' dir='ltr'>aaut</span> <span class='ocrx_word' id='word_1_101' title='bbox 1008 1584 1029 1632; x_wconf 83' lang='lat' dir='ltr'><strong>E</strong></span> <span class='ocrx_word' id='word_1_102' title='bbox 1081 1581 1200 1647; x_wconf 77' lang='lat' dir='ltr'><strong><em>quaedam</em></strong></span> <span class='ocrx_word' id='word_1_103' title='bbox 1223 1582 1295 1631; x_wconf 79' lang='lat' dir='ltr'>etiarn</span> <span class='ocrx_word' id='word_1_104' title='bbox 1315 1579 1337 1632; x_wconf 82' lang='lat' dir='ltr'>O</span> 
     </span>
    </p>

    <p class='ocr_par' dir='ltr' id='par_1_6' title="bbox 249 1649 1338 1785">
     <span class='ocr_line' id='line_1_12' title="bbox 259 1649 1338 1719; baseline -0.004 -16.826"><span class='ocrx_word' id='word_1_105' title='bbox 259 1651 464 1719; x_wconf 81' lang='lat' dir='ltr'>6[obrntamqae</span> <span class='ocrx_word' id='word_1_106' title='bbox 478 1649 513 1718; x_wconf 80' lang='lat' dir='ltr'>A]</span> <span class='ocrx_word' id='word_1_107' title='bbox 553 1655 573 1701; x_wconf 84' lang='grc'>7.</span> <span class='ocrx_word' id='word_1_108' title='bbox 593 1659 615 1700; x_wconf 85' lang='lat' dir='ltr'>et</span> <span class='ocrx_word' id='word_1_109' title='bbox 633 1652 731 1700; x_wconf 85' lang='lat' dir='ltr'>bonaE</span> <span class='ocrx_word' id='word_1_110' title='bbox 768 1652 827 1702; x_wconf 83' lang='lat' dir='ltr'>anim</span> <span class='ocrx_word' id='word_1_111' title='bbox 846 1656 902 1716; x_wconf 88' lang='lat' dir='ltr'>(pro</span> <span class='ocrx_word' id='word_1_112' title='bbox 920 1651 1041 1712; x_wconf 62' lang='lat' dir='ltr'>autemid</span> <span class='ocrx_word' id='word_1_113' title='bbox 1077 1657 1100 1699; x_wconf 85' lang='lat'><strong>6.</strong></span> <span class='ocrx_word' id='word_1_114' title='bbox 1118 1650 1161 1699; x_wconf 82' lang='lat' dir='ltr'>boc</span> <span class='ocrx_word' id='word_1_115' title='bbox 1179 1649 1231 1699; x_wconf 82' lang='lat' dir='ltr'>loco</span> <span class='ocrx_word' id='word_1_116' title='bbox 1250 1650 1338 1699; x_wconf 82' lang='lat' dir='ltr'>bonurn</span> 
     </span>
     <span class='ocr_line' id='line_1_13' title="bbox 249 1690 976 1785; baseline -0.003 -15"><span class='ocrx_word' id='word_1_117' title='bbox 249 1690 348 1782; x_wconf 82' lang='lat' dir='ltr'>somam</span> <span class='ocrx_word' id='word_1_118' title='bbox 366 1719 507 1770; x_wconf 83' lang='lat' dir='ltr'>PMCROr.</span> <span class='ocrx_word' id='word_1_119' title='bbox 525 1719 568 1768; x_wconf 82' lang='lat' dir='ltr'>boc</span> <span class='ocrx_word' id='word_1_120' title='bbox 586 1720 669 1769; x_wconf 81' lang='lat' dir='ltr'><strong><em>bonam</em></strong></span> <span class='ocrx_word' id='word_1_121' title='bbox 678 1721 777 1785; x_wconf 84' lang='lat' dir='ltr'><strong><em>samam</em></strong></span> <span class='ocrx_word' id='word_1_122' title='bbox 796 1725 856 1778; x_wconf 90' lang='lat' dir='ltr'><strong>(om.</strong></span> <span class='ocrx_word' id='word_1_123' title='bbox 875 1718 936 1781; x_wconf 85' lang='lat' dir='ltr'>ioco)</span> <span class='ocrx_word' id='word_1_124' title='bbox 955 1719 976 1767; x_wconf 94' lang='lat' dir='ltr'>L</span> 
     </span>
    </p>
   </div>
   <div class='ocr_carea' id='block_1_4' title="bbox 155 1857 1450 4483">
    <p class='ocr_par' dir='ltr' id='par_1_7' title="bbox 155 1857 1450 4483">
     <span class='ocr_line' id='line_1_14' title="bbox 259 1857 1339 1933; baseline 0 -17"><span class='ocrx_word' id='word_1_125' title='bbox 259 1871 286 1917; x_wconf 91' lang='lat' dir='ltr'>et</span> <span class='ocrx_word' id='word_1_126' title='bbox 309 1861 367 1916; x_wconf 88' lang='lat' dir='ltr'>iarn</span> <span class='ocrx_word' id='word_1_127' title='bbox 391 1869 458 1915; x_wconf 90' lang='lat' dir='ltr'>ante</span> <span class='ocrx_word' id='word_1_128' title='bbox 481 1859 518 1929; x_wconf 88' lang='lat' dir='ltr'>ei,</span> <span class='ocrx_word' id='word_1_129' title='bbox 542 1858 591 1932; x_wconf 90' lang='lat' dir='ltr'>qui</span> <span class='ocrx_word' id='word_1_130' title='bbox 614 1859 678 1915; x_wconf 92' lang='lat' dir='ltr'>cod.</span> <span class='ocrx_word' id='word_1_131' title='bbox 702 1857 747 1917; x_wconf 87' lang='lat' dir='ltr'><strong>El.</strong></span> <span class='ocrx_word' id='word_1_132' title='bbox 769 1861 782 1914; x_wconf 94' lang='lat' dir='ltr'>l</span> <span class='ocrx_word' id='word_1_133' title='bbox 808 1858 935 1933; x_wconf 77' lang='lat' dir='ltr'>scripsit,</span> <span class='ocrx_word' id='word_1_134' title='bbox 957 1859 988 1914; x_wconf 84' lang='lat' dir='ltr'>id</span> <span class='ocrx_word' id='word_1_135' title='bbox 1009 1875 1046 1914; x_wconf 88' lang='lat' dir='ltr'>ex</span> <span class='ocrx_word' id='word_1_136' title='bbox 1068 1859 1128 1915; x_wconf 81' lang='lat' dir='ltr'>ideo</span> <span class='ocrx_word' id='word_1_137' title='bbox 1150 1868 1248 1915; x_wconf 86' lang='lat' dir='ltr'>ortum</span> <span class='ocrx_word' id='word_1_138' title='bbox 1272 1875 1339 1916; x_wconf 85' lang='lat' dir='ltr'>ease</span> 
     </span>
     <span class='ocr_line' id='line_1_15' title="bbox 260 1945 430 2001; baseline 0 -2"><span class='ocrx_word' id='word_1_139' title='bbox 260 1945 353 2001; x_wconf 85' lang='lat' dir='ltr'>risum</span> <span class='ocrx_word' id='word_1_140' title='bbox 377 1952 430 1999; x_wconf 89' lang='lat' dir='ltr'>est</span> 
     </span>
     <span class='ocr_line' id='line_1_16' title="bbox 345 2025 1336 2124; baseline 0 -39"><span class='ocrx_word' id='word_1_141' title='bbox 345 2027 419 2102; x_wconf 84' lang='lat' dir='ltr'>Cap</span> <span class='ocrx_word' id='word_1_142' title='bbox 443 2028 551 2095; x_wconf 89' lang='lat' dir='ltr'>XVII</span> <span class='ocrx_word' id='word_1_143' title='bbox 578 2029 627 2083; x_wconf 86' lang='lat'>56.</span> <span class='ocrx_word' id='word_1_144' title='bbox 672 2027 762 2083; x_wconf 83' lang='lat' dir='ltr'>Haec.</span> <span class='ocrx_word' id='word_1_145' title='bbox 793 2045 863 2101; x_wconf 81' lang='lat' dir='ltr'>qaue</span> <span class='ocrx_word' id='word_1_146' title='bbox 888 2029 1045 2102; x_wconf 78' lang='lat' dir='ltr'>praeposita</span> <span class='ocrx_word' id='word_1_147' title='bbox 1072 2025 1199 2124; x_wconf 65' lang='grc'><strong>15511155)</strong></span> <span class='ocrx_word' id='word_1_148' title='bbox 1223 2027 1336 2086; x_wconf 84' lang='lat' dir='ltr'>Eadem</span> 
     </span>
     <span class='ocr_line' id='line_1_17' title="bbox 260 2111 1338 2209; baseline 0.001 -39"><span class='ocrx_word' id='word_1_149' title='bbox 260 2113 376 2182; x_wconf 84' lang='lat' dir='ltr'>divisio,</span> <span class='ocrx_word' id='word_1_150' title='bbox 400 2130 418 2168; x_wconf 92' lang='lat' dir='ltr'>a</span> <span class='ocrx_word' id='word_1_151' title='bbox 441 2112 525 2169; x_wconf 90' lang='lat' dir='ltr'>bonis</span> <span class='ocrx_word' id='word_1_152' title='bbox 548 2112 583 2168; x_wconf 91' lang='lat' dir='ltr'>ad</span> <span class='ocrx_word' id='word_1_153' title='bbox 607 2111 778 2187; x_wconf 88' lang='lat' dir='ltr'>praeposita</span> <span class='ocrx_word' id='word_1_154' title='bbox 800 2112 952 2181; x_wconf 88' lang='lat' dir='ltr'>translata,</span> <span class='ocrx_word' id='word_1_155' title='bbox 973 2111 1135 2207; x_wconf 82' lang='lat' dir='ltr'>exponitur</span> <span class='ocrx_word' id='word_1_156' title='bbox 1148 2113 1230 2209; x_wconf 92' lang='lat' dir='ltr'>apud</span> <span class='ocrx_word' id='word_1_157' title='bbox 1248 2112 1338 2190; x_wconf 76' lang='lat' dir='ltr'>Diog.</span> 
     </span>
     <span class='ocr_line' id='line_1_18' title="bbox 261 2185 1337 2293; baseline -0.004 -37"><span class='ocrx_word' id='word_1_158' title='bbox 261 2197 538 2265; x_wconf 78' lang='lat' dir='ltr'>Laert.v11,107</span> <span class='ocrx_word' id='word_1_159' title='bbox 563 2192 646 2268; x_wconf 75' lang='lat' dir='ltr'>(Teio</span> <span class='ocrx_word' id='word_1_160' title='bbox 656 2189 861 2293; x_wconf 73' lang='grc' dir='ltr'><strong><em>προηγμένων</em></strong></span> <span class='ocrx_word' id='word_1_161' title='bbox 884 2187 924 2252; x_wconf 82' lang='lat' dir='ltr'>roi</span> <span class='ocrx_word' id='word_1_162' title='bbox 945 2185 998 2291; x_wconf 77' lang='lat' dir='ltr'>pio</span> <span class='ocrx_word' id='word_1_163' title='bbox 1021 2195 1056 2252; x_wconf 70' lang='lat' dir='ltr'>aa</span> <span class='ocrx_word' id='word_1_164' title='bbox 1081 2186 1158 2253; x_wconf 74' lang='lat' dir='ltr'>adrui</span> <span class='ocrx_word' id='word_1_165' title='bbox 1180 2193 1337 2273; x_wconf 78' lang='grc' dir='ltr'><strong><em>προῆκται,</em></strong></span> 
     </span>
     <span class='ocr_line' id='line_1_19' title="bbox 155 2269 1340 2357; baseline 0.001 -18"><span class='ocrx_word' id='word_1_166' title='bbox 155 2350 157 2354; x_wconf 90' lang='lat'><strong>.</strong></span> <span class='ocrx_word' id='word_1_167' title='bbox 260 2273 299 2340; x_wconf 79' lang='grc' dir='ltr'>τὰ</span> <span class='ocrx_word' id='word_1_168' title='bbox 323 2272 353 2339; x_wconf 84' lang='lat' dir='ltr'>di</span> <span class='ocrx_word' id='word_1_169' title='bbox 377 2281 413 2338; x_wconf 76' lang='grc' dir='ltr'>δι’</span> <span class='ocrx_word' id='word_1_170' title='bbox 438 2274 538 2356; x_wconf 78' lang='grc' dir='ltr'>ἔτερα,</span> <span class='ocrx_word' id='word_1_171' title='bbox 567 2270 607 2338; x_wconf 77' lang='grc' dir='ltr'>τὰ</span> <span class='ocrx_word' id='word_1_172' title='bbox 635 2271 665 2337; x_wconf 80' lang='lat' dir='ltr'>di</span> <span class='ocrx_word' id='word_1_173' title='bbox 693 2273 741 2339; x_wconf 78' lang='lat' dir='ltr'>aui</span> <span class='ocrx_word' id='word_1_174' title='bbox 765 2279 800 2336; x_wconf 76' lang='grc' dir='ltr'>δι’</span> <span class='ocrx_word' id='word_1_175' title='bbox 825 2269 902 2336; x_wconf 75' lang='grc' dir='ltr'><strong><em>αὐτὰ</em></strong></span> <span class='ocrx_word' id='word_1_176' title='bbox 930 2269 979 2336; x_wconf 82' lang='grc' dir='ltr'>καὶ</span> <span class='ocrx_word' id='word_1_177' title='bbox 1008 2280 1044 2337; x_wconf 77' lang='grc' dir='ltr'>δι’</span> <span class='ocrx_word' id='word_1_178' title='bbox 1073 2272 1171 2356; x_wconf 80' lang='grc' dir='ltr'>ἕτερα)</span> <span class='ocrx_word' id='word_1_179' title='bbox 1201 2290 1232 2338; x_wconf 85' lang='grc'>51</span> <span class='ocrx_word' id='word_1_180' title='bbox 1260 2282 1340 2357; x_wconf 90' lang='lat' dir='ltr'>apud</span> 
     </span>
     <span class='ocr_line' id='line_1_20' title="bbox 263 2364 1338 2442; baseline -0.001 -16"><span class='ocrx_word' id='word_1_181' title='bbox 263 2367 422 2427; x_wconf 81' lang='lat' dir='ltr'>Stobaeurn</span> <span class='ocrx_word' id='word_1_182' title='bbox 447 2367 543 2422; x_wconf 89' lang='lat' dir='ltr'>minus</span> <span class='ocrx_word' id='word_1_183' title='bbox 566 2364 666 2442; x_wconf 88' lang='lat' dir='ltr'>plene,</span> <span class='ocrx_word' id='word_1_184' title='bbox 695 2365 803 2422; x_wconf 86' lang='lat' dir='ltr'>omisso</span> <span class='ocrx_word' id='word_1_185' title='bbox 826 2365 913 2423; x_wconf 90' lang='lat' dir='ltr'>tertio</span> <span class='ocrx_word' id='word_1_186' title='bbox 935 2383 1057 2441; x_wconf 82' lang='lat' dir='ltr'>genere,</span> <span class='ocrx_word' id='word_1_187' title='bbox 1081 2385 1108 2441; x_wconf 93' lang='lat' dir='ltr'>p.</span> <span class='ocrx_word' id='word_1_188' title='bbox 1131 2367 1189 2423; x_wconf 84' lang='lat'>144</span> <span class='ocrx_word' id='word_1_189' title='bbox 1213 2375 1243 2423; x_wconf 87' lang='grc'>51</span> <span class='ocrx_word' id='word_1_190' title='bbox 1270 2368 1338 2426; x_wconf 92' lang='grc'><strong>150.</strong></span> 
     </span>
     <span class='ocr_line' id='line_1_21' title="bbox 345 2450 1337 2528; baseline 0.002 -20"><span class='ocrx_word' id='word_1_191' title='bbox 345 2455 448 2528; x_wconf 84' lang='lat' dir='ltr'>partim</span> <span class='ocrx_word' id='word_1_192' title='bbox 475 2450 629 2525; x_wconf 79' lang='lat' dir='ltr'>utrumque)</span> <span class='ocrx_word' id='word_1_193' title='bbox 652 2451 757 2525; x_wconf 83' lang='lat' dir='ltr'>Neque</span> <span class='ocrx_word' id='word_1_194' title='bbox 786 2451 817 2518; x_wconf 82' lang='lat' dir='ltr'>ob</span> <span class='ocrx_word' id='word_1_195' title='bbox 846 2460 987 2524; x_wconf 79' lang='lat' dir='ltr'>utrumque</span> <span class='ocrx_word' id='word_1_196' title='bbox 1009 2468 1075 2507; x_wconf 89' lang='lat' dir='ltr'>cum</span> <span class='ocrx_word' id='word_1_197' title='bbox 1099 2450 1244 2509; x_wconf 87' lang='lat' dir='ltr'>Lambine</span> <span class='ocrx_word' id='word_1_198' title='bbox 1266 2452 1337 2510; x_wconf 85' lang='lat' dir='ltr'>scri·</span> 
     </span>
     <span class='ocr_line' id='line_1_22' title="bbox 264 2534 1341 2612; baseline 0.001 -18"><span class='ocrx_word' id='word_1_199' title='bbox 264 2538 389 2594; x_wconf 84' lang='lat' dir='ltr'>bendum</span> <span class='ocrx_word' id='word_1_200' title='bbox 414 2547 458 2593; x_wconf 87' lang='lat' dir='ltr'>est</span> <span class='ocrx_word' id='word_1_201' title='bbox 480 2555 575 2611; x_wconf 89' lang='lat' dir='ltr'>neque</span> <span class='ocrx_word' id='word_1_202' title='bbox 597 2554 662 2593; x_wconf 91' lang='lat' dir='ltr'>cum</span> <span class='ocrx_word' id='word_1_203' title='bbox 681 2534 758 2594; x_wconf 82' lang='lat' dir='ltr'>Gaio</span> <span class='ocrx_word' id='word_1_204' title='bbox 782 2536 905 2593; x_wconf 87' lang='lat' dir='ltr'>barbare</span> <span class='ocrx_word' id='word_1_205' title='bbox 928 2536 1106 2593; x_wconf 86' lang='lat' dir='ltr'>audiendum</span> <span class='ocrx_word' id='word_1_206' title='bbox 1129 2538 1222 2610; x_wconf 85' lang='lat' dir='ltr'>quoad</span> <span class='ocrx_word' id='word_1_207' title='bbox 1243 2554 1341 2612; x_wconf 86' lang='lat' dir='ltr'>neque</span> 
     </span>
     <span class='ocr_line' id='line_1_23' title="bbox 263 2620 1339 2696; baseline 0.001 -17"><span class='ocrx_word' id='word_1_208' title='bbox 263 2622 441 2679; x_wconf 84' lang='lat' dir='ltr'>abutendum</span> <span class='ocrx_word' id='word_1_209' title='bbox 465 2639 530 2678; x_wconf 90' lang='lat' dir='ltr'>cum</span> <span class='ocrx_word' id='word_1_210' title='bbox 554 2621 665 2680; x_wconf 88' lang='lat' dir='ltr'>Ottone</span> <span class='ocrx_word' id='word_1_211' title='bbox 687 2621 733 2691; x_wconf 89' lang='lat' dir='ltr'>iis,</span> <span class='ocrx_word' id='word_1_212' title='bbox 757 2639 832 2694; x_wconf 88' lang='lat' dir='ltr'>quae</span> <span class='ocrx_word' id='word_1_213' title='bbox 856 2620 1068 2678; x_wconf 84' lang='lat' dir='ltr'>Ramshornius</span> <span class='ocrx_word' id='word_1_214' title='bbox 1091 2640 1119 2695; x_wconf 93' lang='lat' dir='ltr'>p.</span> <span class='ocrx_word' id='word_1_215' title='bbox 1136 2621 1275 2696; x_wconf 72' lang='lat' dir='ltr'>eeaaqq.</span> <span class='ocrx_word' id='word_1_216' title='bbox 1300 2640 1339 2680; x_wconf 83' lang='lat' dir='ltr'>ex</span> 
     </span>
     <span class='ocr_line' id='line_1_24' title="bbox 264 2706 1341 2783; baseline 0.002 -20"><span class='ocrx_word' id='word_1_217' title='bbox 264 2707 330 2764; x_wconf 88' lang='lat' dir='ltr'>aliia</span> <span class='ocrx_word' id='word_1_218' title='bbox 358 2707 515 2783; x_wconf 83' lang='lat' dir='ltr'>generibus</span> <span class='ocrx_word' id='word_1_219' title='bbox 537 2706 656 2781; x_wconf 85' lang='lat' dir='ltr'>collegit</span> <span class='ocrx_word' id='word_1_220' title='bbox 678 2712 814 2779; x_wconf 75' lang='lat' dir='ltr'>(mapsam</span> <span class='ocrx_word' id='word_1_221' title='bbox 833 2717 940 2781; x_wconf 82' lang='lat' dir='ltr'>partem</span> <span class='ocrx_word' id='word_1_222' title='bbox 962 2707 1047 2780; x_wconf 87' lang='lat' dir='ltr'>cet.);</span> <span class='ocrx_word' id='word_1_223' title='bbox 1075 2715 1218 2780; x_wconf 79' lang='lat' dir='ltr'>utrumque</span> <span class='ocrx_word' id='word_1_224' title='bbox 1246 2706 1341 2765; x_wconf 89' lang='lat' dir='ltr'>nomi·</span> 
     </span>
     <span class='ocr_line' id='line_1_25' title="bbox 264 2790 1342 2867; baseline 0.002 -19"><span class='ocrx_word' id='word_1_225' title='bbox 264 2792 364 2848; x_wconf 88' lang='lat' dir='ltr'>nativo</span> <span class='ocrx_word' id='word_1_226' title='bbox 387 2810 456 2848; x_wconf 82' lang='lat' dir='ltr'>cusu</span> <span class='ocrx_word' id='word_1_227' title='bbox 480 2792 522 2848; x_wconf 90' lang='lat' dir='ltr'>sic</span> <span class='ocrx_word' id='word_1_228' title='bbox 545 2791 665 2860; x_wconf 84' lang='lat' dir='ltr'>dicitur,</span> <span class='ocrx_word' id='word_1_229' title='bbox 689 2800 779 2847; x_wconf 89' lang='lat' dir='ltr'>ntea</span> <span class='ocrx_word' id='word_1_230' title='bbox 802 2792 1044 2867; x_wconf 87' lang='lat' dir='ltr'>comprehendat,</span> <span class='ocrx_word' id='word_1_231' title='bbox 1076 2809 1151 2864; x_wconf 86' lang='lat' dir='ltr'>quae</span> <span class='ocrx_word' id='word_1_232' title='bbox 1173 2801 1242 2849; x_wconf 88' lang='lat' dir='ltr'>ante</span> <span class='ocrx_word' id='word_1_233' title='bbox 1265 2790 1342 2850; x_wconf 85' lang='lat' dir='ltr'>Cato</span> 
     </span>
     <span class='ocr_line' id='line_1_26' title="bbox 265 2877 1341 2954; baseline -0.001 -19"><span class='ocrx_word' id='word_1_234' title='bbox 265 2877 377 2954; x_wconf 89' lang='lat' dir='ltr'>posuit·</span> <span class='ocrx_word' id='word_1_235' title='bbox 397 2880 500 2951; x_wconf 79' lang='lat' dir='ltr'>partina</span> <span class='ocrx_word' id='word_1_236' title='bbox 521 2887 546 2933; x_wconf 84' lang='lat' dir='ltr'>et</span> <span class='ocrx_word' id='word_1_237' title='bbox 565 2896 615 2951; x_wconf 83' lang='lat' dir='ltr'>per</span> <span class='ocrx_word' id='word_1_238' title='bbox 636 2896 665 2932; x_wconf 83' lang='lat' dir='ltr'>ae</span> <span class='ocrx_word' id='word_1_239' title='bbox 681 2879 840 2951; x_wconf 82' lang='lat' dir='ltr'>praeposita</span> <span class='ocrx_word' id='word_1_240' title='bbox 862 2887 886 2933; x_wconf 80' lang='grc'>51</span> <span class='ocrx_word' id='word_1_241' title='bbox 903 2879 977 2950; x_wconf 84' lang='lat' dir='ltr'>quod</span> <span class='ocrx_word' id='word_1_242' title='bbox 992 2878 1100 2950; x_wconf 82' lang='lat' dir='ltr'>aliquid</span> <span class='ocrx_word' id='word_1_243' title='bbox 1115 2878 1244 2950; x_wconf 77' lang='lat' dir='ltr'>efficiant,</span> <span class='ocrx_word' id='word_1_244' title='bbox 1267 2895 1341 2952; x_wconf 89' lang='lat' dir='ltr'>quo·</span> 
     </span>
     <span class='ocr_line' id='line_1_27' title="bbox 266 2960 1340 3039; baseline -0.002 -19"><span class='ocrx_word' id='word_1_245' title='bbox 266 2963 352 3020; x_wconf 89' lang='lat' dir='ltr'>modo</span> <span class='ocrx_word' id='word_1_246' title='bbox 376 2963 443 3031; x_wconf 82' lang='lat'>§50</span> <span class='ocrx_word' id='word_1_247' title='bbox 467 2970 496 3017; x_wconf 91' lang='grc'>51</span> <span class='ocrx_word' id='word_1_248' title='bbox 519 2962 605 3017; x_wconf 90' lang='lat' dir='ltr'>Tusc.</span> <span class='ocrx_word' id='word_1_249' title='bbox 627 2962 663 3031; x_wconf 93' lang='lat' dir='ltr'>V</span> <span class='ocrx_word' id='word_1_250' title='bbox 678 2961 716 3017; x_wconf 88' lang='lat'>93</span> <span class='ocrx_word' id='word_1_251' title='bbox 741 2960 784 3039; x_wconf 88' lang='lat' dir='ltr'>[et</span> <span class='ocrx_word' id='word_1_252' title='bbox 807 2962 843 3018; x_wconf 89' lang='lat' dir='ltr'>de</span> <span class='ocrx_word' id='word_1_253' title='bbox 862 2961 932 3018; x_wconf 89' lang='lat' dir='ltr'><strong>Div.</strong></span> <span class='ocrx_word' id='word_1_254' title='bbox 945 2963 985 3020; x_wconf 96' lang='lat' dir='ltr'>II</span> <span class='ocrx_word' id='word_1_255' title='bbox 1003 2960 1054 3037; x_wconf 91' lang='grc'><strong>10]</strong></span> <span class='ocrx_word' id='word_1_256' title='bbox 1078 2961 1185 3018; x_wconf 88' lang='lat' dir='ltr'>dicitur</span> <span class='ocrx_word' id='word_1_257' title='bbox 1206 2971 1340 3032; x_wconf 83' lang='lat' dir='ltr'>neutrum,</span> 
     </span>
     <span class='ocr_line' id='line_1_28' title="bbox 265 3042 1450 3142; baseline 0 -38"><span class='ocrx_word' id='word_1_258' title='bbox 265 3059 295 3105; x_wconf 90' lang='lat' dir='ltr'>et</span> <span class='ocrx_word' id='word_1_259' title='bbox 317 3052 331 3118; x_wconf 71' lang='grc' dir='ltr'><strong>ξ</strong></span> <span class='ocrx_word' id='word_1_260' title='bbox 351 3047 422 3104; x_wconf 90' lang='grc'>55</span> <span class='ocrx_word' id='word_1_261' title='bbox 414 3065 510 3122; x_wconf 83' lang='lat' dir='ltr'>rpsunr</span> <span class='ocrx_word' id='word_1_262' title='bbox 534 3056 683 3136; x_wconf 80' lang='lat' dir='ltr'>utrumque,</span> <span class='ocrx_word' id='word_1_263' title='bbox 714 3042 848 3142; x_wconf 86' lang='lat' dir='ltr'>[Terent.</span> <span class='ocrx_word' id='word_1_264' title='bbox 877 3047 949 3104; x_wconf 85' lang='lat' dir='ltr'>Hac.</span> <span class='ocrx_word' id='word_1_265' title='bbox 979 3048 1034 3115; x_wconf 86' lang='lat' dir='ltr'>IV,</span> <span class='ocrx_word' id='word_1_266' title='bbox 1063 3050 1093 3109; x_wconf 84' lang='lat'><strong>1.</strong></span> <span class='ocrx_word' id='word_1_267' title='bbox 1120 3047 1157 3103; x_wconf 92' lang='grc'>10</span> <span class='ocrx_word' id='word_1_268' title='bbox 1185 3045 1343 3125; x_wconf 62' lang='lat' dir='ltr'>utrumne]</span> <span class='ocrx_word' id='word_1_269' title='bbox 1444 3112 1450 3119; x_wconf 41' lang='grc'>,</span> 
     </span>
     <span class='ocr_line' id='line_1_29' title="bbox 265 3115 1342 3208; baseline 0.002 -19"><span class='ocrx_word' id='word_1_270' title='bbox 265 3133 342 3208; x_wconf 91' lang='lat' dir='ltr'>apud</span> <span class='ocrx_word' id='word_1_271' title='bbox 366 3121 539 3190; x_wconf 84' lang='lat' dir='ltr'>Graecos&#39;</span> <span class='ocrx_word' id='word_1_272' title='bbox 521 3115 703 3207; x_wconf 77' lang='lat' dir='ltr'>nppdrapoo,</span> <span class='ocrx_word' id='word_1_273' title='bbox 727 3115 896 3206; x_wconf 78' lang='grc' dir='ltr'>ἀμφότερα,</span> <span class='ocrx_word' id='word_1_274' title='bbox 920 3122 1082 3206; x_wconf 72' lang='grc' dir='ltr'><strong><em>οὐδέτερον.</em></strong></span> <span class='ocrx_word' id='word_1_275' title='bbox 1127 3129 1201 3202; x_wconf 78' lang='lat' dir='ltr'>(Cir.</span> <span class='ocrx_word' id='word_1_276' title='bbox 1224 3132 1262 3189; x_wconf 90' lang='lat' dir='ltr'>ad</span> <span class='ocrx_word' id='word_1_277' title='bbox 1284 3132 1342 3202; x_wconf 91' lang='lat' dir='ltr'>IV,</span> 
     </span>
     <span class='ocr_line' id='line_1_30' title="bbox 234 3215 1341 3291; baseline 0.001 -18"><span class='ocrx_word' id='word_1_278' title='bbox 234 3220 321 3275; x_wconf 85' lang='grc'><strong>,65.</strong></span> <span class='ocrx_word' id='word_1_279' title='bbox 350 3219 424 3291; x_wconf 86' lang='lat' dir='ltr'>quod</span> <span class='ocrx_word' id='word_1_280' title='bbox 445 3221 527 3288; x_wconf 86' lang='lat' dir='ltr'>aum.)</span> <span class='ocrx_word' id='word_1_281' title='bbox 571 3215 682 3275; x_wconf 86' lang='lat' dir='ltr'>Contra</span> <span class='ocrx_word' id='word_1_282' title='bbox 704 3215 794 3291; x_wconf 92' lang='lat' dir='ltr'>paulo</span> <span class='ocrx_word' id='word_1_283' title='bbox 816 3224 897 3291; x_wconf 89' lang='lat' dir='ltr'>post,</span> <span class='ocrx_word' id='word_1_284' title='bbox 927 3216 1118 3288; x_wconf 84' lang='lat' dir='ltr'>praecedente</span> <span class='ocrx_word' id='word_1_285' title='bbox 1141 3217 1173 3272; x_wconf 84' lang='lat' dir='ltr'>ob</span> <span class='ocrx_word' id='word_1_286' title='bbox 1195 3235 1253 3274; x_wconf 79' lang='lat' dir='ltr'>carn</span> <span class='ocrx_word' id='word_1_287' title='bbox 1275 3236 1341 3288; x_wconf 80' lang='lat' dir='ltr'>rem,</span> 
     </span>
     <span class='ocr_line' id='line_1_31' title="bbox 266 3298 1345 3380; baseline 0.001 -21"><span class='ocrx_word' id='word_1_288' title='bbox 266 3303 342 3360; x_wconf 85' lang='lat' dir='ltr'>dixit</span> <span class='ocrx_word' id='word_1_289' title='bbox 363 3302 395 3358; x_wconf 87' lang='lat' dir='ltr'>ob</span> <span class='ocrx_word' id='word_1_290' title='bbox 418 3312 559 3375; x_wconf 83' lang='lat' dir='ltr'>utramque</span> <span class='ocrx_word' id='word_1_291' title='bbox 580 3321 643 3358; x_wconf 78' lang='lat' dir='ltr'>rens.</span> <span class='ocrx_word' id='word_1_292' title='bbox 688 3298 749 3380; x_wconf 85' lang='lat' dir='ltr'>[De</span> <span class='ocrx_word' id='word_1_293' title='bbox 772 3301 836 3358; x_wconf 87' lang='lat' dir='ltr'><strong>Inv.</strong></span> <span class='ocrx_word' id='word_1_294' title='bbox 860 3302 902 3369; x_wconf 87' lang='grc' dir='ltr'>ΙΙ,</span> <span class='ocrx_word' id='word_1_295' title='bbox 927 3302 982 3358; x_wconf 83' lang='lat'>77:</span> <span class='ocrx_word' id='word_1_296' title='bbox 1005 3303 1038 3358; x_wconf 81' lang='lat' dir='ltr'>de</span> <span class='ocrx_word' id='word_1_297' title='bbox 1053 3303 1132 3375; x_wconf 70' lang='lat' dir='ltr'>jacto</span> <span class='ocrx_word' id='word_1_298' title='bbox 1154 3303 1229 3377; x_wconf 81' lang='lat' dir='ltr'>turpi</span> <span class='ocrx_word' id='word_1_299' title='bbox 1249 3304 1345 3378; x_wconf 81' lang='lat' dir='ltr'>utiquo</span> 
     </span>
     <span class='ocr_line' id='line_1_32' title="bbox 266 3382 1344 3463; baseline 0.002 -19"><span class='ocrx_word' id='word_1_300' title='bbox 266 3398 313 3444; x_wconf 83' lang='lat' dir='ltr'>aut</span> <span class='ocrx_word' id='word_1_301' title='bbox 336 3388 423 3443; x_wconf 77' lang='lat' dir='ltr'>irretiti</span> <span class='ocrx_word' id='word_1_302' title='bbox 443 3397 491 3443; x_wconf 83' lang='lat' dir='ltr'>aut</span> <span class='ocrx_word' id='word_1_303' title='bbox 514 3382 649 3463; x_wconf 73' lang='lat' dir='ltr'>utroque]</span> <span class='ocrx_word' id='word_1_304' title='bbox 682 3387 758 3443; x_wconf 79' lang='lat' dir='ltr'>Tum</span> <span class='ocrx_word' id='word_1_305' title='bbox 779 3386 873 3446; x_wconf 84' lang='lat' dir='ltr'>Gaius</span> <span class='ocrx_word' id='word_1_306' title='bbox 890 3396 950 3444; x_wconf 87' lang='lat' dir='ltr'>tres</span> <span class='ocrx_word' id='word_1_307' title='bbox 973 3405 1041 3443; x_wconf 87' lang='lat' dir='ltr'>suos</span> <span class='ocrx_word' id='word_1_308' title='bbox 1059 3386 1187 3462; x_wconf 86' lang='lat' dir='ltr'>optimos</span> <span class='ocrx_word' id='word_1_309' title='bbox 1208 3397 1233 3445; x_wconf 80' lang='lat' dir='ltr'>ct</span> <span class='ocrx_word' id='word_1_310' title='bbox 1254 3396 1344 3446; x_wconf 71' lang='lat' dir='ltr'>atam</span> 
     </span>
     <span class='ocr_line' id='line_1_33' title="bbox 266 3470 1342 3549; baseline 0.001 -20"><span class='ocrx_word' id='word_1_311' title='bbox 266 3472 375 3529; x_wconf 89' lang='lat' dir='ltr'>habere</span> <span class='ocrx_word' id='word_1_312' title='bbox 398 3471 453 3540; x_wconf 87' lang='lat' dir='ltr'>ait;</span> <span class='ocrx_word' id='word_1_313' title='bbox 482 3470 553 3544; x_wconf 91' lang='lat' dir='ltr'>quid</span> <span class='ocrx_word' id='word_1_314' title='bbox 575 3470 745 3540; x_wconf 74' lang='lat' dir='ltr'>habuerint,</span> <span class='ocrx_word' id='word_1_315' title='bbox 774 3471 900 3527; x_wconf 76' lang='lat' dir='ltr'>ostendit</span> <span class='ocrx_word' id='word_1_316' title='bbox 924 3472 985 3528; x_wconf 87' lang='lat' dir='ltr'>Erl.</span> <span class='ocrx_word' id='word_1_317' title='bbox 1009 3470 1053 3549; x_wconf 88' lang='lat' dir='ltr'>[et</span> <span class='ocrx_word' id='word_1_318' title='bbox 1076 3471 1126 3548; x_wconf 86' lang='lat' dir='ltr'><strong>B].</strong></span> <span class='ocrx_word' id='word_1_319' title='bbox 1174 3471 1205 3529; x_wconf 90' lang='lat' dir='ltr'>Si</span> <span class='ocrx_word' id='word_1_320' title='bbox 1228 3483 1342 3530; x_wconf 85' lang='lat' dir='ltr'>certum</span> 
     </span>
     <span class='ocr_line' id='line_1_34' title="bbox 266 3549 1346 3631; baseline -0.001 -17"><span class='ocrx_word' id='word_1_321' title='bbox 266 3567 353 3627; x_wconf 89' lang='lat' dir='ltr'>esset,</span> <span class='ocrx_word' id='word_1_322' title='bbox 376 3558 458 3613; x_wconf 70' lang='lat' dir='ltr'>moturi</span> <span class='ocrx_word' id='word_1_323' title='bbox 478 3566 503 3612; x_wconf 78' lang='lat' dir='ltr'>et</span> <span class='ocrx_word' id='word_1_324' title='bbox 524 3559 610 3612; x_wconf 73' lang='lat' dir='ltr'>awini</span> <span class='ocrx_word' id='word_1_325' title='bbox 630 3555 719 3612; x_wconf 92' lang='lat' dir='ltr'>tribui</span> <span class='ocrx_word' id='word_1_326' title='bbox 742 3555 861 3612; x_wconf 71' lang='lat' dir='ltr'>habitur</span> <span class='ocrx_word' id='word_1_327' title='bbox 883 3573 983 3630; x_wconf 85' lang='lat' dir='ltr'>passe,</span> <span class='ocrx_word' id='word_1_328' title='bbox 1007 3557 1173 3631; x_wconf 88' lang='lat' dir='ltr'>probarem,</span> <span class='ocrx_word' id='word_1_329' title='bbox 1196 3564 1229 3614; x_wconf 88' lang='lat' dir='ltr'>ut</span> <span class='ocrx_word' id='word_1_330' title='bbox 1252 3549 1346 3613; x_wconf 73' lang='lat' dir='ltr'>dovr·</span> 
     </span>
     <span class='ocr_line' id='line_1_35' title="bbox 267 3633 1343 3717; baseline 0 -19"><span class='ocrx_word' id='word_1_331' title='bbox 267 3633 357 3706; x_wconf 76' lang='grc' dir='ltr'>ὄὲτως</span> <span class='ocrx_word' id='word_1_332' title='bbox 390 3642 448 3698; x_wconf 91' lang='lat' dir='ltr'>duo</span> <span class='ocrx_word' id='word_1_333' title='bbox 480 3639 683 3717; x_wconf 79' lang='lat' dir='ltr'>genetivorum</span> <span class='ocrx_word' id='word_1_334' title='bbox 712 3640 830 3697; x_wconf 90' lang='lat' dir='ltr'>ordines</span> <span class='ocrx_word' id='word_1_335' title='bbox 859 3639 1064 3715; x_wconf 84' lang='lat' dir='ltr'>iungerentur,</span> <span class='ocrx_word' id='word_1_336' title='bbox 1098 3644 1153 3698; x_wconf 84' lang='lat' dir='ltr'>oria</span> <span class='ocrx_word' id='word_1_337' title='bbox 1185 3651 1210 3698; x_wconf 87' lang='lat' dir='ltr'>et</span> <span class='ocrx_word' id='word_1_338' title='bbox 1241 3643 1343 3711; x_wconf 77' lang='lat' dir='ltr'>cultae,</span> 
     </span>
     <span class='ocr_line' id='line_1_36' title="bbox 266 3725 1344 3802; baseline 0 -19"><span class='ocrx_word' id='word_1_339' title='bbox 266 3737 355 3784; x_wconf 79' lang='lat' dir='ltr'>statua</span> <span class='ocrx_word' id='word_1_340' title='bbox 377 3737 402 3783; x_wconf 80' lang='lat' dir='ltr'>et</span> <span class='ocrx_word' id='word_1_341' title='bbox 423 3737 523 3794; x_wconf 85' lang='lat' dir='ltr'>motaa;</span> <span class='ocrx_word' id='word_1_342' title='bbox 552 3744 647 3799; x_wconf 90' lang='lat' dir='ltr'>neque</span> <span class='ocrx_word' id='word_1_343' title='bbox 675 3726 752 3782; x_wconf 87' lang='lat' dir='ltr'>enim</span> <span class='ocrx_word' id='word_1_344' title='bbox 782 3735 876 3782; x_wconf 84' lang='lat' dir='ltr'>status</span> <span class='ocrx_word' id='word_1_345' title='bbox 905 3734 933 3782; x_wconf 91' lang='lat' dir='ltr'>et</span> <span class='ocrx_word' id='word_1_346' title='bbox 958 3736 1054 3782; x_wconf 82' lang='lat' dir='ltr'>rnotus</span> <span class='ocrx_word' id='word_1_347' title='bbox 1076 3725 1195 3784; x_wconf 90' lang='lat' dir='ltr'>omnino</span> <span class='ocrx_word' id='word_1_348' title='bbox 1217 3744 1344 3802; x_wconf 86' lang='lat' dir='ltr'>praepo·</span> 
     </span>
     <span class='ocr_line' id='line_1_37' title="bbox 267 3809 1344 3884; baseline -0.001 -16"><span class='ocrx_word' id='word_1_349' title='bbox 267 3823 390 3879; x_wconf 89' lang='lat' dir='ltr'>nuntur,</span> <span class='ocrx_word' id='word_1_350' title='bbox 425 3812 475 3868; x_wconf 91' lang='lat' dir='ltr'>sed</span> <span class='ocrx_word' id='word_1_351' title='bbox 506 3811 576 3867; x_wconf 92' lang='lat' dir='ltr'>certi</span> <span class='ocrx_word' id='word_1_352' title='bbox 606 3810 739 3884; x_wconf 84' lang='lat' dir='ltr'>quidam3</span> <span class='ocrx_word' id='word_1_353' title='bbox 773 3809 825 3867; x_wconf 88' lang='lat' dir='ltr'>cir.</span> <span class='ocrx_word' id='word_1_354' title='bbox 855 3811 892 3879; x_wconf 88' lang='lat' dir='ltr'>V,</span> <span class='ocrx_word' id='word_1_355' title='bbox 918 3811 967 3869; x_wconf 83' lang='grc'><strong>35.</strong></span> <span class='ocrx_word' id='word_1_356' title='bbox 1020 3810 1081 3880; x_wconf 80' lang='lat' dir='ltr'>Sed¹</span> <span class='ocrx_word' id='word_1_357' title='bbox 1107 3811 1195 3868; x_wconf 88' lang='lat' dir='ltr'>etiarn</span> <span class='ocrx_word' id='word_1_358' title='bbox 1224 3812 1272 3880; x_wconf 94' lang='grc' dir='ltr'>ΙΙ,</span> <span class='ocrx_word' id='word_1_359' title='bbox 1303 3810 1344 3868; x_wconf 80' lang='grc'>84</span> 
     </span>
     <span class='ocr_line' id='line_1_38' title="bbox 267 3895 1346 3971; baseline 0.002 -20"><span class='ocrx_word' id='word_1_360' title='bbox 267 3898 383 3953; x_wconf 76' lang='lat' dir='ltr'>rrrembra</span> <span class='ocrx_word' id='word_1_361' title='bbox 406 3906 430 3953; x_wconf 86' lang='lat' dir='ltr'>et</span> <span class='ocrx_word' id='word_1_362' title='bbox 452 3915 546 3953; x_wconf 73' lang='lat' dir='ltr'>serzana</span> <span class='ocrx_word' id='word_1_363' title='bbox 573 3914 626 3970; x_wconf 93' lang='lat' dir='ltr'>pro</span> <span class='ocrx_word' id='word_1_364' title='bbox 650 3914 750 3952; x_wconf 87' lang='lat' dir='ltr'>eorum</span> <span class='ocrx_word' id='word_1_365' title='bbox 774 3895 942 3971; x_wconf 89' lang='lat' dir='ltr'>integritate</span> <span class='ocrx_word' id='word_1_366' title='bbox 964 3896 1202 3954; x_wconf 88' lang='lat' dir='ltr'>nominabantur.</span> <span class='ocrx_word' id='word_1_367' title='bbox 1248 3895 1346 3954; x_wconf 88' lang='lat' dir='ltr'>Paulo</span> 
     </span>
     <span class='ocr_line' id='line_1_39' title="bbox 267 3980 1344 4057; baseline -0.002 -18"><span class='ocrx_word' id='word_1_368' title='bbox 267 3992 333 4057; x_wconf 88' lang='lat' dir='ltr'>post</span> <span class='ocrx_word' id='word_1_369' title='bbox 356 3983 478 4039; x_wconf 78' lang='lat' dir='ltr'>dicautur</span> <span class='ocrx_word' id='word_1_370' title='bbox 499 3981 601 4038; x_wconf 85' lang='lat' dir='ltr'>eodern</span> <span class='ocrx_word' id='word_1_371' title='bbox 625 3980 686 4037; x_wconf 87' lang='lat' dir='ltr'>iere</span> <span class='ocrx_word' id='word_1_372' title='bbox 710 3981 796 4039; x_wconf 89' lang='lat' dir='ltr'>modo</span> <span class='ocrx_word' id='word_1_373' title='bbox 819 3981 945 4056; x_wconf 86' lang='lat' dir='ltr'>positum</span> <span class='ocrx_word' id='word_1_374' title='bbox 970 3990 1028 4049; x_wconf 87' lang='lat' dir='ltr'>est,</span> <span class='ocrx_word' id='word_1_375' title='bbox 1052 4000 1110 4055; x_wconf 91' lang='lat' dir='ltr'>quo</span> <span class='ocrx_word' id='word_1_376' title='bbox 1134 3982 1207 4052; x_wconf 74' lang='lat'>§28</span> <span class='ocrx_word' id='word_1_377' title='bbox 1230 3983 1344 4052; x_wconf 78' lang='lat' dir='ltr'>dicetur,</span> 
     </span>
     <span class='ocr_line' id='line_1_40' title="bbox 267 4065 1345 4144; baseline -0.002 -20"><span class='ocrx_word' id='word_1_378' title='bbox 267 4077 300 4124; x_wconf 85' lang='lat' dir='ltr'>ut</span> <span class='ocrx_word' id='word_1_379' title='bbox 322 4067 375 4125; x_wconf 85' lang='lat' dir='ltr'>sit:</span> <span class='ocrx_word' id='word_1_380' title='bbox 399 4086 464 4124; x_wconf 89' lang='lat' dir='ltr'>cum</span> <span class='ocrx_word' id='word_1_381' title='bbox 488 4067 635 4129; x_wconf 78' lang='lat' dir='ltr'>dicentur,</span> <span class='ocrx_word' id='word_1_382' title='bbox 658 4067 696 4124; x_wconf 95' lang='lat' dir='ltr'>ob</span> <span class='ocrx_word' id='word_1_383' title='bbox 719 4084 783 4124; x_wconf 87' lang='lat' dir='ltr'>earn</span> <span class='ocrx_word' id='word_1_384' title='bbox 806 4084 924 4124; x_wconf 86' lang='lat' dir='ltr'>causam</span> <span class='ocrx_word' id='word_1_385' title='bbox 948 4066 1091 4124; x_wconf 90' lang='lat' dir='ltr'>dicentur.</span> <span class='ocrx_word' id='word_1_386' title='bbox 1138 4065 1214 4144; x_wconf 86' lang='lat' dir='ltr'>[Cir.</span> <span class='ocrx_word' id='word_1_387' title='bbox 1238 4066 1264 4135; x_wconf 85' lang='lat' dir='ltr'>I,</span> <span class='ocrx_word' id='word_1_388' title='bbox 1288 4067 1345 4123; x_wconf 81' lang='lat'>47:</span> 
     </span>
     <span class='ocr_line' id='line_1_41' title="bbox 267 4149 1344 4229; baseline -0.002 -19"><span class='ocrx_word' id='word_1_389' title='bbox 267 4155 384 4210; x_wconf 81' lang='lat' dir='ltr'>dicemus</span> <span class='ocrx_word' id='word_1_390' title='bbox 407 4162 436 4210; x_wconf 87' lang='lat' dir='ltr'>et</span> <span class='ocrx_word' id='word_1_391' title='bbox 452 4154 491 4222; x_wconf 88' lang='lat' dir='ltr'>V,</span> <span class='ocrx_word' id='word_1_392' title='bbox 505 4153 559 4210; x_wconf 81' lang='lat'>47:</span> <span class='ocrx_word' id='word_1_393' title='bbox 582 4149 757 4229; x_wconf 64' lang='lat' dir='ltr'>caperemur]</span> <span class='ocrx_word' id='word_1_394' title='bbox 803 4152 963 4210; x_wconf 89' lang='lat' dir='ltr'>Lambinus</span> <span class='ocrx_word' id='word_1_395' title='bbox 986 4162 1016 4209; x_wconf 88' lang='lat' dir='ltr'>et</span> <span class='ocrx_word' id='word_1_396' title='bbox 1038 4151 1128 4209; x_wconf 91' lang='lat' dir='ltr'>ceteri</span> <span class='ocrx_word' id='word_1_397' title='bbox 1151 4160 1219 4208; x_wconf 85' lang='lat' dir='ltr'>ante</span> <span class='ocrx_word' id='word_1_398' title='bbox 1234 4149 1344 4210; x_wconf 82' lang='lat' dir='ltr'>Gaium</span> 
     </span>
     <span class='ocr_line' id='line_1_42' title="bbox 268 4232 1345 4315; baseline 0 -21"><span class='ocrx_word' id='word_1_399' title='bbox 268 4239 402 4307; x_wconf 80' lang='lat' dir='ltr'>dicuntur,</span> <span class='ocrx_word' id='word_1_400' title='bbox 425 4249 527 4296; x_wconf 87' lang='lat' dir='ltr'>contra</span> <span class='ocrx_word' id='word_1_401' title='bbox 543 4237 617 4295; x_wconf 88' lang='lat' dir='ltr'><strong>Pall.</strong></span> <span class='ocrx_word' id='word_1_402' title='bbox 637 4256 747 4305; x_wconf 84' lang='lat' dir='ltr'>omues,</span> <span class='ocrx_word' id='word_1_403' title='bbox 771 4232 840 4311; x_wconf 84' lang='grc' dir='ltr'>Εξχ,</span> <span class='ocrx_word' id='word_1_404' title='bbox 864 4236 1003 4306; x_wconf 82' lang='lat' dir='ltr'>Gaianas,</span> <span class='ocrx_word' id='word_1_405' title='bbox 1022 4235 1088 4315; x_wconf 87' lang='lat' dir='ltr'>[B],</span> <span class='ocrx_word' id='word_1_406' title='bbox 1111 4237 1141 4294; x_wconf 92' lang='lat' dir='ltr'>id</span> <span class='ocrx_word' id='word_1_407' title='bbox 1164 4244 1217 4306; x_wconf 86' lang='lat' dir='ltr'>est,</span> <span class='ocrx_word' id='word_1_408' title='bbox 1241 4245 1345 4294; x_wconf 86' lang='lat' dir='ltr'>contra</span> 
     </span>
     <span class='ocr_line' id='line_1_43' title="bbox 268 4322 1152 4396; baseline 0.001 -17"><span class='ocrx_word' id='word_1_409' title='bbox 268 4340 369 4379; x_wconf 89' lang='lat' dir='ltr'>omnes</span> <span class='ocrx_word' id='word_1_410' title='bbox 393 4323 521 4381; x_wconf 85' lang='lat' dir='ltr'>omnino.</span> <span class='ocrx_word' id='word_1_411' title='bbox 569 4322 681 4379; x_wconf 88' lang='lat' dir='ltr'>Deinde</span> <span class='ocrx_word' id='word_1_412' title='bbox 705 4323 769 4382; x_wconf 90' lang='lat' dir='ltr'>cod.</span> <span class='ocrx_word' id='word_1_413' title='bbox 794 4323 870 4381; x_wconf 88' lang='lat' dir='ltr'>Mor.</span> <span class='ocrx_word' id='word_1_414' title='bbox 894 4327 997 4396; x_wconf 74' lang='lat' dir='ltr'>inteqra</span> <span class='ocrx_word' id='word_1_415' title='bbox 1019 4324 1152 4380; x_wconf 80' lang='lat' dir='ltr'>valetudo.</span> 
     </span>
     <span class='ocr_line' id='line_1_44' title="bbox 355 4404 1346 4483; baseline -0.001 -20"><span class='ocrx_word' id='word_1_416' title='bbox 355 4408 405 4466; x_wconf 88' lang='grc'><strong>57.</strong></span> <span class='ocrx_word' id='word_1_417' title='bbox 435 4408 564 4465; x_wconf 83' lang='lat' dir='ltr'>Dabana</span> <span class='ocrx_word' id='word_1_418' title='bbox 581 4418 668 4464; x_wconf 82' lang='lat' dir='ltr'>autem</span> <span class='ocrx_word' id='word_1_419' title='bbox 684 4407 780 4483; x_wconf 71' lang='lat' dir='ltr'>famo)</span> <span class='ocrx_word' id='word_1_420' title='bbox 804 4408 990 4483; x_wconf 88' lang='lat' dir='ltr'>Praepositio</span> <span class='ocrx_word' id='word_1_421' title='bbox 1013 4409 1047 4465; x_wconf 81' lang='lat' dir='ltr'>dc</span> <span class='ocrx_word' id='word_1_422' title='bbox 1068 4406 1203 4465; x_wconf 87' lang='lat' dir='ltr'>absolute</span> <span class='ocrx_word' id='word_1_423' title='bbox 1226 4404 1346 4481; x_wconf 88' lang='lat' dir='ltr'>ponitur</span> 
     </span>
    </p>
   </div>
   <div class='ocr_carea' id='block_1_5' title="bbox 0 0 1532 5086">
    <p class='ocr_par' dir='ltr' id='par_1_8' title="bbox 0 0 1532 5086">
     <span class='ocr_line' id='line_1_45' title="bbox 0 0 1532 5086; baseline 0 0"><span class='ocrx_word' id='word_1_424' title='bbox 0 0 1532 5086; x_wconf 95' lang='lat' dir='ltr'> </span> 
     </span>
    </p>
   </div>
  </div>
 </body>
</html>
