3030 5086
256 480 319 543 762
644 496 689 541 na
712 496 841 543 rrnraua
864 496 935 542 aon.

255 664 352 728 oculis
375 664 532 745 privasse;
554 674 647 742 certe,
671 671 820 745 utquam
836 664 962 729 minime
977 665 1099 729 animus
1122 683 1141 728 a
1164 662 1342 745 cogitatio·

255 766 346 830 nibus
368 766 584 843 abduceretur,
606 765 827 846 patrimonium
849 765 991 844 neglexit,
1013 785 1107 846 agros
1124 766 1269 830 deseruit
1285 765 1342 829 iu·

255 868 367 946 curos,
396 868 471 946 quid
499 885 653 947 quaerens
681 867 765 931 aliud
787 867 845 931 nisi
868 867 962 931 vitum
986 868 1129 932 beatam?
1173 871 1278 947 Quam
1309 866 1341 930 si

254 969 347 1033 etiam
365 968 396 1032 in
415 982 517 1032 rorum
534 969 710 1048 cognitione
727 969 871 1047 ponebat,
895 978 998 1033 tamen
1023 988 1060 1032 ex
1082 968 1135 1033 illa
1156 968 1337 1050 investiga-

215 1071 339 1134 btione
362 1080 493 1134 naturae
515 1070 662 1150 consequi
686 1069 823 1148 volebat,
852 1069 933 1133 bono
962 1077 1107 1135 obesset
1134 1071 1248 1134 animo.
1296 1069 1339 1133 Id

187 1212 193 1223 ·
255 1173 336 1234 enim
358 1172 410 1236 ille
432 1189 584 1235 summum
607 1171 721 1236 bonum
744 1167 892 1248 εὐθυμίαν
920 1179 951 1235 et
973 1189 1069 1252 saepe
1092 1167 1250 1251 ‹lrapm'nr
1272 1189 1338 1251 ap·

328 1349 346 1389 l.
364 1342 536 1405 prbavbaec
578 1346 592 1387 ³
620 1342 711 1390 beatam
730 1342 801 1390 udam
821 1341 953 1391 LPCROr.
999 1347 1021 1391 5
1041 1349 1066 1389 nt
1083 1349 1143 1390 aret
1161 1342 1219 1390 bono
1240 1339 1338 1391 il’crc

254 1410 306 1458 ideo
324 1409 382 1458 eninr
402 1410 467 1459 ror.
505 1414 527 1456 6.
549 1409 597 1457 Pro
616 1406 752 1480 arbritratur
769 1425 823 1460 vac
842 1421 905 1473 apat
927 1411 951 1457 in
972 1409 1015 1459 LC
1050 1408 1222 1474 cytlrr'nu'arnlb
1258 1408 1336 1457 atba-

253 1479 323 1526 aniam
344 1478 363 1524 l>
386 1477 518 1526 acbamr'anr
539 1479 630 1528 livua.
651 1487 714 1541 spat.
734 1479 759 1526 in
780 1477 822 1528 bc

253 1634 444 1690 declarationi
479 1651 571 1708 paene
605 1631 722 1690 Graeco
757 1652 837 1690 more
870 1633 1039 1709 adiungitur
1072 1625 1115 1705 (τί
1139 1618 1262 1706 ζητῶν),
1299 1640 1337 1688 ut

254 1720 341 1777 Tnsc.
366 1720 389 1783 l,
409 1718 463 1774 31:
487 1719 559 1775 Scm't
581 1719 700 1787 arborea,
723 1737 793 1792 qnoc
814 1721 894 1776 altori
914 1721 1000 1775 coccio
1019 1720 1139 1792 promul,
1163 1718 1232 1790 qnid
1253 1736 1334 1792 opac-

254 1815 323 1865 tono,
346 1806 399 1859 nisi
419 1811 493 1860 cet?
526 1799 602 1881 [Otr.
626 1803 702 1860 Plril.
722 1804 764 1873 11,
778 1805 816 1861 86
840 1806 954 1879 arrmrlca
977 1813 1001 1859 te
1022 1805 1061 1859 od
1077 1803 1162 1876 peden
1184 1802 1334 1871 abiciebas,

253 1891 321 1964 qnid
340 1899 432 1964 patene
454 1896 544 1955 cett,
570 1888 607 1945 N.
633 1888 671 1945 D.
692 1889 716 1956 Ι,
738 1890 788 1955 84,
812 1889 876 1946 Liv.
901 1889 956 1955 VI,
980 1888 1030 1954 23,
1055 1888 1082 1955 ὃ,
1111 1887 1199 1948 ΧΧΙ,
1224 1887 1275 1953 30,
1303 1888 1334 1956 6,

253 1975 371 2038 XXIV,
397 1975 451 2034 26,
476 1975 504 2041 7,
534 1974 624 2048 Vorg.
647 1973 723 2029 Aen.
746 1974 823 2042 VII,
849 1969 933 2052 307]
979 1970 1086 2029 Differt
1116 1971 1192 2027 enirn
1225 1972 1283 2028 boc
1314 1990 1335 2028 a

253 2059 366 2134 vulgari
391 2059 441 2114 illa
463 2058 567 2117 forma.
591 2058 619 2113 in
643 2076 702 2132 qua
723 2058 915 2133 interrogatio
938 2067 967 2114 et
990 2056 1176 2132 participium
1199 2056 1334 2131 primum

252 2145 347 2201 locnm
372 2144 519 2200 obtinent:
554 2142 628 2211 Quid
654 2162 786 2217 quaerens
816 2154 852 2199 tot
879 2146 997 2217 reqionce
1017 2144 1189 2217 paraproab't
1241 2142 1334 2198 Vitam

253 2230 356 2285 bentona
380 2238 407 2285 et
432 2228 519 2303 paulo
542 2238 610 2284 ante
633 2247 661 2283 ac
683 2231 765 2285 oculta
788 2246 824 2285 ex
848 2228 911 2285 solo
936 2228 996 2286 Erl.
1016 2225 1060 2307 [at
1076 2222 1115 2305 B]
1133 2226 1218 2301 posui
1238 2225 1335 2297 (Gaio

253 2318 395 2386 tacente),
431 2333 467 2369 ex
496 2314 597 2371 eodem
626 2322 655 2369 et
684 2314 761 2388 Spir.
790 2312 845 2390 [B]
874 2308 962 2387 panio
992 2323 1057 2387 post.
1085 2311 1179 2369 Gaius
1206 2312 1275 2367 bono
1304 2320 1335 2368 at

252 2410 320 2456 creet
343 2418 395 2473 pro
420 2409 447 2454 nt
469 2409 536 2454 earet
558 2399 633 2455 bono.

340 2485 375 2540 ld
396 2487 462 2538 arira
485 2485 528 2539 ille
550 2503 680 2539 acerrimum
698 2484 792 2539 bonnm
804 2486 874 2561 cet.)
887 2484 920 2541 ld
938 2483 1015 2539 enim
1028 2483 1117 2551 (bono
1135 2498 1199 2537 eene
1217 2481 1335 2553 animo)

253 2587 396 2625 anmrnnm
428 2569 533 2624 bonnm
564 2568 652 2624 habet
679 2579 707 2624 at
736 2558 884 2640 εὐθυμίαν
912 2568 1044 2643 appellat
1071 2577 1126 2622 cet.
1176 2566 1333 2622 Brevitate

252 2654 377 2728 quadam
401 2653 496 2709 oratio
520 2653 652 2709 nonnihil
675 2672 692 2708 a
716 2652 846 2728 legitima
868 2651 963 2709 forma
985 2652 1122 2709 deflectit.
1176 2650 1252 2707 Nam
1278 2668 1333 2707 ex-

253 2740 366 2795 orditur
389 2738 459 2795 Piao
482 2738 644 2799 declarans,
668 2756 720 2792 cnr
739 2738 779 2794 ita
797 2739 942 2811 posuerit:
967 2740 1032 2793 bono
1049 2748 1076 2792 nt
1093 2746 1158 2802 cet,
1182 2735 1268 2809 quaai
1288 2735 1334 2793 aie

252 2825 384 2880 dicturus
401 2824 453 2879 eit:
472 2824 508 2878 Id
524 2829 590 2879 enirn
608 2823 652 2879 ille
668 2841 799 2878 arnrrmnrn
815 2823 910 2879 bonnm
926 2834 1021 2890 cenam,
1039 2822 1144 2878 deinde
1160 2819 1333 2896 pronomini

251 2911 281 2966 r'd
303 2908 426 2983 opponit
448 2919 477 2963 et
500 2907 669 2982 superaddit
694 2906 811 2965 Graeca
833 2908 926 2981 ipsine
946 2906 1107 2965 Democriti
1131 2905 1279 2962 vocabula
1303 2914 1335 2962 et

251 3004 408 3069 propterea
431 2992 489 3049 alio
512 2993 603 3048 verbo
627 2993 727 3048 ntitnr.
772 2992 876 3065 Neque
900 3004 996 3049 tamen
1020 2994 1169 3049 haererem
1188 2994 1233 3062 (ut
1249 2991 1335 3048 fece·
1403 3012 1408 3019 ·

251 3089 319 3135 runt
339 3080 413 3135 Dav.
427 3087 456 3134 ct
469 3078 547 3137 Ern„
571 3077 620 3152 qni
643 3081 737 3133 etenim
758 3080 802 3133 illc
824 3078 911 3135 scribi
932 3078 1086 3137 malebant.
1110 3094 1232 3151 prorana
1252 3076 1332 3133 male

251 3182 411 3238 pronomen
440 3165 470 3219 id
492 3163 643 3231 tollentes,
673 3181 731 3235 qno
754 3162 849 3219 oratio
871 3164 1080 3236 connectitur),
1112 3162 1166 3217 niai
1191 3160 1334 3219 meliores

250 3249 333 3306 codd.
358 3249 433 3324 (Eri.
457 3257 485 3304 et
509 3248 586 3325 Spir.
611 3245 679 3325 [B])
704 3248 846 3304 haberent
868 3251 927 3305 idco
949 3253 1031 3315 crn'm,
1060 3247 1136 3321 quod
1162 3246 1259 3321 ipsum
1285 3246 1332 3302 in·

251 3335 327 3390 iuria
355 3333 447 3391 Gziua
481 3345 509 3389 ot
538 3328 668 3390 Orellin'e
701 3333 793 3389 secuti
823 3343 899 3390 arrnt.
951 3333 1137 3409 Ineptiasirne
1165 3331 1242 3387 enirn
1275 3331 1334 3388 boo

251 3419 373 3475 dicitnr:
412 3420 471 3474 ideo
508 3421 575 3473 enirn
614 3421 659 3489 (ut
698 3419 774 3474 bono
814 3430 890 3474 caaot
927 3419 1037 3491 animo)
1067 3436 1198 3474 commum
1230 3416 1332 3473 bonnm

250 3494 399 3575 εὐθυμίαν
421 3505 549 3578 appellnt,
573 3503 666 3576 qnasi.
691 3520 755 3559 cnm
780 3503 834 3559 boc
857 3504 884 3559 ei
908 3523 1013 3560 nornen
1037 3500 1240 3576 imposuisset.
1266 3519 1331 3558 rem

250 3587 390 3645 continuo
412 3587 556 3645 habuerit.
593 3588 650 3645 Sed
674 3588 703 3643 in
727 3588 779 3644 illa
801 3589 947 3663 scripturn
970 3589 1042 3645 baec
1065 3585 1223 3663 significari
1246 3585 1334 3643 ride·

250 3682 312 3728 tur:
344 3673 383 3728 ld
410 3683 458 3729 eet
480 3676 548 3729 cnr'rn
570 3674 627 3729 r'llr'
647 3693 778 3730 arrrnrnnm
801 3674 911 3737 bonnm,
941 3665 1089 3746 εὐθυμίαν
1112 3680 1183 3733 cet.·,
1213 3680 1245 3726 nt
1270 3670 1334 3745 pri·

252 3776 328 3813 mum
353 3758 388 3814 de
411 3776 451 3813 re.
475 3769 536 3814 tum
560 3758 595 3813 de
619 3758 736 3814 nomine
758 3758 882 3814 dicator.
920 3758 1080 3814 Democriti
1105 3755 1283 3812 sententiam
1303 3765 1334 3812 et

249 3842 400 3898 nominum
425 3861 508 3898 nsum
532 3842 683 3916 attigimus
705 3844 742 3900 ad
766 3848 780 3913 ξ
800 3845 848 3900 23.
881 3835 1055 3917 Ἀθαμβίαν
1075 3851 1191 3917 practer
1209 3840 1335 3899 Cicero·

250 3946 315 3983 nem
340 3938 550 3984 commemorat
572 3928 660 3983 etiarn
679 3928 816 3986 Clemens
834 3929 923 3986 Alex.
937 3928 1044 3984 Strom.
1064 3929 1093 3984 ll
1112 3946 1139 4001 p
1156 3928 1214 3983 llo
1234 3927 1335 4021 sylb,

250 3996 452 4103 ἀκατάπληξιν
474 4013 685 4085 interpretans;
709 4014 817 4071 Strabo
831 4036 857 4089 p.
871 4013 948 4071 otc
970 4002 1022 4086 τὴν
1045 4004 1275 4084 boavpacn'aa,
1300 3998 1337 4087 ἣν

251 4088 336 4168 ὑμνεῖ
355 4083 552 4173 Δημόκριτος.
577 4099 664 4154 etiam
687 4095 729 4169 τῷ
752 4090 886 4196 ἀθιξμβεῑ
908 4108 1006 4172 aptam
1030 4097 1108 4154 dicit
1146 4095 1203 4152 llic
1225 4086 1338 4170 ἀθαμ-

249 4173 317 4277 {linc
339 4199 443 4236 nornen
469 4183 528 4238 lnc.
553 4182 722 4240 Grononiua
746 4184 873 4240 restitnit
897 4203 912 4239 e
932 4183 995 4239 Pal
1012 4185 1078 4252 o(4
1097 4190 1127 4237 et
1144 4180 1202 4237 Ox.
1214 4182 1337 4256 xatba·

250 4284 339 4331 annm,
364 4266 427 4320 coo.
451 4268 474 4323 I.
500 4268 532 4322 F.
558 4267 650 4325 Gron.
674 4270 842 4339 ntbnbcnnr);
867 4268 1042 4325 confirmant
1065 4284 1120 4322 non
1145 4265 1201 4320 noli
1225 4266 1339 4340 optimi

250 4351 321 4422 (tres
335 4350 412 4418 Gzii,
440 4353 691 4426 „p'rropernorlnmu
706 4355 810 4427 Mor.);
833 4372 897 4410 cum
916 4353 945 4409 in
964 4353 1031 4408 aliia
1048 4351 1229 4407 scriberetur
1247 4352 1341 4410 aciro-

251 4438 330 4490 nn'nm
353 4436 441 4505 (Pali.
468 4437 632 4510 plerisque.
657 4439 733 4512 Uno).
756 4439 785 4495 in
809 4439 876 4496 aliia
899 4434 966 4509 (Εξ)
989 4456 1047 4493 vox
1071 4435 1191 4495 Graeca
1213 4437 1343 4495 omitta-
