3030 5086
365 469 368 473 ’
463 497 506 542 nn
530 496 610 542 nan.
633 495 696 541 nra.
719 496 742 541 v
763 495 836 541 oar.
856 498 896 544 oa.
916 497 1048 556 (sn-as.)
1231 478 1293 542 763

217 665 329 746 pellat,
352 664 385 728 id
407 674 471 733 est,
493 664 628 728 animum
652 671 773 729 terrore
794 663 933 729 liberum.
978 663 1027 728 88.
1051 662 1113 728 Sed
1134 663 1212 727 baec
1234 662 1294 727 etsi

217 768 388 850 praeclare,
411 767 549 830 nondum
570 776 674 830 tamen
699 766 862 846 perpolita.
896 765 1001 829 Pauca
1024 765 1113 842 enirn,
1138 784 1237 846 neque
1255 783 1294 829 ea

217 871 287 953 ipsa
309 869 477 939 enucleate,
500 866 540 931 ab
563 867 622 931 boc
644 867 684 930 de
705 866 821 932 virtute
843 867 967 949 quidem
990 866 1081 930 dicta.
1116 866 1194 931 Post
1210 867 1293 932 enirn

218 974 294 1036 haee
315 971 347 1034 in
370 970 428 1033 hac
449 970 526 1032 urbe
549 969 683 1048 primum
704 987 725 1031 a
747 968 877 1033 Socrate
898 968 1006 1049 quaeri
1028 978 1153 1048 coepta,
1177 969 1290 1034 deinde

217 1076 248 1137 in
271 1072 353 1137 htunc
374 1071 475 1134 locum
499 1070 604 1133 delato
626 1078 711 1148 sunt,
735 1087 791 1134 nee
812 1070 1002 1149 dubitatum,
1026 1072 1100 1152 quin
1122 1071 1153 1135 in
1177 1073 1330 1141 virtuteb

219 1175 318 1238 omnis
345 1182 381 1236 ut
409 1173 501 1244 beno,
535 1172 579 1236 sic
613 1171 706 1235 etiam
739 1170 829 1236 beate
857 1172 984 1236 vivendi
1011 1191 1084 1254 spes
1113 1181 1293 1252 poneretur.

220 1280 308 1355 Quae
329 1293 397 1339 cunr
415 1274 498 1338 Zeno
521 1273 680 1337 didicisset
700 1292 721 1336 a
743 1273 869 1349 nostris,
891 1279 927 1337 nt
947 1274 978 1336 in
1002 1274 1176 1339 actionibus
1199 1294 1293 1356 prae-

218 1377 309 1441 scribi
332 1376 420 1451 solet,
443 1394 488 1439 on
507 1394 625 1438 nanum
642 1393 685 1438 aa
703 1375 831 1457 [auctr]
850 1394 926 1439 atro
945 1395 1043 1441 nono.
1078 1376 1145 1440 Hoc
1162 1384 1196 1440 tu
1212 1395 1294 1442 nunc
1338 1433 1345 1448 .

290 1552 309 1594 1,
328 1545 371 1594 aed
394 1545 439 1592 atei
460 1545 519 1608 (orn.
544 1544 611 1599 boec)
636 1544 656 1591 L
683 1543 728 1593 aed
752 1552 773 1593 et
795 1545 854 1594 baec
875 1546 899 1593 εἰ
920 1545 941 1596 C
995 1550 1017 1595 2.
1036 1554 1114 1594 tornea
1136 1554 1158 1594 et
1174 1545 1292 1609 perpolita

219 1614 344 1673 oenoe,
368 1613 409 1661 hic
433 1627 489 1661 cum
514 1621 574 1661 nota
593 1614 675 1662 mendi
729 1617 751 1663 3.
771 1614 803 1661 ob
819 1613 862 1662 boc
879 1614 1039 1664 enucleoteE
1074 1631 1144 1678 quom
1165 1620 1221 1678 (pro
1239 1615 1292 1678 qui·

217 1684 279 1733 demi
302 1686 322 1730 E
359 1688 382 1730 b.
400 1681 484 1730 ⁸2·an
520 1681 627 1730 dubriam
643 1680 732 1730 LPca
759 1682 783 1730 t'a
801 1682 884 1731 ormii
921 1688 942 1733 8.
962 1683 991 1732 de
1008 1700 1034 1731 re
1051 1682 1134 1732 eodem
1148 1682 1291 1743 LPCROr„

218 1752 258 1799 hic
277 1765 333 1799 cum
352 1760 412 1798 nota
431 1751 514 1798 mendi
541 1749 604 1813 fecit
623 1751 677 1799 sine
695 1750 767 1799 uncia
785 1748 828 1801 Or.

218 1899 313 1948 retur.
342 1888 532 1944 substitutum
562 1899 608 1945 est
630 1881 755 1945 ἀκακίαν
779 1890 885 1962 (Crat,
909 1891 1001 1949 Vict..
1025 1889 1126 1963 Grut.)
1149 1899 1198 1947 aut
1221 1881 1294 1946 ἀτα·

218 1968 324 2049 ραξίαν
346 1973 484 2045 (hamb).

305 2059 354 2115 88.
386 2060 436 2114 etsi
454 2061 609 2132 praeclare,
639 2060 754 2115 troadam
778 2068 864 2115 tomen
884 2060 1032 2134 perpolito)
1057 2058 1235 2116 Particulam
1259 2069 1293 2128 et,

218 2162 293 2217 qnae
316 2143 480 2199 addebatur
502 2154 570 2199 ante
591 2146 732 2217 perpolito.
757 2141 850 2200 Gaius
867 2144 904 2199 ab
922 2144 1057 2200 omnibus
1075 2144 1145 2211 suis,
1169 2153 1294 2217 excepto

218 2230 316 2287 bion..
340 2228 443 2283 abesse
466 2228 582 2295 acribit3
610 2228 713 2284 aberat
735 2229 839 2284 saltem
862 2247 880 2285 a
905 2228 1074 2285 melioribus
1097 2226 1167 2305 [B];
1196 2238 1294 2284 sustu-

218 2313 291 2369 lerat
320 2332 383 2368 earn
408 2312 495 2368 etiam
521 2314 637 2380 Larnb.;
664 2331 759 2386 neque
782 2324 861 2369 reete
889 2314 936 2369 hic
959 2333 1012 2387 pro
1035 2318 1113 2369 etium
1135 2324 1295 2388 poneretur

218 2416 312 2471 noque
346 2402 425 2453 en'om.
458 2410 526 2472 apte
560 2398 607 2453 hic
635 2398 807 2463 adderetur3
841 2400 968 2471 (auridum
1001 2402 1080 2454 etiam
1113 2398 1291 2455 coniunctim

217 2483 303 2538 aliter
331 2483 460 2554 dicitur).
507 2484 540 2540 ln
574 2483 679 2539 ceteris
708 2482 806 2539 verbis
838 2482 962 2539 offendit
989 2482 1121 2539 adverbii
1152 2485 1295 2557 praecurre

218 2571 299 2638 (rlr'm't
316 2587 339 2623 s.
357 2570 429 2623 (ὕστα
446 2570 520 2642 anm)
537 2578 565 2623 et
588 2567 726 2624 adiectivi
746 2570 879 2642 perpolita
897 2571 982 2640 (curn)
1000 2586 1167 2625 concursus.
1191 2586 1294 2642 quam·

216 2672 305 2726 qoam
328 2666 484 2725 utrumqne
508 2672 560 2727 por
582 2672 613 2708 se
636 2664 714 2709 reete
738 2652 859 2721 dieitur3
888 2671 983 2728 neque
1006 2653 1102 2709 simile
1125 2653 1292 2728 exemplum

218 2738 297 2793 novi.
334 2738 435 2794 Lamb.
459 2739 488 2793 in
513 2738 590 2793 euris
612 2737 748 2793 secundis
767 2741 928 2813 praecincta-3
952 2739 1028 2794 Dav.
1052 2738 1129 2795 maie
1149 2741 1293 2813 perpolite3

218 2841 284 2878 nom
310 2823 364 2876 boc
387 2823 503 2894 quidem
527 2822 704 2878 adieetivum
728 2840 792 2878 esse
811 2823 907 2879 debet.
942 2822 1024 2900 [Non
1043 2823 1115 2880 satis
1133 2823 1201 2879 hnic
1218 2823 1293 2891 loco,

218 2908 247 2963 io
271 2925 329 2980 quo
352 2907 531 2980 comparatio
560 2908 590 2962 iit
615 2924 668 2963 nec
689 2908 767 2963 idern
790 2908 912 2963 verbnm
935 2908 1029 2964 aridiri
1053 2918 1159 2982 potest.
1182 2908 1294 2964 similes

218 3002 285 3048 erint
308 2991 362 3047 iili.
386 2992 415 3046 io
439 2992 544 3064 quibus
567 3009 632 3048 cum
656 2992 797 3048 adverbio
820 2993 1007 3067 coniungitur
1030 2993 1206 3049 adiectivurn
1224 2993 1293 3049 sub·

218 3077 295 3133 ieeto
318 3077 484 3150 appositum
505 3080 615 3148 (danitas
637 3080 914 3149 attrectationem
933 3096 985 3153 pro
1008 3077 1124 3133 obiecto
1146 3078 1292 3134 actionem

218 3161 369 3225 definiens.
389 3174 418 3215 nt
438 3162 474 3217 de
491 3162 561 3235 imp.
576 3161 680 3236 Pomp.
693 3164 748 3218 47:
771 3164 862 3219 tirar'de
877 3173 902 3218 et
918 3181 1008 3237 punico
1025 3164 1155 3219 dicamne.
1190 3161 1293 3222 Simile

219 3247 291 3303 iiind
314 3247 351 3302 ad
372 3247 533 3311 Att.xv1,
548 3248 576 3314 7,
591 3247 624 3301 2:
647 3249 720 3304 boec.
743 3251 848 3303 etiamsi
869 3267 919 3303 non
937 3249 1095 3322 prudenter.
1119 3258 1205 3304 tomen
1229 3237 1294 3302 ἀπε·

218 3325 333 3404 adonta
355 3330 440 3407 sarrit]
488 3332 600 3388 Deinde
625 3331 685 3388 Eri.
705 3344 734 3388 et
747 3332 826 3406 Spin.
839 3330 894 3409 [B]
912 3334 947 3388 ob
970 3334 1017 3389 boc
1039 3334 1186 3401 εηιισὶεαεες
1209 3349 1294 3407 prae·

218 3424 278 3472 stat
300 3416 437 3489 ririgutns
459 3417 545 3476 ordo:
574 3435 641 3473 nour
670 3418 698 3472 in
728 3417 779 3473 iilo
802 3418 895 3473 altero
917 3417 1096 3473 admiscetur
1117 3416 1294 3492 significatio

212 3519 275 3556 non
300 3513 384 3575 apta.
416 3502 498 3574 quasi
527 3501 652 3558 fortasse
675 3501 725 3558 alii
749 3502 806 3558 iam
831 3514 891 3558 tum
915 3503 968 3558 ilia
989 3501 1185 3573 enuclearint,
1214 3501 1293 3576 quod

220 3596 285 3659 post
313 3586 429 3642 demum
458 3587 566 3643 facturn
597 3599 650 3642 est.
695 3588 728 3644 In
753 3586 851 3643 verbis
881 3589 914 3644 de
941 3590 1037 3643 virtute
1064 3589 1171 3661 quidem
1194 3586 1294 3658 (video

219 3671 295 3726 enirn
319 3671 387 3728 Gaii
411 3679 536 3733 errores)
554 3672 698 3744 particula
720 3672 874 3747 signifieat..
898 3673 973 3728 hane
995 3673 1099 3728 saitem
1123 3691 1194 3739 rem,
1218 3689 1293 3745 quae

220 3756 321 3812 Pisoni
340 3757 368 3811 in
387 3776 500 3812 srrnnoo
520 3758 595 3813 bono
607 3758 765 3831 praecipua
779 3757 902 3813 videtur.
920 3776 937 3813 a
957 3757 1127 3814 Democrito
1147 3775 1205 3813 non
1223 3774 1294 3812 onu-

217 3841 342 3897 cieatam
367 3850 439 3897 osse.
490 3844 519 3897 ln
544 3844 613 3898 barem
635 3846 728 3899 Iocum.
751 3842 781 3898 id
804 3854 857 3899 est.
881 3842 910 3898 in
935 3843 1126 3899 Academiam
1150 3845 1178 3916 (ς
1205 3845 1242 3915 i).

305 3945 350 3981 nec
378 3926 542 4001 meditatum)
565 3927 614 3985 Sic
638 3927 788 3984 Manutius
811 3929 840 3983 in
864 3927 993 3984 editione
1016 3947 1042 3983 a.
1070 3928 1166 3995 1560,
1195 3927 1294 3983 neseio

219 4010 305 4068 rande.
329 4030 395 4066 cnm
418 4011 482 4085 ipse
504 4012 563 4067 alia
586 4022 692 4077 tentem
715 4012 766 4068 sed
790 4013 964 4069 confirmant
988 4012 1123 4069 meliores
1135 4010 1217 4091 ([}3,]
1239 4030 1294 4086 rag.

217 4093 311 4153 Crat..
338 4096 478 4163 iliiensim
502 4097 595 4156 Gaius
618 4115 719 4153 omnes
742 4115 811 4155 euos
833 4099 957 4154 dubitant
979 4098 1087 4154 habere
1110 4096 1186 4155 falso
1210 4097 1295 4173 dicit)

216 4194 246 4236 et
270 4192 387 4256 praeter
411 4183 434 4237 P
458 4194 588 4239 nostrum
612 4182 700 4238 etiam
725 4183 789 4240 Pal.
812 4185 846 4249 6;
869 4183 932 4239 cod.
956 4183 1031 4240 Mor.
1056 4183 1180 4241 (inedium.
1204 4182 1294 4238 ceteri

218 4267 341 4322 (trahitant
364 4267 453 4335 (Pali.
479 4268 595 4342 reliqui,
619 4268 724 4341 Oxx.).

304 4353 337 4408 de
364 4354 456 4408 emiem
483 4373 513 4410 re
534 4358 601 4423 ,secat
628 4356 681 4409 olio
708 4354 799 4427 modo)
829 4351 908 4426 Quid
937 4350 1027 4408 fuerit
1054 4352 1084 4409 in
1112 4352 1294 4414 actionibus.

219 4453 294 4509 quae
312 4437 442 4510 petitori.
466 4449 494 4494 et
511 4436 656 4499 fornmiis.
675 4456 750 4512 qnae
767 4437 914 4495 iudicibus
931 4437 1086 4505 dabantur,
1100 4438 1294 4513 praestatem,
