3030 5086
435 469 479 513 nr
502 467 583 513 usn.
606 467 669 512 ure.
692 468 729 512 111
752 467 824 514 car.
844 470 883 513 ea.
899 467 1032 528 (rc-rs.)
1206 449 1271 512 473

280 640 330 703 lb.
355 639 456 716 Quam
478 636 584 716 gravis
600 654 684 715 vero,
707 655 801 718 quam
819 632 991 716 magnilica,
1014 651 1106 715 quam
1124 643 1271 699 constans

194 845 313 920 bergius
335 843 365 899 i'n
389 842 558 901 Observatt.
573 841 659 900 Critt.
682 844 711 900 in
735 846 808 900 orat.
832 862 885 917 pro
905 843 1002 900 Sestio
1026 861 1054 916 p.
1068 842 1107 897 29
1120 850 1181 897 not.
1221 841 1271 898 Li·

194 931 302 995 brario,
326 948 382 984 non
407 939 560 1002 perspecta
583 929 742 991 sententia,
766 928 841 987 Cato
864 928 945 984 visus
968 937 1012 983 est
1035 927 1131 983 dicere
1155 927 1270 996 debere,

194 1033 251 1071 non
277 1015 375 1069 labare
399 1013 505 1068 carnia.
552 1014 609 1069 Sed
633 1027 786 1088 praeterea
804 1013 957 1070 Ernestius
980 1012 1112 1087 scripsit:
1135 1016 1160 1067 si
1181 1031 1271 1080 anam,

194 1111 225 1155 ut
249 1098 441 1155 Marklandus
465 1098 622 1173 (Remarks
645 1118 682 1155 on
708 1099 757 1155 the
780 1098 909 1173 Epistles
932 1097 966 1153 of
986 1097 1090 1155 Cicero
1113 1107 1143 1153 to
1161 1097 1272 1153 Brutus

195 1205 222 1260 p.
236 1184 291 1257 49)
309 1184 396 1240 scribi
417 1183 565 1248 voluerat;
590 1183 647 1261 [sic
669 1184 726 1240 iam
751 1185 795 1240 ed.
813 1184 891 1240 1496
906 1192 934 1239 et
945 1177 1095 1258 Accone}
1141 1182 1175 1239 Si
1189 1183 1272 1238 allam

194 1271 237 1326 sic
259 1270 388 1344 ponitur,
412 1279 444 1323 ut
466 1269 601 1323 sufficere
625 1270 748 1335 dicatur,
771 1270 796 1325 si
814 1269 875 1326 ulla
892 1268 1011 1323 omnino
1024 1268 1085 1342 (vel
1103 1267 1174 1338 uua)
1194 1265 1272 1323 mota

194 1355 300 1423 luerit3
330 1355 386 1409 vid.
418 1353 455 1408 ad
484 1354 538 1419 IV,
564 1357 619 1414 452
654 1355 806 1410 commode
834 1353 1063 1428 Wesenbergius
1093 1352 1213 1408 adhibet
1240 1352 1271 1409 ΙΙ

195 1440 289 1497 Acad.
317 1442 391 1508 101,
423 1439 471 1494 ubi
496 1438 621 1512 primum
646 1440 687 1495 ita
709 1440 831 1495 dicitur:
862 1440 921 1495 Hoc
943 1448 1031 1494 autem
1053 1441 1078 1493 si
1098 1440 1136 1493 ita
1158 1447 1213 1506 cst,
1243 1447 1273 1494 ut

195 1546 234 1581 arr
243 1545 292 1580 nm
314 1526 392 1580 niodo
414 1525 534 1579 sensibus
550 1527 657 1597 fcrlsum
679 1527 817 1593 videatur,
837 1533 949 1598 praesto
971 1534 1023 1592 cst,
1053 1526 1102 1596 qni
1122 1532 1196 1594 nepot
1217 1542 1273 1578 rem

195 1613 277 1666 allam
295 1611 401 1684 per-api
417 1628 499 1682 posse
521 1611 650 1671 sensibus,
675 1610 780 1666 deinde
803 1620 899 1666 autem
919 1609 975 1664 sic:
999 1609 1033 1665 Si
1054 1610 1156 1663 ullum
1179 1626 1273 1664 sensas

194 1699 280 1751 ansam
296 1697 402 1768 falsam
425 1704 472 1755 est,
496 1696 562 1749 nilal
579 1705 668 1769 potest
686 1698 799 1769 percipi.
836 1695 875 1751 Et
896 1705 994 1750 tamen
1017 1692 1273 1750 usitatiusCicero

194 1800 276 1836 arram
304 1780 453 1853 positurus
481 1779 573 1835 fuisse
602 1780 731 1848 videtum
763 1799 828 1835 nam
858 1798 923 1836 cum
953 1797 1010 1835 non
1039 1783 1194 1834 sententiam
1222 1786 1274 1833 aut

195 1868 328 1921 decretam
351 1865 438 1933 dicat,
462 1865 523 1932 sed,
547 1885 607 1921 rem
631 1865 819 1922 extenuando
841 1883 962 1940 augens,
985 1865 1108 1931 litteram,
1132 1862 1199 1919 huic
1222 1881 1273 1918 ex·

195 1950 359 2006 tenuationi
387 1950 484 2023 aptius
515 1959 576 2006 erat
606 1971 668 2006 ana.
713 1949 790 2028 [Cfr.
821 1950 850 2006 in
880 1951 966 2005 Verr.
989 1950 1045 2018 IV,
1076 1939 1157 2024 ΙΙΙ]
1202 1947 1274 2005 Nie-

197 2035 318 2092 buhrius
341 2035 473 2109 (Fragrn.
499 2034 559 2092 Cic.
583 2045 670 2092 cratt.
696 2056 723 2111 p.
747 2035 820 2109 103)
843 2034 993 2110 professus
1017 2043 1076 2102 est,
1106 2033 1217 2089 nullum
1242 2051 1273 2090 se

197 2120 371 2177 emendandi
394 2138 486 2195 genus
510 2121 592 2194 peius
615 2122 712 2177 odisse
735 2139 822 2194 quam
846 2120 933 2189 illud,
957 2119 1034 2193 quod
1057 2127 1160 2175 contra
1182 2118 1274 2174 libros
1321 2165 1326 2175 ,

198 2205 383 2281 negationem
402 2215 453 2260 aut
470 2206 590 2262 adderet
607 2216 659 2262 aut
675 2207 800 2262 tolleret.
835 2206 899 2281 Ego
917 2223 974 2259 non
998 2204 1091 2260 solum
1110 2203 1225 2259 codices
1242 2203 1272 2260 in

198 2311 233 2347 eo
258 2291 362 2346 mendo
385 2292 422 2346 ab
441 2291 508 2345 aliis
526 2292 676 2348 codicibus
694 2292 776 2366 argui
795 2300 824 2347 et
841 2308 1014 2346 consensum
1033 2289 1165 2345 codicum
1184 2288 1274 2344 inter·

199 2377 266 2432 dum
291 2376 358 2432 aliis
380 2377 605 2433 auctoritatibus
628 2378 731 2432 cedere
755 2377 841 2433 video
864 2377 910 2448 (ut
932 2375 961 2430 in
985 2376 1070 2432 Verr.
1095 2375 1123 2435 Ι,
1149 2374 1187 2430 39
1210 2375 1274 2429 Au·

199 2461 309 2537 gustini
326 2461 515 2534 etAsconii),
539 2463 589 2519 sed
612 2462 790 2535 aliquotiens
812 2460 1059 2536 conspirationem
1083 2478 1183 2514 eorum
1200 2459 1275 2515 adeo

199 2545 355 2603 manifesta
378 2547 491 2602 ratione
515 2545 581 2603 falsi
605 2547 754 2616 convinci,
783 2557 815 2602 ut
844 2546 936 2601 multo
964 2545 1060 2600 minus
1083 2543 1276 2600 dubitationis

199 2632 271 2687 haec
294 2632 438 2687 correctio
461 2632 567 2687 habeat
586 2651 672 2706 quam
692 2633 817 2689 aliorum
836 2631 1027 2688 occultiorum
1051 2648 1182 2685 errorum
1206 2630 1273 2684 sub·

199 2717 280 2772 latio.
327 2717 500 2789 Exemplum
525 2727 642 2791 praeter
665 2718 703 2786 id,
727 2718 804 2791 quod
828 2717 874 2772 hic
897 2718 935 2781 V,
961 2716 999 2770 38
1023 2725 1166 2780 occurret,
1189 2716 1275 2789 (quo-

199 2804 276 2857 niam
302 2802 419 2875 longum
444 2815 488 2858 est
511 2822 560 2870 ea,
589 2821 664 2876 quae
693 2821 786 2876 nuper
814 2802 842 2856 in
868 2800 950 2859 Orat.
974 2800 1024 2868 §9
1056 2800 1276 2869 perversissime

199 2888 348 2961 disputata
372 2897 454 2956 suut,
478 2887 621 2961 refutare)
645 2907 750 2961 ponam
775 2905 790 2941 e
814 2886 941 2946 Seneca,
971 2886 999 2941 in
1024 2885 1106 2939 cuius
1129 2884 1204 2939 libro
1227 2885 1276 2940 Ill

198 2973 232 3027 de
256 2973 306 3027 Ira
331 2973 363 3030 2.
389 2973 405 3026 2
431 2991 508 3027 nunc
531 2973 652 3045 legitur:
684 2972 841 3045 Numquam
864 2975 1004 3026 universus
1022 2972 1141 3043 popalus
1157 2972 1277 3041 Jcrninae

196 3077 285 3113 autore
301 3060 441 3130 Jlnpranit,
465 3078 511 3114 nec
533 3062 558 3112 in
580 3060 720 3131 percutiam
737 3068 785 3112 aut
801 3059 905 3112 lacrum
925 3066 978 3111 tota
996 3058 1090 3110 civitas
1109 3074 1182 3128 ¹spem
1199 3075 1276 3111 stram

196 3147 282 3207 misit;
312 3144 418 3198 diribitio
441 3147 537 3199 oim'tim
560 3146 678 3215 sirrpnlos
700 3152 825 3216 occrtpat,
854 3146 1007 3215 impotentia
1036 3160 1086 3194 non
1115 3149 1153 3195 est
1176 3143 1276 3196 naulum

191 3230 345 3303 publicum
368 3248 448 3302 saepe
469 3233 496 3284 in
519 3234 588 3285 irum
611 3248 662 3284 reno
683 3232 786 3301 apinine
809 3233 874 3283 itam
896 3237 943 3283 ast.
989 3225 1216 3299 Impotcntiam,
1242 3237 1275 3282 ut

196 3315 290 3387 possit
317 3314 378 3368 irae
405 3315 553 3370 contraria
577 3314 660 3388 poni,
690 3312 873 3386 Ruhlcoplius
901 3311 1067 3386 cupidinem
1096 3310 1275 3383 indomitam

196 3399 365 3454 dominandi
388 3399 607 3473 interpretatur.
652 3401 696 3456 At
718 3399 747 3454 id
771 3416 929 3471 numquam
954 3417 1012 3453 vox
1034 3395 1196 3470 significat,
1225 3396 1276 3452 sed

197 3482 269 3538 iram
296 3484 508 3543 vehementem.
557 3486 592 3541 Et
615 3485 769 3540 dicendum
793 3494 857 3539 crat
881 3483 909 3537 in
934 3481 1134 3557 oppositione:
1158 3485 1184 3536 in
1207 3486 1277 3537 iram

196 3587 283 3641 saepe.
307 3567 432 3641 Scripsit
445 3570 571 3627 Seneca:
594 3573 798 3644 Intpolentia
815 3579 864 3624 est
880 3571 980 3624 malum
992 3568 1144 3648 publicum3
1173 3567 1278 3623 deinde

196 3654 362 3709 confirmat:
386 3673 465 3728 saepe
487 3658 513 3711 in
535 3659 604 3730 iram
627 3665 682 3712 cet.
717 3651 859 3733 [Negatio
879 3664 981 3709 contra
1003 3652 1119 3710 codices
1144 3652 1279 3708 addenda

197 3739 253 3793 erit
275 3740 330 3802 lv,
356 3741 410 3807 693
433 3749 535 3796 contra
558 3741 686 3814 optimos
707 3740 808 3796 addita
830 3750 874 3796 est
897 3740 937 3807 ΙΙ,
962 3741 1017 3808 243
1046 3747 1155 3794 contra
1177 3755 1279 3793 omnes

197 3825 251 3892 IV,
277 3826 314 3879 65
340 3834 377 3890 et,
403 3834 434 3879 ut
457 3825 529 3894 dixi,
553 3827 590 3883 V.
615 3821 680 3900 38.]

283 3911 356 3980 qrtocl
378 3910 488 3981 moveri)
513 3909 660 3968 Gruterus
683 3928 719 3965 ex
743 3909 879 3964 omnibus
898 3909 974 3964 Pall.
992 3927 1054 3982 quc,
1078 3916 1107 3962 et
1129 3906 1172 3962 sic
1189 3906 1276 3962 etiam

198 3993 283 4063 000,
298 3994 364 4049 Ball
378 4037 385 4055 ,
399 3995 511 4062 Mead.;
534 3995 626 4068 (Oxx.
647 4004 758 4050 tantum
777 4013 793 4049 e
810 4013 827 4068 χ
845 3993 1019 4067 proferunt).
1059 3991 1139 4059 erod
1150 3991 1279 4048 Eliensis

201 4080 360 4152 ,aliiqne‘·,
381 4080 457 4152 Spir.
471 4078 536 4156 [B],
556 4079 635 4138 Gud.
652 4083 677 4147 l,
696 4080 763 4136 Bas.
798 4078 979 4136 Sententiam
1004 4096 1093 4152 supra
1116 4075 1280 4145 declaravi3

198 4166 233 4221 de
270 4165 405 4221 movendi
434 4165 629 4222 instrumento
663 4183 721 4220 non
755 4164 860 4237 agitur.
911 4163 1006 4220 Paulo
1034 4171 1102 4218 ante
1134 4161 1280 4218 notandus

199 4261 244 4306 est
273 4260 392 4323 propter
420 4251 544 4306 aliorum
568 4250 699 4306 locorum
723 4249 933 4304 correctionem
958 4247 1145 4304 librariorum
1169 4246 1280 4320 duplex

200 4355 290 4399 error,
315 4335 364 4408 qtri
389 4354 426 4390 ex
449 4339 497 4392 incl
519 4336 560 4406 (in
584 4337 672 4406 aliud)
695 4345 724 4390 et
746 4354 779 4391 en
801 4332 962 4390 effecerunt
984 4334 1066 4388 iudea
1087 4333 1183 4404 (Eri),
1208 4341 1279 4401 tum,

199 4420 438 4495 frequentissima
467 4421 698 4496 permutatione,
732 4421 852 4476 videlicet
880 4417 995 4492 (Εξχψ,
1025 4417 1105 4475 Gud.
1134 4417 1279 4492 uterque).
