3030 5086
255 479 320 544 416
646 496 691 540 ne
713 494 845 543 rrnreus
867 495 939 541 eon.

255 664 493 745 approbandum
515 663 557 728 sit
579 663 683 742 nobis,
710 669 758 742 ut,
787 663 839 743 qui
861 662 953 744 plura
974 663 1090 728 habeat
1111 683 1164 743 ea,
1192 682 1275 746 quae
1302 662 1333 729 in

256 784 389 846 corpore
410 765 514 846 magni
536 764 754 844 aestimantur,
782 765 823 854 sit
844 763 974 830 beatior.
1017 765 1065 830 llli
1087 765 1168 831 enim
1191 764 1336 848 corporis

256 867 426 932 commodis
448 867 594 948 compleri
617 867 713 931 vitam
730 867 851 931 beatam
868 871 990 947 putant,
1012 867 1111 932 nostri
1130 867 1205 932 nihil
1221 867 1335 933 minus.

256 969 337 1034 Nam
359 987 428 1033 cum
450 967 495 1032 ita
516 968 647 1049 placeat,
669 987 709 1033 ne
726 987 832 1033 eorum
850 967 975 1048 quidem
992 968 1154 1049 bonorum,
1177 988 1258 1051 quae
1274 986 1336 1034 nos

216 1069 339 1135 bbona
360 1088 435 1135 vere
456 1069 657 1150 appellemus,
680 1067 855 1150 frequentia
876 1068 1046 1134 beatiorem
1069 1071 1165 1136 vitam
1187 1068 1257 1137 fieri
1280 1076 1338 1136 aut

329 1262 348 1304 l.
367 1272 396 1305 ea
415 1271 464 1304 om.
485 1255 505 1306 0
523 1255 633 1305 eorumL
670 1260 693 1305 ἓ.
714 1255 904 1305 exiatr'rnarrturL
939 1260 962 1307 8.
985 1255 1115 1322 [manusb]
1152 1263 1175 1309 4.
1194 1273 1335 1307 neccarum

256 1323 376 1375 LPMCR
392 1333 418 1372 ut
435 1324 553 1373 eorumE
591 1329 612 1371 5.
632 1333 734 1374 caterae
752 1327 809 1388 (pro
826 1325 890 1388 vere)
910 1322 1029 1374 LMROr.
1065 1323 1245 1390 appollenaris
1272 1325 1338 1388 fieri

255 1392 366 1442 citam?
402 1401 473 1456 atque
491 1392 548 1458 (pro
566 1393 660 1458 aut)E

256 1567 315 1604 non
338 1567 373 1605 eo
395 1557 519 1624 spectat,
542 1557 574 1604 ut
597 1566 674 1605 nunc
697 1547 881 1618 defendatur,
904 1566 1005 1605 omnes
1028 1548 1130 1606 beatos
1152 1567 1245 1623 aeque
1269 1566 1337 1607 esse

256 1633 358 1690 beatos
381 1633 423 1707 (id
446 1632 523 1689 enim
547 1632 695 1702 differtur3
719 1633 777 1688 vid.
799 1635 880 1702 §442
902 1643 980 1704 recte,
1004 1652 1121 1704 secusne,
1140 1637 1257 1709 posteo),
1282 1633 1336 1692 sed

255 1728 288 1775 ut
305 1736 343 1775 ex
359 1718 415 1774 hac
432 1718 587 1789 sententia,
611 1737 697 1792 quarn
709 1717 903 1793 Peripatetici
920 1735 978 1775 non
996 1718 1131 1793 probent,
1150 1720 1335 1791 ostendatur,

256 1821 343 1877 quam
367 1803 426 1859 vim
449 1804 556 1859 habeat
580 1803 728 1860 distinctio
751 1803 894 1860 bonorum
912 1820 930 1858 a
946 1803 1131 1878 praepositis,
1155 1804 1299 1861 malorum
1318 1821 1337 1860 a

256 1887 382 1945 reiectis.
426 1888 528 1946 Verba
549 1898 591 1956 ut,
622 1890 772 1963 quipiam
795 1896 850 1944 cet.
879 1887 921 1944 sic
943 1888 1075 1958 annecti,
1103 1897 1135 1945 ut
1158 1889 1337 1965 explicetur,

256 1972 326 2047 quid
349 1973 420 2029 insit
442 1973 471 2029 in
495 1973 546 2029 illo
569 1974 617 2030 loc
638 1975 716 2043 idem,
740 1972 801 2029 dixi
825 1973 862 2028 ad
884 1973 925 2040 II,
951 1974 977 2029 6.

339 2060 421 2132 ploro
440 2058 535 2114 babeat
554 2057 599 2132 eo)
617 2058 708 2114 Error
725 2057 794 2114 edit.
812 2056 836 2115 C
861 2077 892 2114 eo
911 2057 1073 2115 emittentia
1091 2066 1272 2134 propagatus
1290 2068 1337 2116 est

256 2142 294 2198 ad
306 2143 446 2199 Aldinam
465 2150 493 2198 et
505 2141 567 2199 fere
581 2141 711 2216 reliquas
722 2150 790 2198 ante
803 2139 910 2199 Gzium
923 2152 1025 2200 contra
1037 2142 1120 2200 codd.
1144 2138 1255 2224 ([AB,]
1274 2152 1337 2201 tres

256 2227 345 2297 Dan,
358 2226 447 2298 Oxx,
461 2224 529 2284 Gaii
537 2247 544 2296 3
562 2227 684 2284 etribus
695 2227 779 2283 Parr.
792 2227 869 2286 Dav.
882 2225 994 2303 profert
1007 2238 1031 2285 et
1041 2225 1097 2305 ee).
1121 2228 1232 2285 Eodem
1245 2228 1336 2287 modo

256 2312 376 2368 dicitur:
389 2314 474 2386 plura
487 2313 565 2369 babet
577 2313 649 2382 boec,
668 2312 698 2368 id
710 2319 764 2382 est,
776 2303 849 2368 haec
862 2312 972 2369 maiore
984 2331 1116 2383 numero,
1128 2322 1230 2388 atque:
1247 2333 1335 2370 mam·

256 2416 361 2452 orarum
372 2398 521 2467 multitudo,
533 2416 603 2471 quac
615 2398 722 2454 eoadem
728 2415 836 2471 paucas
847 2398 944 2454 babent
956 2416 1001 2454 eae
1013 2398 1111 2454 bestiae
1122 2406 1177 2456 cet.
1188 2397 1283 2471 (N.D.
1291 2399 1335 2467 Il,

259 2481 341 2554 128).
370 2481 674 2538 Animadvertendum
693 2491 738 2538 est
753 2490 861 2553 autern,
874 2481 1028 2552 Catonem,
1047 2501 1113 2543 cnm
1130 2482 1257 2558 primurn
1274 2501 1336 2541 eor·

251 2570 329 2641 poris
341 2576 388 2622 aot
399 2576 509 2623 eeterna
521 2568 588 2623 bono
599 2565 788 2635 nominasset,
806 2566 911 2623 deinde
928 2575 1041 2624 tantum
1059 2570 1179 2642 corporis
1195 2570 1336 2626 commoda

256 2652 423 2722 nominare,
446 2661 479 2707 ut
500 2652 556 2709 hoc
577 2670 685 2727 genere
707 2651 795 2708 etiam
819 2659 941 2708 externa
964 2652 1250 2728 comprehendantur
1271 2672 1335 2710 om-

256 2736 364 2810 niaque
376 2736 594 2811 intellegentur,
612 2755 687 2810 quae
699 2735 891 2811 Peripatetici
908 2745 1026 2809 praeter
1043 2737 1181 2793 virtutem
1199 2736 1229 2793 in
1247 2737 1336 2795 bonis

256 2830 411 2877 numerent
433 2822 486 2893 (eo,
509 2840 579 2895 qaae
601 2826 627 2878 in
650 2840 722 2896 corp.
746 2829 776 2900 et
797 2820 917 2877 deinde:
939 2823 1060 2897 corporis
1080 2823 1245 2896 commedio).

342 2925 374 2962 ne
401 2925 491 2962 eorum
512 2908 620 2980 quidem
642 2906 781 2975 bonorum,
810 2924 881 2979 quae
907 2924 955 2962 noa
978 2907 1045 2962 bona
1072 2925 1132 2963 vere
1159 2909 1334 2982 appellemus,

250 2990 420 3065 frequentia)
444 2990 609 3050 Stoicorum
638 2989 785 3046 sententie
811 3009 849 3047 ne
876 3009 1012 3048 verorum
1042 2991 1160 3065 quidem
1189 2992 1333 3049 bonorum

256 3074 423 3149 frequentia
445 3075 561 3132 beatior
583 3075 615 3130 fit
638 3075 714 3144 vita,
737 3092 803 3131 cum
827 3076 917 3132 semel
940 3084 985 3133 est
1007 3077 1094 3133 beata
1116 3079 1195 3148 (uam
1219 3076 1255 3133 de
1278 3077 1336 3135 hoc

256 3160 379 3236 agitur);
402 3178 496 3234 neque
520 3160 596 3216 enim
620 3160 715 3216 bonae
737 3160 877 3231 actiones,
901 3179 976 3234 quae
999 3180 1069 3218 vera
1091 3162 1168 3218 bona
1190 3171 1268 3229 aunt,
1292 3162 1336 3219 sic

256 3253 457 3313 numerantur,
481 3254 522 3315 ut,
546 3245 596 3318 qui
619 3244 736 3319 saepius
758 3254 837 3302 recte
859 3243 977 3317 fecerit,
1001 3246 1115 3303 beatior
1137 3245 1189 3315 ait3
1215 3246 1336 3322 sapiens

257 3328 334 3386 enim
364 3329 499 3403 quotiens
526 3330 601 3405 egit,
631 3348 747 3405 semper
774 3337 852 3387 recte
881 3330 956 3405 egit,
985 3339 1013 3387 et
1041 3331 1174 3406 singulae
1202 3331 1335 3389 actiones

256 3432 358 3470 omnes
387 3432 524 3472 numeros
552 3415 714 3472 honestatis
737 3414 902 3483 continent;
931 3424 1002 3488 quot
1029 3416 1134 3491 agendi
1163 3415 1335 3474 occasiones

257 3498 379 3565 babeat,
407 3498 481 3555 nihil
509 3500 545 3556 ad
563 3518 636 3556 ,rem
660 3499 730 3570 (vid.
754 3500 822 3572 46);
851 3499 943 3556 multo
971 3500 1061 3576 igitur
1089 3501 1186 3557 minue
1214 3501 1334 3558 illorum

258 3584 477 3641 commodorum
500 3583 675 3658 frequentia,
699 3602 774 3658 quae
792 3582 885 3642 Stoici
903 3585 980 3641 bona
997 3603 1061 3642 esse
1079 3593 1195 3661 negant,
1219 3585 1336 3643 beatior

258 3669 319 3725 rita
346 3669 388 3725 fit.
433 3669 542 3726 Divisit
566 3668 640 3728 Cato
668 3687 758 3726 unum
787 3670 894 3725 bonum
919 3669 1082 3743 (virtutem)
1106 3670 1135 3726 in
1159 3670 1245 3745 plura
1268 3671 1337 3743 (ho-

258 3763 356 3811 nestas
379 3754 517 3817 actiones,
541 3753 593 3810 cfr.
617 3755 654 3810 ad
678 3754 767 3826 521),
797 3762 829 3809 ut
844 3755 1028 3827 frequentiam
1057 3773 1155 3810 eorum
1185 3774 1250 3812 cum
1281 3775 1334 3812 ex·

259 3849 408 3895 ternorum
426 3848 455 3895 et
472 3839 604 3913 corporis
621 3838 839 3896 commodorum
858 3838 1024 3912 frequentia
1041 3857 1212 3914 comparare
1224 3850 1335 3915 posset.

208 3936 213 3947 ·
259 3923 309 3981 Sic
320 3932 428 3993 autern,
447 3934 478 3980 nt
490 3923 578 3992 edidi,
591 3942 648 3979 non
661 3923 756 3980 solum
770 3922 905 3980 meliores
916 3924 1040 3994 codices,
1058 3924 1123 3981 Pal.
1139 3928 1164 3992 l,
1178 3924 1255 4000 Spir.
1270 3920 1335 4005 [Β]

258 4027 317 4083 mg.
336 4007 415 4066 Crat.
439 4008 632 4080 (Merelianus
655 4008 727 4064 mire
757 4028 804 4064 noe
827 4009 893 4064 bono
917 4010 1023 4082 qro'dem
1044 4011 1138 4085 opp),
1170 4010 1220 4066 sed
1244 4010 1334 4067 etiam

259 4092 419 4150 deteriores
441 4093 554 4167 aliquot
577 4092 653 4166 (Pal.
669 4095 697 4162 4,
721 4093 804 4149 Parr.
832 4097 857 4161 l,
882 4093 910 4162 3,
934 4092 1020 4163 000,
1044 4094 1101 4152 Ox.
1123 4113 1150 4169 χ,
1174 4095 1261 4152 etiem
1286 4095 1334 4154 ed.

263 4178 342 4235 1480
366 4186 394 4234 et
417 4177 555 4251 Marsus).
599 4178 727 4235 Inscitus
749 4178 857 4251 aliquis
879 4178 1064 4248 emendator,
1092 4180 1142 4253 qui
1165 4199 1223 4238 non
1247 4179 1336 4237 intel·

258 4263 385 4339 legebat,
408 4263 554 4336 quomodo
568 4282 703 4320 verorum
721 4263 874 4331 bonorum,
894 4282 969 4336 quae
985 4264 1041 4340 ipsi
1055 4263 1147 4323 Stoici
1165 4265 1335 4339 probarent,

190 4400 193 4407 .
258 4347 424 4422 frequentia
452 4355 550 4404 tamen
573 4349 688 4405 beatior
714 4347 777 4405 fieri
800 4347 861 4404 vita
883 4360 1055 4423 negaretur,
1083 4349 1199 4424 putavit
1226 4348 1336 4407 substi-

259 4433 398 4490 tuendum
421 4432 533 4506 aliquid
556 4451 630 4504 esse,
653 4433 732 4508 quod
749 4451 766 4489 a
783 4432 892 4490 virtute
909 4442 939 4491 et
956 4433 1056 4494 Stoico
1074 4434 1151 4492 bono
1168 4434 1333 4492 seiunctum
