3030 5086
216 476 353 542 XXVIII
648 483 850 544 PRsnrsrro.

217 663 335 730 Ellensi
363 665 499 729 secundo
528 671 659 747 propter
681 665 800 730 Davisii
829 666 1054 748 neglegentiam
1081 667 1208 732 dubium
1237 671 1299 745 est,

218 777 323 837 utrum
339 773 370 838 in
389 774 446 838 hoc
457 792 572 855 genere
590 792 630 838 an
647 773 678 838 in
690 773 742 838 illo
754 774 859 853 mixto,
877 774 989 855 dequo
1002 775 1111 854 dicam,
1129 775 1299 857 ponendus

219 879 272 959 sit,
291 881 402 946 inclmo
415 887 516 946 tamen
535 882 566 945 in
578 882 786 962 posteriorem
798 881 1028 963 sententiam.¹)
1064 882 1180 966 [Sed²)
1197 899 1297 964 quam

217 988 376 1053 meliorem
388 989 511 1071 appello
522 988 680 1067 familiam,
698 989 764 1054 eius
782 989 903 1054 codices
920 989 978 1055 hoc
995 988 1297 1068 habentcommune,

217 1096 303 1175 quod
319 1096 434 1161 codicis
451 1097 613 1178 archetypi
630 1099 817 1178 scripturam
836 1116 897 1162 non
909 1097 952 1162 illi
972 1097 1097 1179 quidem
1114 1097 1180 1162 sine
1196 1096 1297 1162 libra·

217 1205 336 1267 riorum
359 1223 475 1281 errore,
500 1206 555 1270 sed
578 1205 644 1269 sine
666 1205 719 1269 illa
736 1205 946 1289 interpolandi
964 1211 995 1270 et
1010 1204 1153 1270 mutandi
1168 1202 1298 1269 licentia

218 1317 354 1390 servant,
377 1331 459 1393 quae
480 1312 511 1376 in
535 1331 597 1377 uno
619 1312 732 1393 aliquo,
755 1313 823 1394 ipso
846 1312 1045 1394 neglegenter
1063 1312 1189 1393 scripto,
1212 1312 1296 1376 circa

217 1419 319 1500 prima
347 1424 379 1484 et
406 1419 498 1484 rudia
526 1421 753 1485 renascentium
781 1419 956 1484 litterarum
985 1420 1073 1485 initia
1103 1420 1142 1485 ab
1170 1417 1296 1484 homine

217 1526 276 1591 sibi
303 1533 335 1592 et
356 1527 439 1606 aliis,
468 1537 503 1593 ut
525 1526 704 1608 simpliciter
726 1527 928 1609 opinabatur,
956 1526 1129 1592 consulenti
1156 1525 1296 1591 adhibita

216 1641 455 1717 propagataque
478 1635 590 1701 deinde
611 1654 669 1716 per
691 1642 812 1701 ceteros
834 1653 946 1716 magno
968 1653 1098 1700 numero
1117 1634 1191 1700 inde
1207 1639 1296 1698 ortos

218 1749 250 1807 et
282 1743 441 1807 derivatos
474 1749 542 1821 est;
581 1748 717 1808 ceterum
751 1743 937 1824 integriores
974 1742 1018 1807 illi
1051 1760 1152 1823 neque
1184 1741 1296 1806 eodem

218 1867 326 1915 omnes
347 1850 449 1932 gradu
471 1850 511 1915 ab
534 1850 704 1931 archetypo
727 1851 846 1916 distare
866 1848 1065 1914 manifestum
1087 1858 1136 1915 est
1152 1853 1184 1914 et
1199 1865 1298 1930 posse

219 1958 299 2022 duos
321 1958 467 2038 pluresve
495 1977 532 2022 ex
559 1976 621 2022 uno
649 1957 754 2039 aliquo
781 1958 942 2023 interiecto
966 1963 1053 2022 ortos
1075 1957 1120 2021 sic
1141 1955 1297 2021 communi

217 2065 364 2146 propiore
387 2065 486 2146 stirpe
507 2065 672 2144 contineri,
701 2072 736 2130 ut
757 2065 893 2130 universi
916 2064 1084 2130 testimonii
1106 2082 1200 2128 unam
1222 2071 1297 2127 tan-

216 2176 282 2236 tum
314 2178 435 2252 partem
464 2171 637 2238 conficiant.
687 2173 727 2237 Et
755 2174 902 2254 quoniam
930 2173 970 2237 de
996 2173 1047 2250 iis,
1076 2188 1154 2252 quos
1182 2187 1298 2251 parum

217 2280 370 2360 norimus,
393 2277 517 2345 difficile
538 2286 570 2346 et
585 2280 695 2346 inutile
711 2288 761 2346 est
777 2280 947 2362 separatim
963 2280 1075 2357 dicere,
1098 2277 1157 2343 hoc
1173 2284 1296 2343 tantum

217 2402 379 2468 ponamus,
401 2388 534 2469 primum
558 2387 693 2453 codicem
717 2387 940 2469 Erlangensem
960 2395 992 2453 et
1007 2385 1193 2451 Vaticanum
1215 2384 1296 2450 alte-

217 2512 287 2558 rum
299 2494 354 2576 (Β)
372 2513 466 2559 unum
483 2495 656 2575 proximum
674 2495 847 2576 exemplum
864 2496 952 2573 adeo,
975 2491 1108 2558 fideliter
1130 2491 1230 2556 dicam
1252 2509 1296 2556 an

218 2600 380 2680 serviliter,
404 2601 546 2680 reddere,
569 2609 604 2667 ut
625 2603 730 2667 omnia
750 2603 804 2668 illa
827 2602 948 2681 menda,
971 2620 1051 2682 quae
1073 2617 1171 2681 supra
1192 2596 1297 2680 p.XX

217 2715 247 2774 et
264 2709 339 2774 XXI
361 2715 521 2790 tamquam
543 2709 658 2790 prioris
680 2709 811 2792 propria
832 2709 932 2791 posui,
955 2709 1048 2774 etiam
1069 2707 1149 2773 alter
1171 2705 1297 2784 habeat,

217 2816 276 2881 uisi
299 2816 384 2897 quod
406 2817 430 2895 I,
454 2816 471 2880 i
496 2835 626 2881 summer
647 2818 754 2896 habet,
777 2818 819 2881 49
842 2815 910 2880 illas
931 2822 1017 2881 tenet
1038 2817 1115 2898 (non
1136 2812 1229 2895 iilos);
1252 2811 1296 2878 39

218 2930 250 2988 et
270 2924 312 2988 69
335 2923 427 2988 huius
449 2924 570 2990 librarii
593 2925 700 2990 oculus
723 2944 783 2989 non
807 2923 978 3002 aberravit;
1006 2925 1054 3006 (at
1074 2921 1234 2988 aberravit
1255 2919 1296 2985 ob

248 3173 267 3229 ¹i
287 3175 442 3238 Plerumque
464 3189 478 3226 a
501 3176 590 3226 codice
610 3176 646 3226 El.
661 3174 689 3234 2,
715 3175 758 3225 uhi
782 3176 947 3238 distinguitur
970 3187 984 3223 a
1007 3176 1103 3237 priore,
1128 3171 1296 3236 proteruntur

288 3261 402 3310 melioris
422 3260 535 3310 iamiiias
554 3263 704 3324 scripturas,
724 3265 752 3309 ui
771 3263 796 3309 in
817 3259 882 3310 libro
901 3259 921 3309 ii
938 3258 949 3320 l
964 3257 994 3310 lb
1007 3264 1154 3321 perpacata,
1173 3255 1207 3310 26
1222 3257 1296 3320 lian-

286 3358 343 3407 pers
362 3348 426 3403 isius
444 3354 519 3404 remi,
537 3344 571 3398 66
588 3346 710 3404 credebat,
729 3344 763 3397 65
777 3346 844 3394 nunc
859 3358 912 3404 nos,
935 3343 1087 3407 didicererat,
1107 3343 1139 3393 ai.
1180 3343 1215 3394 iix
1229 3336 1292 3392 ati

288 3443 364 3493 saepe
387 3435 411 3480 et
434 3433 583 3480 communis
603 3431 765 3494 interpolatio
784 3430 912 3494 protertur
926 3428 953 3492 (8
970 3428 1078 3484 litarent,
1096 3426 1141 3489 ai.)
1160 3432 1185 3477 st
1203 3429 1295 3489 singu·

288 3515 349 3565 iaris
368 3513 419 3576 (ii.
430 3513 471 3575 23.
481 3514 522 3574 36,
533 3514 574 3574 66,
584 3514 636 3574 82).
674 3517 723 3566 Sed
743 3520 829 3566 tamen
849 3516 969 3579 piurimis
988 3512 1053 3564 ioris
1072 3511 1192 3562 Dnrisius
1212 3509 1295 3563 mil

288 3613 316 3650 se
335 3603 407 3662 sequi
427 3599 497 3658 dicit,
517 3600 581 3652 aia
597 3614 647 3650 non
665 3601 774 3658 addeum
794 3606 871 3662 atqua
885 3613 914 3650 sx
930 3600 979 3649 hoo
994 3603 1128 3661 corruptas
1145 3599 1222 3647 ctiam
1239 3599 1296 3646 sin·

287 3685 369 3748 guiarl
387 3685 465 3735 modo
484 3688 625 3748 scripturas
644 3684 747 3748 proteri,
768 3693 795 3735 ui
814 3682 1041 3744 ii‚35.40.60‚94
1060 3685 1202 3746 (magisque
1216 3684 1295 3731 etiarn

288 3770 306 3828 l,
326 3769 340 3821 7
356 3775 381 3820 ei
391 3769 448 3833 60);
467 3770 597 3821 interdum
617 3784 647 3821 ex
666 3769 934 3833 utroqueilOii.113).
961 3769 1028 3818 Tum
1047 3772 1137 3832 paucis
1156 3767 1220 3818 loeis
1239 3779 1294 3817 me·
1367 3771 1373 3780 ·

288 3856 378 3906 liorem
398 3857 552 3919 scripturam
571 3854 691 3906 iiliensil
707 3856 821 3914 ascribit,
842 3860 870 3905 ut
887 3853 922 3907 64
936 3854 1072 3916 eligentem,
1090 3851 1295 3916 ilprnfiteadas,

288 3940 337 3993 102
354 3940 407 3989 vult
429 3943 487 3990 sine
509 3954 569 3996 esse,
595 3940 724 3991 interdum
745 3941 856 4000 illicnsl,
881 3952 990 3989 numero
1015 3952 1066 3989 non
1091 3938 1190 3996 addito,
1216 3942 1244 3986 ut
1262 3933 1295 3988 59

287 4028 383 4089 fictura,
403 4025 434 4076 67
455 4028 586 4080 {omissam
606 4025 853 4089 interpolationem),
872 4025 906 4078 84
924 4030 946 4074 et
965 4030 1048 4073 tamen
1066 4023 1143 4072 inuiis
1160 4025 1218 4072 sine
1236 4033 1294 4070 non.

288 4112 351 4160 Puto
371 4110 537 4172 interpolatas
556 4112 696 4173 scripturas
716 4111 811 4160 multas
831 4123 917 4160 errore
936 4109 1162 4165 accendentium
1187 4117 1295 4170 prorsus

288 4209 347 4246 enni
368 4209 381 4245 e
401 4196 528 4244 bonorum
544 4208 638 4258 genere
654 4195 735 4244 inisse
750 4209 800 4245 non
816 4209 924 4259 possum
939 4196 1051 4250 credere.
1071 4195 1190 4256 quamvls
1206 4191 1294 4253 nagis-

287 4287 390 4343 genicm
410 4281 542 4329 Danielum
562 4281 687 4339 iudiccm;
708 4281 821 4331 simliem
841 4281 917 4330 credo
936 4280 1017 4329 luisse
1037 4279 1189 4329 victoriano.

247 4369 268 4420 'i
290 4363 370 4430 {ilnnc
386 4371 484 4428 partem
500 4369 634 4415 immutavi
654 4366 685 4416 ad
705 4379 761 4415 enm
782 4365 900 4421 formam,
920 4378 984 4426 quae
1004 4369 1061 4428 post
1079 4363 1203 4413 collatum
1218 4361 1296 4423 plena

287 4453 350 4499 liet
369 4451 520 4499 adiunctum
543 4450 791 4502 Bcommodissirsn
812 4457 866 4501 erat
884 4451 914 4500 ud
935 4463 988 4499 rem
1009 4443 1228 4510 intellegendam]
