3030 5086
252 466 317 530 420
646 482 691 528 nn
712 481 844 529 annisus
866 481 938 527 sos.

252 652 391 734 appollo,
418 650 561 732 quoniam
590 656 708 715 rectum
736 647 851 713 iactum
879 642 1095 731 κατόρθωμα),
1124 656 1210 715 recta
1236 649 1334 730 igitur

253 753 389 832 effectio,
411 753 485 817 item
507 751 735 830 convenientia,
759 750 892 831 denique
913 751 1017 831 ipsum
1038 749 1169 831 bonum‚
1191 751 1276 833 quod
1300 751 1334 817 in

254 855 444 937 sepositum
462 859 519 932 est
541 860 576 918 ut
592 859 724 918 naturae
740 851 923 931 consentiat
946 853 1105 918 crescendi
1122 853 1334 919 accessionem

253 957 367 1021 nnllam
389 955 491 1020 babet
535 954 587 1018 46.
611 955 653 1020 Ut
674 955 757 1019 enim
779 954 999 1036 opportunitas
1021 954 1089 1034 illa,
1111 955 1158 1019 sic
1178 955 1270 1034 baec,
1293 956 1334 1021 de

215 1057 367 1139 bquibus
396 1056 473 1134 dixi,
507 1074 569 1120 non
603 1054 682 1120 fiunt
714 1056 865 1139 temporis
892 1056 1098 1136 productione
1126 1056 1259 1136 maiora,
1293 1056 1333 1123 ob

254 1177 385 1240 eamque
414 1176 540 1224 causam
569 1158 680 1223 Stoicis
710 1175 770 1221 non
801 1157 926 1221 videtur
953 1156 1121 1238 optabilior
1147 1177 1204 1224 nec
1231 1157 1333 1240 magis

328 1335 347 1378 l.
366 1328 430 1392 quod
446 1329 503 1392 (pro
521 1325 675 1391 quoasbmlld
712 1327 868 1393 [catonlomo
883 1325 913 1393 Α]
951 1326 986 1375 ita
1005 1327 1166 1377 conveniente
1183 1336 1249 1378 recta
1263 1328 1336 1393 ipr'tw

254 1399 295 1462 ff
314 1397 336 1449 C
371 1403 393 1445 4,
413 1396 472 1445 euim
490 1413 538 1448 om.
559 1396 580 1447 (l
614 1395 645 1444 rit
661 1395 699 1445 tic
717 1396 739 1444 E
776 1399 798 1447 d.
818 1412 870 1444 eam
888 1397 949 1459 (om.
969 1401 1023 1460 quo)
1043 1396 1063 1447 C
1082 1413 1179 1460 mosque
1197 1396 1285 1446 remla

255 1537 324 1593 bum
347 1535 491 1604 retinens3
515 1534 619 1595 Cicero
641 1535 678 1592 ad
701 1535 765 1593 Au.
788 1536 875 1601 XVI,
890 1535 947 1606 8‚1
974 1535 1076 1592 dubito
1099 1553 1136 1592 an
1159 1552 1218 1591 non
1241 1533 1335 1611 scrip·

255 1621 327 1678 serit
349 1624 457 1695 quiqui3
486 1638 580 1695 neque
604 1621 680 1676 enim
709 1629 779 1696 apta
803 1628 847 1677 eet
869 1619 1060 1696 significatio,
1089 1618 1246 1678 Octavium
1270 1620 1335 1678 sine

255 1706 423 1763 discrimine
446 1723 561 1776 ornnes,
590 1705 765 1779 quicumque
788 1705 922 1764 Calatiae
944 1703 1069 1775 fuerint,
1099 1705 1273 1780 perduxisse
1296 1705 1334 1763 od

255 1809 338 1848 suam
367 1790 557 1860 sententiam,
591 1799 621 1847 et
648 1790 711 1847 cod.
735 1791 829 1861 Med,
861 1791 891 1847 in
922 1808 980 1864 quo
1003 1790 1045 1846 ita
1067 1790 1218 1860 scribitur,
1253 1809 1335 1848 men·
1410 1816 1414 1825 ·

256 1877 326 1933 dese
360 1875 470 1933 omittit
507 1885 570 1932 suut
608 1894 728 1951 prorsus
762 1884 865 1933 contra
898 1874 1049 1935 Ciceronis
1082 1875 1334 1933 consuetudinem.

256 1962 328 2032 (Pro
352 1959 427 2019 Sest.
452 1961 490 2017 97
522 1961 657 2017 mendum
691 1961 747 2018 hoc
775 1970 839 2017 erat
868 1961 1027 2018 editionum
1061 1979 1120 2017 non
1150 1961 1335 2035 multarum.)

256 2045 348 2125 [Phil.
371 2046 418 2116 ΙΙ,
445 2047 504 2102 100
531 2064 617 2102 nemo
641 2046 791 2120 probavit:
826 2065 876 2102 aon
904 2066 949 2115 eo,
978 2048 1118 2120 quaequae
1145 2056 1230 2121 post:
1264 2064 1336 2120 quos

256 2133 377 2206 quiderm
406 2148 460 2187 neo
487 2130 566 2206 apud
589 2131 705 2188 Livium
729 2131 954 2203 xxv11‚‚28,
980 2131 997 2186 2
1027 2130 1172 2188 Puteanei
1195 2130 1333 2188 mendum

256 2235 391 2291 quosquos
410 2219 548 2291 prosimos
561 2214 754 2285 defensorem,
778 2215 977 2290 quodecim,
998 2213 1125 2292 habuit]
1159 2215 1256 2290 Quam
1275 2234 1334 2273 non

256 2301 381 2359 usitatus
403 2298 493 2357 fuerit
510 2300 632 2376 pluralis
649 2319 797 2370 numerus,
821 2301 949 2357 ostendit
966 2300 1039 2357 illud
1057 2307 1176 2375 poetaez
1202 2299 1334 2375 Quisquis

256 2388 361 2461 ubique,
384 2388 444 2454 mod,
467 2387 565 2443 dociles
587 2387 717 2442 aduertite
738 2396 836 2442 naeuus
859 2396 888 2441 et
910 2384 1026 2442 similia.
1060 2384 1215 2442 Feminino
1233 2395 1333 2442 autern

256 2489 364 2547 genere
386 2488 472 2527 nemo
501 2471 620 2527 omnino
649 2472 718 2527 usus
746 2480 790 2527 est
818 2470 1015 2544 antiquiorum
1043 2469 1104 2527 ullo
1132 2488 1255 2527 numero
1283 2478 1335 2527 aut

257 2574 342 2624 casu;
370 2555 469 2629 itaque
492 2554 698 2623 vetustissimi,
721 2573 786 2611 cum
811 2574 845 2610 eo
868 2563 1015 2624 coronent,
1044 2555 1107 2612 ausi
1131 2564 1200 2612 sunt
1222 2555 1335 2612 dicerer

257 2643 359 2709 sroulr'er,
382 2643 506 2714 quisquis
523 2660 560 2710 es,
584 2648 613 2696 et
630 2639 747 2696 similia.
781 2640 912 2703 Tacitus,
935 2640 984 2713 qui
1002 2639 1113 2715 primus
1131 2644 1232 2697 nemine
1249 2639 1335 2711 dixit,

258 2726 346 2782 otiam
370 2725 491 2800 primus,
514 2743 579 2781 cum
603 2744 709 2798 quoquo
731 2733 817 2794 esset,
840 2724 926 2781 finxit
948 2745 1060 2799 quaqua
1078 2726 1112 2781 de
1131 2744 1168 2781 re.
1202 2725 1280 2782 Nam
1298 2743 1336 2782 ex

257 2809 398 2867 adverbio
421 2829 532 2884 quaqua
554 2808 647 2865 nihilo
670 2809 736 2884 plus
756 2807 894 2877 eflicitur,
917 2828 1003 2883 quam
1023 2828 1060 2866 ex
1076 2829 1224 2884 quaquam,
1248 2811 1336 2867 barud·

257 2914 406 2970 quaquam,
424 2913 595 2969 nequaquam
612 2893 721 2950 dictum
739 2894 827 2950 etiam
846 2913 924 2951 esse:
935 2896 1041 2967 semina
1057 2915 1206 2969 quoquam.
1234 2894 1336 2952 Aliam

257 2981 335 3037 enim
358 2979 411 3036 illa
432 2979 573 3037 adverbia
595 2979 740 3035 rationem
759 2979 878 3036 habent.
928 2979 1056 3053 Quosque
1077 2999 1130 3055 pro
1153 2998 1337 3054 qaaecumque

257 3065 428 3124 Ciceronem
463 3083 522 3121 non
554 3063 688 3139 posuisse
718 3064 826 3129 videri,
857 3064 971 3121 dicetur
999 3065 1035 3120 ad
1059 3069 1073 3134 ξ
1098 3066 1147 3122 51.
1193 3064 1338 3122 Restabat

257 3140 353 3226 ipsum
376 3169 571 3223 quoecumque,
600 3148 657 3205 nisi
687 3148 822 3206 meliores
850 3149 934 3207 codd.
965 3149 1047 3222 sequi
1076 3169 1111 3207 eo
1135 3150 1228 3226 magis
1251 3168 1336 3226 prae·

257 3243 363 3304 staret,
387 3234 465 3308 quod
487 3234 535 3291 hio
558 3233 731 3308 simpliciter
753 3253 846 3309 genus
869 3234 1019 3303 delinitum
1049 3235 1146 3291 omnia
1169 3244 1337 3312 opportuna

257 3319 401 3377 eiusmodi
424 3337 497 3388 esse,
520 3319 596 3375 adici
620 3337 694 3394 opus
711 3337 769 3375 non
787 3327 860 3376 erat.
896 3319 968 3375 Mox
991 3329 1090 3375 rectum
1106 3321 1215 3393 sactum
1236 3320 1337 3394 potius

258 3424 361 3480 quarn,
395 3413 428 3461 ut
455 3404 525 3461 alibi
554 3422 669 3479 semper
691 3405 744 3476 (24
768 3413 797 3462 et
821 3405 875 3473 59,
898 3407 980 3477 cet.)³
1014 3415 1083 3461 recte
1098 3406 1208 3477 suctum
1230 3404 1336 3463 Cicero

258 3490 368 3547 dixisse
396 3489 526 3560 videtur,
560 3489 639 3564 quod
666 3489 814 3546 contraria
848 3498 912 3546 erat
945 3499 1017 3546 recta
1045 3492 1152 3564 effectio.
1196 3490 1243 3546 De
1271 3489 1338 3564 ipsa

259 3574 406 3633 sententia
428 3574 488 3633 vid.
512 3574 550 3631 ad
573 3579 587 3644 ς
612 3574 661 3631 48.

344 3669 372 3716 ut
399 3668 512 3716 naturae
531 3657 691 3731 consutitias)
715 3657 916 3717 Grammatice
939 3659 995 3715 boo
1017 3658 1145 3715 refertur
1166 3657 1202 3715 ad
1226 3659 1337 3727 bornum3

257 3763 312 3801 nec
341 3756 439 3802 tamen
467 3745 574 3801 bonurn
608 3744 704 3819 ipsum
739 3743 885 3800 consentit
918 3755 1056 3815 naturae,
1090 3745 1141 3801 sed
1171 3743 1338 3800 consentire

257 3840 380 3887 naturae
413 3830 521 3886 bonum
556 3838 608 3887 est.
666 3829 770 3903 Itaque
800 3827 904 3886 Cicero
933 3828 1087 3885 brevitatis
1120 3847 1210 3885 causa
1241 3827 1338 3884 minus

257 3915 376 3991 proprie
388 3914 472 3972 dixit.
507 3914 579 3971 Mox
602 3916 738 3971 crescendi
757 3917 874 3970 accessio
891 3933 925 3970 ee
944 3915 1060 3984 dicitur5
1084 3932 1160 3988 quae
1177 3911 1338 3971 crescendo

258 4000 299 4066 fit,
323 4011 393 4056 noto
415 3998 545 4074 genetivi
562 4018 627 4069 usu,
652 3998 837 4072 maximeque
855 4000 999 4074 gerundii,
1023 4000 1059 4056 de
1076 4017 1135 4073 quo
1157 3999 1186 4056 in
1211 3997 1339 4073 epistula

258 4086 295 4142 ad
319 4084 410 4144 Orell.
425 4104 453 4159 p.
467 4085 505 4140 79
529 4084 668 4159 exposui3
692 4084 751 4141 elia
773 4083 892 4159 collegit
915 4085 1148 4142 Henricbsenius
1165 4085 1202 4141 ed
1220 4083 1282 4142 Cio.
1301 4084 1338 4141 de

259 4169 342 4229 Orat.
368 4171 408 4240 ΙΙ,
436 4171 510 4239 118;
533 4169 623 4226 simili
646 4169 733 4226 modo
756 4173 843 4226 coratio
865 4171 1041 4243 defendendi,
1064 4170 1094 4226 id
1118 4180 1176 4239 est,
1201 4187 1276 4243 quae
1299 4169 1337 4225 ad

258 4254 458 4313 defensionem
485 4255 629 4330 pertinet,
664 4254 772 4312 dicitur
794 4274 847 4330 pro
870 4255 977 4312 Flacco
1001 4256 1056 4325 31,
1088 4254 1256 4332 [debellandi
1270 4256 1339 4328 finis

259 4340 324 4400 Liv.
349 4341 455 4409 XXX,
480 4340 530 4411 28,
555 4337 598 4417 8].

345 4426 395 4482 46.
424 4424 522 4483 Stoicis
551 4444 602 4482 noa
623 4426 730 4482 uidetur
751 4420 907 4501 optabilior)
930 4424 1108 4481 Plutarchus
1131 4425 1197 4481 adv.
1220 4422 1339 4482 Stoicos
