3030 5086
280 468 345 534 320
670 486 716 532 on
738 485 869 532 uramus
892 485 964 531 nou.

280 672 343 735 quo
369 654 421 719 ille
448 672 502 718 rex
529 652 637 735 Syriae
664 653 826 734 glorietur,
856 671 891 717 se
920 670 1028 718 omnes
1055 670 1161 718 seeum
1188 653 1356 720 abstulisse

279 757 440 822 libidinum
461 756 647 836 voluptates.
693 755 784 834 Quod
806 754 888 819 enim
909 772 949 819 ne
970 755 1058 820 vivus
1081 756 1219 836 quidem,
1247 755 1355 838 inquit

281 857 398 923 diutius
421 857 537 922 sentire
558 862 697 938 poterat,
726 873 821 938 quam
848 856 923 920 dum
944 854 1119 937 fruebatur,
1146 859 1300 938 quomodo
1323 858 1356 924 id

279 966 403 1025 mortuo
431 964 487 1039 pot
511 959 534 1023 't
560 959 764 1040 permanere?
808 957 892 1022 sunit
918 958 1014 1038 igitur
1041 958 1187 1040 voluptas
1214 960 1355 1043 eorporis

241 1061 262 1129 5
280 1067 312 1126 et
332 1060 433 1142 prima
455 1078 597 1142 quaeque
619 1060 733 1139 avolat,
756 1058 945 1142 saepiusque
967 1059 1114 1142 relinquit
1135 1079 1262 1126 causam
1280 1081 1355 1145 pae-

172 1181 175 1185 ’
279 1162 398 1229 nitendi
431 1181 524 1244 quam
557 1161 749 1228 recordandi.
799 1162 910 1242 ltaque
941 1162 1061 1228 beatior
1088 1160 1254 1230 Africanm
1286 1182 1355 1231 eum

280 1265 384 1348 patria
405 1265 458 1330 illo
480 1265 573 1330 modo
596 1265 741 1346 loquens:

322 1367 479 1441 Desine,
504 1367 635 1445 Roma,
658 1373 745 1431 tuos
766 1365 900 1432 hostes
923 1401 962 1414 -

354 1560 372 1606 l.
402 1552 519 1619 Assyriae
541 1553 562 1604 C
614 1570 640 1601 se
666 1568 716 1602 om.
739 1551 805 1621 [Du
866 1551 992 1602 αὸιτιιλίτιι
1018 1560 1112 1618 tranep.
1141 1560 1199 1619 post
1224 1552 1355 1618 volupiam

283 1620 493 1690 [marsicum.
539 1626 562 1670 i.
588 1619 701 1688 [„Varba
723 1621 797 1685 inquit
819 1621 909 1671 diutius
931 1629 987 1672 seat.
1012 1629 1060 1685 pot.
1083 1622 1110 1670 in
1128 1627 1148 1674 Α
1166 1622 1210 1671 vix
1228 1621 1277 1685 legi
1295 1638 1354 1687 pos·

280 1689 375 1758 annal]
414 1688 564 1755 apomeli
588 1697 683 1754 poterat
701 1688 756 1738 dum
774 1690 824 1738 viia
832 1691 965 1752 fruebatur
979 1689 1098 1740 LPMCR
1133 1694 1156 1742 4.
1172 1690 1249 1754 patuit
1265 1699 1354 1740 mortua

283 1757 491 1839 [dthMCROr.
537 1773 678 1822 permanere
700 1767 741 1810 etc.
765 1759 964 1823 (compendium)
988 1757 1098 1822 r'pa'tarE
1122 1758 1213 1818 (littam
1230 1760 1310 1823 prima
1328 1759 1354 1808 in

280 1826 351 1894 spicer
368 1829 443 1877 solito
462 1827 550 1889 maiar)
597 1832 619 1878 5.
637 1842 717 1892 prom
734 1843 841 1890 quaeum
859 1827 887 1876 M
909 1825 992 1877 avolat
1010 1826 1092 1885 (LMO
1109 1825 1215 1889 aduolat)
1233 1835 1258 1876 at
1275 1827 1355 1877 aiebat
1382 1851 1383 1855 ¹

280 1895 379 1947 LMCR
395 1906 421 1946 at
438 1895 518 1946 aiebat
534 1895 631 1961 saepius
648 1893 690 1946 rel.
709 1910 758 1945 om.
777 1894 894 1945 avolatP
912 1901 970 1958 (mg.
984 1895 1066 1960 prima
1083 1912 1190 1960 paaepue
1206 1896 1287 1945 aiebat
1299 1913 1354 1946 eae·

277 1963 403 2030 piasquae)
439 1980 528 2015 causas
546 1964 567 2013 P
585 1969 630 2029 (pr.
650 1979 682 2013 m.
701 1970 786 2023 caasa)
804 1964 849 2015 CB
886 1962 1019 2030 [penitendi
1034 1963 1064 2032 Α]

279 2126 319 2194 τὰ
342 2125 373 2193 di
394 2127 491 2194 πολλὰ
512 2125 561 2194 καὶ
584 2123 669 2213 ὄλβια
691 2123 790 2193 πάντα
812 2127 960 2192 λέλειπται
977 2135 1040 2209 (alii
1063 2136 1173 2194 habent
1194 2127 1246 2194 air
1267 2127 1354 2213 ἔρωτι

280 2230 310 2280 et
331 2213 488 2297 λέλυνται),
510 2241 584 2296 quos
607 2221 711 2280 Cicero
734 2221 764 2279 in
787 2220 965 2280 Tusculanis
987 2220 1109 2280 Latinos
1130 2221 1208 2279 feeit.

365 2326 414 2363 rea
437 2306 546 2382 Syriae)
570 2308 700 2381 Assyriae
722 2325 760 2363 ex
777 2305 802 2367 O
818 2314 940 2363 venerat
963 2307 992 2365 in
1012 2305 1212 2364 Manutiauam
1234 2315 1265 2365 et
1285 2324 1353 2381 pro·

280 2401 420 2469 pegasum
443 2402 503 2461 ast,
532 2394 625 2450 donee
648 2391 789 2450 Davisius
816 2410 854 2449 ex
876 2391 971 2450 tribus
993 2392 1077 2450 codd.
1099 2392 1195 2467 Syriae
1215 2391 1352 2462 restituit,

280 2477 360 2551 quod
388 2477 467 2537 Oxx.
495 2478 580 2553 Εχψ,
615 2475 723 2536 Gaiani
755 2495 856 2535 omnes
888 2477 1046 2535 habebant.
1095 2477 1134 2535 Et
1160 2476 1290 2538 Graecos
1323 2484 1353 2532 et

281 2563 402 2620 Latinos
425 2563 596 2639 saepissime
613 2562 718 2639 Syriae
740 2562 858 2621 nomina
881 2562 917 2620 da
934 2562 1061 2640 Assyria
1081 2580 1150 2620 usos
1171 2580 1234 2620 assa
1255 2570 1352 2620 osten·

279 2647 385 2704 derunt
419 2648 560 2705 Davisius
593 2657 623 2704 et
656 2648 801 2705 Buherius
834 2648 871 2705 ad
906 2648 995 2706 Tusa.
1023 2648 1042 2705 l.
1070 2653 1111 2718 oi,
1145 2646 1290 2707 Graevius
1323 2655 1353 2702 et

281 2732 510 2809 Oudendorpins
532 2733 568 2790 ad
592 2732 673 2792 Svet.
695 2733 751 2790 Iul.
776 2733 826 2792 22.

365 2837 447 2892 quam
471 2820 535 2876 dam
556 2817 716 2894 fruebatur)
740 2816 790 2878 Sic
814 2818 965 2877 Manutius
987 2827 1017 2877 at
1039 2817 1199 2876 Lambinus
1220 2824 1250 2874 at
1271 2815 1352 2873 deiu-

279 2919 348 2979 oeps
370 2921 472 2960 omnes
495 2903 593 2974 tacite,
617 2903 675 2961 niai
697 2903 776 2978 quod
799 2903 934 2979 0¹¹·x'i’
956 2922 1013 2961 om.
1037 2923 1128 2979 quam,
1151 2897 1223 2972 Εῦξ
1243 2901 1354 2958 addunt

278 2989 342 3045 uita
376 2988 488 3047 Verum
506 3007 572 3046 eum
585 2986 671 3066 [AB]
689 2988 751 3046 Eri.
774 2989 928 3046 confirmat
949 2989 1013 3047 aod.
1038 2989 1113 3046 Mor.
1157 2989 1193 3045 In
1213 2987 1354 3044 abstulisse

279 3081 309 3131 ot
330 3083 433 3130 mortuo
449 3077 538 3150 potuit
560 3092 662 3131 omnes
685 3073 773 3131 tacita
795 3082 828 3132 ut
850 3073 908 3131 mei
930 3073 1099 3133 deteriores.
1124 3071 1164 3151 [B
1186 3080 1219 3130 ut
1236 3067 1309 3150 Eri]

359 3162 457 3243 prima·
475 3178 597 3233 pilaeque
612 3157 715 3237 avolat)
733 3158 812 3232 Quid
828 3158 884 3216 hoc
901 3158 949 3230 sit,
972 3159 1151 3234 explicatum
1168 3165 1220 3215 est.
1253 3155 1352 3215 Gene-

279 3242 334 3299 rali
358 3244 565 3320 significationi
588 3244 750 3320 voluptatis
772 3243 890 3301 fluentis
917 3251 947 3301 et
974 3243 1120 3302 instabilis
1145 3241 1227 3300 addit
1247 3239 1351 3300 Cicero

279 3327 436 3404 imaginem
458 3329 672 3405 specialiorem.
706 3331 801 3386 Prona
822 3347 877 3405 pro
894 3333 987 3403 prima
1008 3329 1096 3387 etiam
1109 3328 1155 3387 El.
1172 3336 1293 3399 uterque
1305 3323 1352 3398 (?),

278 3412 347 3473 Par.
362 3415 390 3484 2,
413 3412 490 3474 CCC
501 3412 551 3488 (ξ),
574 3414 682 3485 Mead.‚
706 3414 783 3473 Ball.
799 3416 859 3489 (ψ),
883 3413 939 3473 Ox.
947 3432 974 3490 χ,
998 3422 1058 3472 tras
1080 3412 1149 3473 Gaii
1169 3410 1351 3485 (doteriores,

278 3505 312 3555 ut
333 3501 478 3574 apparet),
502 3500 691 3574 edideratque
714 3499 783 3557 olim
807 3499 900 3570 visa,
924 3517 1018 3574 nuper
1039 3497 1132 3559 Gaius
1154 3496 1215 3571 (qui
1240 3495 1353 3563 „editos

279 3591 394 3641 vetares
422 3584 578 3659 plerosque
606 3591 725 3642 omnes“
754 3584 798 3642 sio
826 3583 934 3642 habore
962 3583 1038 3641 falso
1066 3586 1192 3656 narrat);
1219 3597 1353 3656 quamque

278 3667 395 3726 videtur
416 3677 521 3744 putare
544 3688 608 3728 esse
630 3689 744 3741 omaem;
774 3668 844 3744 quid
872 3669 984 3744 putarit
1011 3687 1075 3727 essa
1098 3668 1351 3745 praemunitam,

277 3753 385 3810 nascio.
431 3754 530 3811 Aliter
552 3756 701 3812 aberravit
723 3756 799 3812 Dav.
839 3754 954 3811 Deinde
976 3754 1205 3811 additamentum
1229 3751 1300 3809 illud
1323 3761 1352 3808 at

277 3839 365 3895 aiebat
387 3841 505 3911 (ortum,
529 3851 561 3896 ut
585 3841 610 3897 P
632 3840 773 3909 ostendit,
797 3859 834 3896 ex
855 3839 921 3916 ipso
943 3843 1044 3913 avolat)
1067 3839 1176 3896 habent
1197 3837 1261 3894 edd.
1284 3846 1351 3893 ante

279 3924 396 3992 Lamb.,
420 3925 504 3981 codd.
527 3925 602 3982 Pall.
625 3933 743 4000 praeter
769 3929 782 3981 1
807 3934 837 3982 et
860 3926 893 3996 3,
918 3926 1031 3994 Mead.,
1055 3924 1134 3984 Oxx.
1156 3941 1270 3990 omnes,
1293 3921 1351 3979 duo

279 4007 396 4067 Gaiani.
443 4008 562 4068 Omittit
590 4011 784 4068 comestoris
808 4011 891 4068 bonis
915 4011 989 4068 Mor.
1013 4009 1078 4089 [B].
1122 4006 1352 4082 (AdvadatOxx.

279 4097 404 4169 omines.)

286 4188 288 4193 '
363 4198 474 4237 eausam
491 4181 659 4255 ρατηίιιιιάι)
683 4179 733 4238 sis
755 4181 843 4237 etiam
866 4180 932 4240 Pal.
960 4184 973 4237 l
999 4190 1031 4238 et
1051 4178 1090 4257 [B
1113 4176 1156 4256 et]
1180 4174 1351 4246 audilam,

279 4261 347 4321 Gaii
370 4283 480 4334 omnes,
504 4265 561 4322 nisi
583 4266 661 4339 quod
684 4263 795 4324 (iude
819 4275 873 4323 tam
892 4267 921 4339 (e
943 4264 1117 4341 compendio
1135 4261 1218 4336 caru).
1253 4259 1352 4321 Catari

278 4356 308 4407 at
330 4349 395 4408 edd.
419 4360 487 4407 ants
510 4350 664 4407 Davisium
687 4369 794 4408 causus.

364 4435 473 4505 Desine,
496 4435 593 4507 Rana,
617 4446 675 4493 taos
698 4435 799 4511 ltostes)
822 4436 905 4494 Haeo
922 4453 1024 4494 versus
1047 4451 1116 4511 pars
1136 4432 1245 4491 citatur
1262 4429 1351 4488 otiam
