3030 5086
289 472 354 539 380
681 489 727 534 nn
748 488 880 536 munus
902 489 974 536 acu.

289 658 343 738 illi,
366 657 469 724 facere
491 657 604 735 omnia,
627 675 708 738 quae
724 656 834 736 possit,
856 662 892 720 ut
913 657 1078 740 collineet]
1122 658 1212 737 Huic,
1234 657 1267 722 in
1283 657 1382 744 teitus-¹

291 761 374 824 modi
392 759 600 836 similitudine,
616 759 719 822 omnia
736 759 799 823 sint
815 757 963 837 facienda,
985 770 1021 823 ut
1037 759 1188 837 collineet
1206 766 1372 838 ettamen,

291 869 327 926 ut
348 862 450 926 omnia
472 860 580 938 faciat,
602 879 665 941 quo
686 860 883 940 propositum
904 868 1105 942 assequatur,
1134 861 1256 925 sithoc
1277 858 1371 942 qnasi

364 1103 384 1148 l.
405 1097 519 1155 Huic-
539 1096 713 1148 collineaom.
733 1098 777 1147 CR
813 1101 838 1146 in
856 1097 905 1146 dua
922 1096 1074 1147 adnilitndiae
1093 1099 1142 1147 PM
1188 1103 1210 1149 2.
1230 1105 1252 1147 et
1269 1105 1317 1146 tum
1334 1095 1375 1146 uti

291 1167 339 1229 (ati
354 1175 376 1216 et
394 1168 426 1227 R)
444 1175 523 1215 tamen
542 1166 586 1215 PR
621 1171 643 1217 3.
662 1165 765 1215 saddoc
784 1173 839 1230 (pro
857 1166 889 1214 ait
905 1165 958 1226 doc)
977 1182 1064 1215 omnes

290 1375 404 1432 decimae
425 1373 553 1442 auditur,
576 1373 655 1446 quod
678 1373 873 1430 necessarium
892 1385 945 1442 eat,
968 1375 1088 1429 ultimum
1110 1370 1178 1429 eat?
1212 1373 1371 1429 Postremo

290 1459 437 1534 quomodo
459 1459 508 1515 hic
531 1458 710 1533 praecipitur
733 1459 775 1516 id.
805 1459 883 1532 quod
911 1468 1015 1533 postea
1042 1458 1158 1514 demum
1181 1456 1306 1514 iniertnr
1328 1461 1372 1528 (at

290 1547 378 1602 omnia
394 1547 493 1618 saciat,
517 1564 570 1618 quo
589 1547 757 1618 propositum
778 1541 972 1617 assequatur)?
1006 1543 1200 1618 Perspicuum
1224 1551 1284 1611 est,
1307 1542 1368 1616 pri·

291 1648 371 1686 mum
394 1630 488 1704 ipsam
511 1629 761 1704 comparationem
784 1629 921 1685 universe
943 1628 1113 1703 significari,
1136 1627 1272 1685 similiter
1290 1645 1370 1684 sunr-

291 1732 370 1770 mum
394 1715 503 1770 bonum
522 1714 589 1781 dici,
613 1732 647 1770 ac
670 1715 694 1771 si
712 1714 759 1770 cui
777 1714 960 1788 propositum
979 1713 1017 1769 sit
1035 1713 1171 1788 sagittam
1190 1712 1290 1786 aliquo
1307 1712 1369 1769 col·

291 1798 411 1858 lineare.
436 1809 513 1867 tum,
538 1799 607 1872 quid
632 1799 660 1854 in
684 1799 850 1856 huiusmodi
874 1798 1066 1855 similitudine
1088 1797 1255 1854 faciendum
1278 1797 1317 1853 sit
1340 1805 1371 1854 et

291 1884 362 1958 quid
386 1883 519 1940 ultimum
543 1884 689 1951 futurum,
718 1884 860 1958 explicari
884 1885 968 1955 (Huic
995 1887 1022 1939 in
1049 1885 1179 1939 eiusmodi
1205 1891 1278 1951 cet,
1307 1882 1368 1940 vid.

291 1978 390 2026 annot.
414 1971 522 2044 pron).
567 1969 645 2042 Quid
668 1968 737 2025 hnic
758 1969 943 2025 similitudini
967 1970 996 2025 in
1021 1969 1163 2025 bonorum
1187 1967 1301 2024 ratione
1323 1985 1370 2023 re·

291 2054 445 2130 spondeat,
470 2054 651 2130 significetur
673 2054 746 2129 ipsis
769 2054 936 2111 nominibus
958 2054 996 2111 ad
1019 2054 1203 2129 sagittarium
1226 2052 1371 2109 traductis

291 2149 322 2196 et
348 2140 431 2196 brevi
454 2139 654 2197 admonitione
677 2141 769 2213 (quale
790 2159 838 2195 noa
865 2158 996 2195 summam
1023 2143 1050 2194 in
1077 2142 1132 2195 vita
1155 2140 1232 2211 cet).
1279 2138 1370 2194 Recte

290 2225 382 2299 igitur
403 2222 497 2283 Gaius
520 2234 637 2281 secutus
660 2236 705 2280 est
728 2226 795 2281 Bas.
821 2234 850 2280 et
869 2223 949 2283 Gud.
971 2227 997 2291 1,
1020 2225 1050 2280 in
1074 2224 1181 2297 quibus
1202 2222 1283 2280 felici
1305 2240 1369 2279 cor·

289 2309 421 2367 rectione
444 2309 531 2382 (nihil
553 2310 629 2365 enim
654 2309 734 2366 alind
756 2315 813 2381 est)
835 2309 976 2384 scriptum
1000 2318 1063 2365 erat
1090 2312 1128 2365 sic
1155 2328 1203 2365 noa
1225 2326 1279 2383 pro
1301 2311 1371 2365 aad
1421 2361 1425 2367 .

291 2414 348 2452 nos.
393 2394 451 2452 Sed
475 2394 580 2450 deinde
603 2393 805 2451 infelicissime
828 2395 916 2451 scribi
941 2394 1047 2451 voluit:
1075 2397 1110 2450 ait
1131 2396 1172 2450 illi
1185 2396 1282 2466 fecere
1303 2403 1370 2463 oet,

292 2480 372 2554 quod
390 2480 453 2536 vult
470 2498 548 2535 esse:
571 2482 649 2536 liceat
665 2482 712 2545 illi,
735 2480 880 2536 sententia
904 2498 962 2535 non
981 2479 1076 2536 minus
1095 2479 1169 2535 mira
1185 2481 1274 2551 (quae
1290 2478 1369 2534 enirn

292 2565 341 2622 bic
362 2564 483 2621 licentia
505 2562 633 2639 agitari)
656 2582 742 2638 quam
766 2565 909 2622 oratione.
953 2564 1081 2622 Omnino
1104 2563 1181 2620 inter
1203 2563 1370 2620 universam

292 2649 374 2707 illam
398 2649 627 2724 comparationis
650 2649 891 2724 significationem
916 2659 945 2705 et
967 2650 1043 2705 hanc
1065 2649 1122 2717 rei,
1151 2666 1226 2722 quae
1253 2666 1373 2723 compa·

292 2745 389 2806 ratur,
413 2734 657 2791 declarationem:
680 2735 752 2791 Huic
775 2744 839 2804 cet,
863 2734 936 2790 nihil
960 2734 1107 2808 interponi
1126 2742 1231 2807 potest.
1265 2733 1373 2807 Itaque

293 2820 366 2877 baec
389 2829 456 2876 octo
479 2821 584 2876 verba:
607 2823 645 2876 sic
667 2822 708 2876 illi
730 2852 767 2861 —
792 2829 821 2875 ut
842 2822 968 2888 collineet,
992 2838 1068 2892 quae
1091 2818 1172 2876 nullo
1196 2818 1282 2874 modo
1305 2835 1372 2875 cum

291 2904 415 2980 reliquis
437 2905 575 2980 coniungi
598 2915 736 2980 possunt,
765 2914 852 2979 puto,
881 2923 944 2961 cum
969 2904 1110 2979 scriptum
1134 2904 1273 2960 mendose
1295 2913 1376 2960 esset

292 2993 369 3060 sicut,
393 3008 446 3046 nec
469 2990 513 3060 id,
537 3008 596 3064 quo
618 2989 793 3060 referretur,
817 2990 953 3055 haberet,
982 2991 1019 3045 ab
1042 2989 1139 3045 aliena
1161 3007 1250 3045 mann
1272 2988 1375 3045 addita

293 3094 358 3133 esse
381 3076 418 3132 ad
441 3076 603 3133 orationem
623 3075 722 3149 aliquo
740 3075 827 3131 modo
845 3075 1030 3149 explendam.
1066 3074 1201 3131 Delenda
1218 3091 1282 3130 ease
1299 3073 1375 3131 haec

293 3162 385 3218 verba
412 3161 500 3218 etiam
524 3161 651 3220 Ursinus
679 3170 709 3216 et
737 3160 918 3217 Matthiaeus
947 3160 1130 3234 iudicabant,
1158 3170 1257 3216 cetera
1284 3159 1374 3235 longe

293 3247 388 3315 aliter,
412 3264 447 3302 ac
464 3265 527 3315 nos,
551 3246 778 3304 constituebant.
811 3245 976 3320 (Hertelius
993 3254 1125 3310 annotat,
1149 3245 1178 3300 in
1196 3244 1266 3302 edit.
1280 3243 1375 3312 Marsi

296 3331 393 3389 omitti
415 3334 454 3388 sic
475 3334 516 3389 illi
537 3342 566 3388 et
588 3332 703 3404 relique
726 3349 818 3403 usque
841 3332 877 3387 ad
897 3333 1028 3398 collineet;
1051 3330 1075 3386 si
1093 3330 1131 3385 ad
1148 3329 1229 3404 prius
1246 3332 1374 3400 codineet,

296 3410 408 3481 eadem,
432 3434 491 3491 qua
513 3435 576 3483 nos,
600 3417 769 3473 coniectura
790 3435 861 3472 usus
883 3426 936 3476 est.
959 3434 1017 3472 non
1042 3415 1162 3471 meliore
1184 3415 1308 3488 codice.)

382 3502 455 3559 Huic
482 3505 509 3558 in
536 3503 667 3558 eiusmodi
698 3535 722 3543 -‹
761 3500 893 3575 collineet)
917 3502 1000 3558 Haec
1028 3501 1119 3557 verba
1146 3511 1268 3575 propter
1295 3500 1374 3557 idam

296 3587 471 3644 vocabulum
495 3587 540 3644 bis
562 3587 690 3662 positum
715 3588 855 3661 (collineat)
878 3586 1052 3643 exciderunt
1074 3586 1162 3642 etiam
1186 3586 1215 3642 in
1240 3585 1327 3662 Ornx
1346 3596 1376 3642 at

295 3674 359 3730 cod.
386 3672 480 3739 Scal.;
508 3673 609 3729 addita
636 3672 762 3747 primum
786 3672 923 3729 videntur
949 3672 979 3728 in
1008 3672 1053 3727 ed.
1079 3672 1152 3727 Ven.
1179 3672 1268 3727 1480.
1313 3671 1375 3728 Pro

294 3760 432 3827 eiusmodi,
455 3758 533 3832 quod
557 3757 687 3816 Orellius
710 3758 766 3813 iam
791 3758 820 3814 in
844 3775 879 3813 aa
902 3757 947 3812 ed.
970 3775 1034 3813 esse
1057 3757 1113 3827 ait,
1137 3767 1241 3830 postea
1263 3756 1375 3813 editum

296 3854 341 3900 eet
352 3847 417 3913 eiua,
431 3843 523 3899 donec
535 3843 607 3899 illud
620 3843 771 3899 revocavit
782 3840 876 3901 Gaius
888 3861 904 3898 e
917 3843 981 3898 Pal.
999 3846 1023 3909 1,
1037 3838 1061 3910 ξ,
1074 3840 1153 3916 Spir.
1167 3837 1231 3920 [B],
1244 3840 1325 3901 Gud.
1343 3846 1374 3911 1;

296 3927 406 4003 cod.(?)
431 3928 499 3987 Urs.
520 3929 680 3995 huiusmodi,
704 3928 776 3985 setis
798 3938 876 4002 apte.
923 3929 958 3984 Ut
981 3938 1049 3983 ante
1072 3929 1190 3984 collineet
1211 3927 1322 3983 excidit
1344 3927 1376 3984 in

295 4013 360 4072 Pal.
379 4018 404 4070 1.
428 4010 510 4093 [Non
533 4023 656 4071 annotat
678 4014 734 4070 hnc
751 4007 914 4090 Halmius]
937 4013 1015 4069 Miro
1033 4031 1132 4069 errore
1150 4012 1284 4069 nonnulli
1307 4031 1376 4086 pro-

295 4116 401 4156 nomen
420 4100 489 4166 duic,
511 4099 590 4173 quod
613 4099 797 4174 apertissime
815 4098 853 4154 ad
870 4098 1053 4172 sagittarium
1072 4096 1208 4164 refertur,
1231 4097 1282 4171 qui
1299 4115 1376 4155 unus

295 4184 477 4259 significatus
500 4193 545 4240 est
567 4196 595 4240 et
618 4185 654 4240 de
672 4184 754 4240 cuius
772 4184 801 4239 in
820 4184 875 4239 hac
892 4183 1112 4258 comparatione
1129 4182 1195 4238 loco
1213 4193 1242 4239 et
1259 4183 1376 4240 actione

295 4288 373 4327 nunc
396 4269 571 4344 explicatur,
595 4270 630 4326 de
654 4289 688 4325 eo
712 4269 839 4344 positum
863 4278 1020 4343 putarunt,
1044 4268 1094 4342 qui
1118 4268 1300 4326 honestatem
1325 4288 1377 4344 pe,-

296 4365 380 4424 teret,
405 4355 486 4411 velut
508 4353 611 4425 Gaius,
634 4354 715 4420 Ouo,
739 4363 820 4429 puto,
843 4355 932 4410 etiam
956 4353 1096 4411 Orellius.

381 4451 406 4497 et
433 4451 520 4497 tantan
549 4472 589 4482 —
618 4444 653 4496 ait
680 4441 728 4497 doc
756 4443 837 4514 quasi
863 4438 997 4512 aldanum)
1026 4439 1069 4499 Ut
1101 4438 1164 4495 dixi
1194 4457 1298 4514 snpra,
1332 4438 1379 4496 aic
