3030 5086
255 430 317 494 180
643 446 688 490 nn
710 446 841 491 aruceus
864 446 935 491 riou.

253 614 500 695 reprendendam
522 632 583 676 non
607 620 707 693 putat.
751 614 792 677 Et
813 612 946 689 hercule,
969 613 1141 694 Torquate,
1164 623 1199 678 ut
1219 634 1330 680 verum

252 716 429 797 loquamur,
459 715 486 779 si
509 732 662 777 summum
685 715 798 778 bonum
821 713 965 795 voluptas
988 722 1049 793 est,
1073 716 1243 781 rectissime
1266 737 1329 783 non

253 826 351 899 putat
395 816 497 880 Nolim
520 816 601 880 enim
629 815 703 878 mihi
725 814 842 896 lingere
864 822 985 895 asotoS,
1014 823 1049 879 ut
1071 816 1191 896 soletis,
1220 819 1328 899 quiin

253 937 392 983 mensam
419 928 546 981 vomant
578 928 610 982 et
641 918 694 997 qui
724 918 764 980 de
792 917 940 981 conviviis
968 916 1151 982 auferantur
1177 921 1329 1002 crudique

214 1020 406 1101 hpostridic
428 1037 463 1084 se
485 1038 594 1083 rursus
616 1019 826 1100 ingurgitent,
860 1019 911 1100 qui
935 1019 1046 1097 solem,
1079 1027 1114 1083 ut
1135 1020 1237 1099 aiunt,
1272 1040 1330 1087 noc

254 1122 441 1186 occidentem
464 1140 609 1202 umquam
632 1120 770 1186 viderint
791 1140 848 1186 noc
870 1122 1036 1199 orientem,
1059 1121 1112 1202 qui
1134 1124 1330 1204 consumptis

253 1221 449 1303 patrimoniis
476 1230 594 1303 egeant.
650 1223 749 1287 Nemo
782 1232 923 1287 nostrum
950 1223 1040 1287 istius
1068 1224 1191 1303 generis
1219 1236 1329 1291 asotos

251 1323 385 1388 iucunde
401 1333 492 1404 putat
509 1325 621 1389 vivere.
662 1324 804 1403 Mundos,
828 1325 995 1405 elegantes,
1018 1325 1144 1405 optimis
1166 1326 1257 1405 cocis,
1279 1326 1329 1406 pi-

325 1550 344 1592 l.
366 1549 388 1610 [o
412 1544 533 1607 Torquate
552 1546 603 1602 lli,
623 1563 635 1593 o
654 1561 731 1610 supra
749 1544 852 1611 scripto]
892 1550 915 1592 2.
934 1544 1044 1608 voluptas
1062 1562 1174 1593 surnmum
1192 1546 1330 1595 conuanc

252 1630 298 1661 aon
318 1629 365 1663 om.
386 1613 406 1661 L
451 1618 474 1660 3.
486 1614 579 1677 fingere
597 1613 690 1661 rrrr‘ltr'L
735 1621 758 1661 t.
778 1630 859 1661 mensa
878 1613 898 1661 1.
941 1619 963 1660 ⁵.
986 1614 1089 1678 [posteri
1101 1612 1142 1662 die
1160 1613 1211 1667 ΑΙ.
1232 1623 1330 1678 postero

252 1680 291 1730 die
316 1679 365 1746 A'·¹]
411 1679 462 1747 [aec
484 1680 527 1729 loe
548 1680 669 1729 cadentem
689 1680 739 1747 ΑΙ]
797 1686 818 1730 t.
843 1681 911 1729 istim
936 1708 965 1717 -
989 1682 1112 1730 oneratione
1135 1681 1200 1732 Non.
1225 1698 1249 1746 p.
1269 1686 1328 1733 att.

254 1754 276 1796 8.
296 1748 404 1813 elr'qantr's
423 1750 444 1797 E
485 1748 589 1812 eligentis
608 1750 652 1797 Pu
676 1751 718 1803 t-
742 1758 776 1798 teo
795 1750 833 1812 M)
858 1748 980 1813 delr'qeatie
999 1750 1019 1799 C
1059 1749 1120 1798 catis
1139 1750 1162 1798 E
1200 1751 1331 1814 pietonlme

248 1818 408 1881 precatoribus
424 1817 520 1881 pr'scetu
539 1818 561 1866 R

338 2027 467 2064 ertntmam
497 2008 592 2062 booron.
620 2007 684 2079 ool.)
716 2006 766 2063 Sic
793 2025 894 2063 omnes
923 2004 1031 2064 Gelani
1054 2004 1140 2083 [AB]
1164 2015 1192 2063 et
1215 2006 1331 2081 aliquot

253 2103 324 2149 vett.
353 2093 417 2149 edd.
445 2092 553 2165 (Cret,
578 2092 682 2164 Vict.);
716 2091 792 2147 aliae
820 2100 891 2147 vett.
920 2091 984 2147 edd.
1020 2102 1048 2146 et
1077 2110 1095 2147 a
1123 2092 1257 2149 Manutio
1292 2092 1330 2149 ad

253 2177 402 2235 Bromium
422 2188 455 2233 ut
474 2176 535 2235 Po.
580 2177 652 2233 Mox
675 2177 705 2232 in
728 2176 826 2232 verbis
848 2179 992 2232 rectissime
1014 2196 1064 2232 troo
1083 2187 1163 2251 putot
1185 2177 1331 2253 repetitur

253 2263 418 2319 necessario
441 2281 506 2330 norm
529 2261 587 2317 vid.
611 2260 720 2335 Opusc.
746 2279 811 2316 mea
834 2261 926 2317 Acad.
949 2262 965 2317 I
988 2280 1015 2335 p.
1031 2261 1091 2317 333
1115 2271 1174 2318 not.

339 2357 368 2402 ut
384 2344 486 2424 soletis)
504 2365 580 2404 curn.
598 2345 709 2420 pudore
726 2346 862 2419 quedam,
881 2346 1035 2402 ostendere
1053 2346 1152 2403 vultis.
1171 2346 1329 2417 luxuriam,

252 2450 341 2506 quarn
370 2450 422 2505 per
450 2449 480 2486 se
503 2430 717 2506 reprehendere
740 2441 909 2487 constanter
937 2450 994 2487 non
1018 2431 1155 2505 potestis,
1186 2442 1283 2488 tamen
1311 2450 1331 2488 a
1396 2486 1400 2494 ,

254 2517 338 2574 robis
361 2516 431 2572 reici
455 2516 492 2571 ob
515 2534 559 2578 ea,
583 2533 658 2589 quae
681 2534 744 2570 eam
769 2527 994 2589 cousequantur,
1017 2516 1210 2573 incommoda.
1256 2517 1331 2574 Mox
1389 2559 1396 2571 .

255 2621 310 2677 mg.
334 2601 415 2658 Crat.
435 2611 544 2675 postero
565 2602 608 2657 die
636 2596 682 2679 [ut
705 2595 773 2679 A¹].
826 2596 956 2680 [Alanus
979 2600 1088 2657 conicit
1109 2621 1155 2658 eos
1178 2612 1207 2658 at
1228 2603 1328 2661 solatia.

254 2688 291 2743 Et
316 2686 430 2742 ridetur
452 2685 612 2742 desiderari
636 2703 797 2760 pronomen
821 2690 862 2755 (at
884 2706 929 2742 von
951 2681 1079 2764 soterici]

340 2781 366 2827 ut
388 2771 477 2843 cierat)
501 2770 662 2826 Dicebatur
684 2771 761 2826 enim
785 2770 840 2826 hoe
863 2770 951 2846 vulgo
981 2771 1011 2826 in
1035 2771 1085 2827 iis.
1114 2771 1163 2844 qui
1188 2771 1331 2846 temporie

252 2941 313 2998 sius
336 2941 407 2997 citat
429 2939 577 2997 Athenaei
600 2940 651 2998 lib.
676 2941 720 2997 VI
744 2959 772 3015 p.
788 2940 886 2999 2730
909 2940 957 3013 (de
975 2939 1162 3015 Smindyride
1180 2940 1330 3016 Sybarita,

253 3026 302 3100 qui
326 3025 403 3082 intra
427 3025 530 3101 viginti
554 3043 647 3080 annos
670 3044 700 3080 se
723 3025 814 3081 solem
837 3036 889 3081 eut
911 3024 1054 3081 orientem
1078 3035 1129 3081 aut
1147 3026 1330 3082 occidentem

253 3110 361 3167 vidisse
395 3111 539 3185 negavit),
573 3110 637 3171 xil
665 3129 694 3185 p.
715 3111 776 3166 520
799 3111 828 3166 A
856 3120 886 3166 et
909 3110 970 3167 526
995 3110 1035 3175 B,
1070 3120 1130 3166 tum
1165 3129 1180 3165 e
1214 3109 1331 3168 Latinis

252 3196 395 3254 Catonem
425 3196 567 3252 Maiorem
596 3194 675 3269 apud
704 3194 807 3254 Senec.
838 3194 933 3269 Epist.
961 3195 1034 3263 122,
1061 3200 1078 3251 2
1113 3203 1143 3251 et
1169 3193 1283 3253 Colum.
1314 3195 1331 3252 1

253 3278 346 3355 praef.
371 3282 454 3349 516.

340 3366 473 3434 ⁴iliardae,
501 3366 631 3437 elegantes
653 3362 722 3441 cet.)
747 3363 846 3438 Vulgo
869 3381 934 3419 omn
957 3364 1121 3420 sententiae
1143 3363 1264 3420 interitu
1286 3364 1331 3421 sie

253 3451 326 3506 haec
348 3449 645 3525 interpungebautur,
676 3459 709 3505 ut
736 3449 862 3523 primum
886 3448 957 3504 haec
980 3448 1175 3505 adhaererent
1197 3448 1331 3524 superio·

253 3535 334 3591 ribus
357 3536 464 3609 (vicere,
487 3536 621 3607 citandos),
644 3533 781 3609 opposita
803 3536 848 3605 (ut
870 3533 1053 3607 grammatici
1075 3532 1247 3607 loquuntur)
1268 3532 1331 3590 illis

252 3624 330 3677 istius
349 3622 454 3693 perceris
476 3630 579 3688 asotos,
603 3637 696 3692 usque
718 3618 756 3674 ad
778 3620 936 3687 aedrficmm.
981 3618 1028 3675 Ex
1051 3637 1109 3692 quo
1132 3616 1273 3687 eflicitur,
1297 3628 1332 3675 ot

253 3703 472 3761 confundantur
493 3705 522 3761 in
546 3723 635 3760 unum
659 3703 717 3760 duo
739 3721 848 3777 genera
870 3704 1103 3773 luxuriosorum,
1127 3722 1202 3776 quae
1225 3702 1330 3761 Cicero

253 3791 410 3865 diligenter
433 3789 580 3847 contraria
603 3788 710 3862 posuit.
734 3788 857 3844 alterum
882 3808 993 3857 eorum,
1017 3807 1090 3862 quos
1114 3787 1253 3863 Epicurei
1275 3788 1330 3844 iin-

253 3895 322 3950 gere
345 3875 494 3944 solebant,
523 3874 666 3948 pecudum
695 3873 753 3929 ritu
777 3873 926 3943 viventes,
955 3873 1079 3929 alterum
1110 3892 1226 3942 eorum,
1256 3891 1331 3946 quos
1355 3942 1363 3953 ‚

254 3960 359 4019 Cicero
376 3960 446 4035 tingi
465 3958 591 4026 volebat,
615 3977 680 4014 cum
704 3956 851 4034 elegantia
873 3959 999 4032 quadam
1022 3968 1052 4014 et
1074 3958 1231 4032 prudentia
1253 3957 1332 4015 inter

254 4064 325 4119 opes
347 4044 501 4101 affluentes
518 4043 699 4119 voluptatem
718 4052 872 4111 sectantes,
896 4043 992 4116 qualis
1010 4042 1065 4099 luit
1076 4042 1206 4100 Thorius
1218 4043 1331 4099 Balbus

252 4128 345 4204 (infra
367 4135 381 4199 ξ
402 4130 462 4202 63).
508 4131 608 4201 Atque
636 4127 738 4184 eadem
766 4128 824 4185 duo
846 4146 955 4203 genera
982 4146 1102 4202 prorsus
1130 4127 1220 4184 simili
1243 4126 1330 4184 modo

254 4215 409 4290 distinguit
431 4214 536 4272 Cicero
564 4214 593 4269 in
623 4213 723 4271 Pison.
749 4214 787 4269 66
812 4224 841 4269 et
865 4214 914 4269 67.
960 4213 1075 4269 Deinde
1103 4213 1330 4269 annectebatur:

255 4302 314 4357 Hoc
336 4320 393 4373 eqo
415 4309 506 4355 asotos
528 4300 591 4355 bene
613 4299 720 4371 quidem
743 4302 828 4354 cicere
850 4306 924 4367 cet,
948 4317 1022 4371 quae
1045 4298 1087 4354 sic
1111 4298 1207 4372 posita
1229 4315 1330 4355 necee-

166 4436 172 4448 ,
252 4386 332 4443 sario
355 4385 433 4441 idem
456 4384 621 4460 siguificare
644 4384 760 4454 debent,
784 4382 863 4457 quod
886 4383 921 4439 de
944 4383 1047 4439 iisdem
1071 4382 1239 4439 hominibus
1262 4390 1331 4440 ante
