3030 5086
214 472 286 536 LlV
659 479 858 535 Panaenum.
970 475 977 484 “

307 659 376 739 §b
424 657 461 721 ln
490 653 678 721 enarrandis
711 657 759 721 his
791 656 878 722 libris
908 645 1303 739 primam'maximamque

223 783 361 846 operam,
383 775 417 828 ut
439 783 499 846 par
521 767 598 841 erat,
621 765 736 829 contuli
758 767 799 829 ad
822 783 873 830 res
895 770 927 829 et
943 765 1113 830 sententias
1132 765 1176 829 ita
1192 763 1302 829 decla·

224 874 354 950 randas,
382 880 418 936 ut
438 871 544 953 plene,
566 872 753 953 aequaliter,
775 872 934 951 distincte,
960 871 1056 937 libere
1078 878 1303 954 exponeretur,

223 981 298 1062 quid
321 979 429 1045 Cicero
451 999 473 1043 a
493 979 623 1045 Graecis
645 987 805 1061 acceptum
828 980 982 1061 quomodo
1004 980 1207 1059 reddidisset,
1230 997 1302 1044 om·

225 1089 335 1170 nisque
352 1087 572 1168 disputationis
589 1087 668 1152 ordo
685 1097 717 1151 et
732 1105 919 1168 progressus
936 1094 1067 1168 pateret
1100 1087 1201 1154 Multa
1214 1086 1302 1153 enim

222 1195 255 1261 in
277 1196 335 1260 hac
356 1200 448 1277 parte
470 1195 663 1275 reliquerant
683 1193 804 1261 Moralii
825 1195 982 1260 laudabile
1004 1196 1157 1274 studium,
1178 1215 1199 1260 a
1221 1196 1302 1261 doc·

223 1304 323 1368 trinae
344 1303 441 1384 copiis
464 1311 495 1367 et
516 1302 620 1367 iudicii
642 1302 814 1368 subtilitate
833 1321 893 1389 non
912 1321 1035 1384 semper
1051 1304 1129 1369 satis
1145 1303 1301 1381 adiuurm,

223 1419 255 1477 et
270 1410 390 1476 Davisii
408 1429 515 1490 opera,
537 1429 617 1491 quae
639 1408 705 1475 fere
726 1417 910 1492 consumpta
931 1411 1031 1475 estin
1054 1411 1131 1475 locis
1146 1409 1301 1492 Diogenis

223 1528 255 1584 et
277 1518 361 1584 Sexti
384 1517 532 1599 Empirici
554 1529 741 1600 patrumque
759 1518 1007 1583 Christianorum
1029 1517 1077 1601 ibi⁴
1093 1517 1301 1597 ascribendis,

223 1627 274 1691 ubi
297 1645 392 1690 unum
414 1627 539 1708 aliquod
562 1645 623 1690 non
646 1625 785 1707 ignotum
807 1627 965 1690 decretum
982 1626 1101 1707 apertis
1118 1626 1221 1692 verbis
1237 1643 1300 1708 po·

223 1735 316 1799 situm
338 1744 416 1813 erat,
439 1743 504 1799 tum
527 1753 608 1814 quae
626 1733 767 1798 Bremius
789 1734 820 1798 in
842 1734 935 1798 trium
958 1734 1129 1815 primorum
1145 1734 1300 1800 librorum

223 1841 415 1922 argumentis
442 1840 633 1923 explicandis
661 1842 738 1905 satis
766 1852 840 1922 apte
868 1852 899 1906 et
927 1842 1073 1906 distincte
1100 1846 1301 1923 exposuerat,

222 1969 322 2030 neque
339 1957 441 2013 tamen
458 1949 511 2028 ita,
529 1958 564 2013 ut
577 1948 784 2014 reconditiora
796 1949 938 2014 subtilius
950 1949 1125 2029 attingeret
1154 1949 1299 2028 Goerep-

221 2058 288 2120 zius
316 2057 391 2121 locis
418 2057 457 2120 ab
481 2056 528 2120 his
551 2057 747 2137 transcriptis
777 2056 852 2121 nihil
873 2057 995 2121 addidit
1022 2056 1081 2120 nisi
1110 2074 1235 2122 errores
1263 2055 1299 2122 in

222 2164 304 2229 uotis
321 2164 483 2229 sententiis
501 2165 756 2245 argumentisque
771 2164 967 2230 incredibiles
984 2172 1158 2245 canusque,
1180 2172 1297 2229 utnon

222 2289 294 2336 raro
318 2271 421 2337 Stoica
443 2290 501 2353 pro
525 2272 699 2352 Epicureis,
728 2272 883 2353 Epicurea
905 2290 962 2352 pro
985 2270 1096 2337 Stoicis
1118 2270 1298 2353 haberet¹)

221 2380 333 2461 Itaque
359 2380 390 2443 in
417 2377 602 2444 difficillimis
629 2398 724 2461 saepe
750 2380 825 2444 locis
852 2378 999 2444 tacebant
1024 2386 1223 2447 enarratores
1245 2384 1299 2457 (ut

221 2488 261 2562 Il,
278 2488 329 2565 33,
347 2490 397 2565 35,
419 2488 474 2565 Ill,
492 2489 542 2566 69,
567 2488 619 2564 IV,
635 2489 687 2565 58,
710 2488 747 2566 V,
766 2490 805 2552 18
819 2505 887 2568 sqq.
910 2486 1075 2568 multisque
1096 2485 1165 2551 aliis
1186 2485 1295 2568 locis);

222 2613 276 2659 eas
288 2594 504 2673 dubitationes,
520 2614 601 2677 quae
618 2595 795 2676 diligentius
811 2594 984 2660 attendenti
1002 2594 1116 2659 oboriri
1128 2593 1296 2673 debebant,

221 2721 377 2783 nusquam
395 2701 461 2766 iere
483 2703 679 2785 attingebant
695 2704 744 2782 (ut
760 2703 815 2780 111,
827 2703 879 2780 49,
891 2702 959 2781 al.);
982 2720 1044 2782 quo
1064 2701 1164 2777 nrinns
1181 2701 1297 2765 mirum

221 2819 279 2886 est,
302 2810 328 2874 si
350 2810 425 2890 quid
448 2829 486 2874 ex
509 2810 731 2891 disputationis
753 2810 902 2875 interiore
923 2808 1132 2888 intellegentia
1152 2809 1218 2890 peti
1237 2810 1296 2874 da·

222 2917 311 2981 beret
326 2916 369 2980 ad
386 2917 573 2997 scripturam
591 2919 715 2983 dubiam
734 2918 991 2994 constituendam,
1008 2917 1191 2998 plerumque
1202 2917 1296 2982 aber·

221 3031 324 3088 ratum
347 3043 426 3100 esse,
449 3035 484 3090 ut
501 3026 620 3103 lll,43,
642 3025 695 3103 IV,
707 3027 758 3104 32,
780 3025 911 3090 maxime
933 3033 1035 3089 amen
1053 3028 1102 3105 (ut
1119 3023 1297 3106 posteriore

221 3132 303 3213 loco)
325 3132 364 3197 ab
392 3133 621 3199 recentissimis.
666 3133 798 3197 Omnino
827 3132 943 3197 nullum
972 3142 1021 3197 est
1049 3140 1122 3212 post
1143 3132 1176 3196 P.
1199 3130 1297 3199 Fabri

221 3259 348 3320 operam
370 3239 403 3304 in
425 3240 618 3305 Academicis
640 3241 822 3306 collocatam
851 3259 888 3306 ex
915 3240 974 3305 hoc
1001 3258 1115 3319 genere
1138 3239 1296 3305 Ciceronis

221 3366 311 3428 opus,
333 3347 420 3412 cuius
443 3349 613 3415 sententias
630 3356 668 3414 ‘et
689 3349 915 3431 disputationes
938 3367 1045 3412 omnes
1067 3347 1159 3428 plene
1177 3355 1296 3413 etcum

222 3474 326 3520 rerum
359 3455 568 3536 intellegentia
596 3456 849 3538 Graecorumque
883 3456 1011 3521 fontium
1045 3474 1104 3519 usu
1132 3462 1296 3521 enarratas

221 3564 324 3628 dicere
346 3563 501 3643 possimus
523 3571 649 3643 praeter
670 3564 766 3629 libros
788 3565 829 3629 de
851 3561 970 3629 officiis.
1014 3563 1132 3627 Verum
1153 3562 1296 3643 Beierus,

223 3671 297 3734 dum
314 3670 417 3734 omnia
434 3669 549 3752 colligit
565 3680 597 3736 et
613 3671 751 3749 effundit,
770 3691 866 3752 saepe
883 3671 1048 3736 admiscuit
1063 3671 1173 3750 alena,
1196 3688 1297 3752 nequa

221 3778 359 3842 audebat
380 3777 474 3842 libere
497 3779 537 3842 de
561 3778 707 3844 Cicerone
729 3779 876 3844 iudicare.
912 3779 978 3860 Ego
1000 3779 1032 3843 in
1050 3777 1099 3842 his
1115 3778 1202 3843 libris
1220 3796 1296 3860 opa-

222 3904 290 3949 ram
313 3884 399 3963 dedi,
423 3894 458 3950 ut
479 3887 510 3950 id
532 3887 649 3968 ipsum,
680 3888 763 3968 quod
786 3887 927 3952 Ciceroni
949 3906 1073 3969 quoque
1094 3886 1162 3952 loco
1185 3886 1296 3951 obvere

222 4002 325 4058 satum
348 4000 439 4071 esset,
463 3994 608 4060 distincte
630 4014 816 4076 exponerem
839 3993 1120 4076 significaremqua,
1148 3996 1179 4057 in
1202 3993 1296 4073 tertio

139 4189 141 4193 .
222 4101 418 4182 potissimum
435 4100 523 4180 libro,
546 4103 598 4167 ubi
616 4103 722 4168 Cicero
739 4103 769 4168 in
789 4101 967 4167 difficillima
983 4102 1146 4184 disciplina
1163 4101 1297 4181 maxime

248 4358 271 4418 ¹)
291 4359 327 4407 Ad
348 4361 389 4408 llb.
409 4359 417 4407 l
438 4366 462 4408 at
482 4357 515 4414 ll,
543 4362 586 4420 qul
611 4359 726 4408 tacllliml
751 4367 823 4417 suut,
848 4360 962 4408 Muretus
985 4360 1111 4422 quaedam
1135 4361 1245 4409 contulit
1268 4362 1294 4409 lu

291 4446 406 4504 scholiis,
429 4445 461 4494 ad
481 4452 532 4494 tres
550 4450 695 4507 postremos
715 4446 793 4494 libros
813 4445 885 4494 nibil.
