3030 5086
516 504 559 549 en
584 503 664 549 unu.
688 503 751 549 ma.
775 505 796 550 v
819 503 891 550 cae.
912 505 1014 566 a.(1a)
1240 487 1303 552 623

225 672 267 735 ad
289 671 447 752 pleraque,
470 671 544 734 dum
567 671 660 734 modo
677 671 750 753 plus
766 671 797 736 in
815 671 930 736 virtute
949 679 1119 752 teneamus
1141 690 1235 753 quam
1252 672 1304 738 ille

225 888 360 953 arguunt,
379 877 499 934 levitate
518 878 718 953 excogitatum
733 879 789 935 viri
807 879 896 948 docti,
914 897 1090 954 quamquam
1111 899 1147 936 ne
1164 880 1303 937 dimidiae

224 964 341 1037 quidem
371 963 448 1036 parti
477 963 607 1019 locorum
637 964 796 1021 convenire
824 965 939 1034 vidant,
974 973 1071 1021 tamen
1099 965 1216 1022 abicere
1243 983 1302 1022 nou

224 1049 342 1105 audent.
377 1047 651 1105 Animadverteuda
673 1059 718 1105 est
734 1049 765 1105 in
789 1049 843 1106 hae
865 1068 982 1123 quoque
1004 1069 1037 1106 re
1055 1049 1211 1108 diversitas
1228 1060 1302 1107 tem·

224 1152 338 1208 porum.
383 1133 461 1189 Nam
484 1143 513 1189 et
531 1132 635 1191 Cicero
653 1142 683 1190 et
700 1131 762 1191 iere
779 1134 961 1208 antiquiores
980 1136 1034 1191 hac
1051 1144 1172 1192 utuntur
1190 1135 1301 1211 regula,

224 1218 306 1274 utin
330 1218 539 1287 animantium,
567 1217 717 1275 hominum
745 1217 917 1294 praesertim
948 1229 977 1276 et
999 1219 1135 1287 deorum,
1164 1220 1300 1278 similitu·

224 1303 292 1359 dine
321 1303 450 1359 notanda
482 1303 569 1378 longe
603 1304 721 1378 saepius
753 1305 921 1379 genetivum
958 1305 1104 1361 adiectivo
1131 1306 1302 1381 adiungam,

225 1402 373 1462 tamquam
397 1388 612 1444 substantivum
636 1389 684 1455 sit.
708 1390 953 1463 quemadmodum
977 1408 1041 1447 cum
1065 1394 1173 1447 inm'due
1188 1393 1303 1448 alicuine
1412 1384 1416 1390 ’

224 1474 340 1530 dieitur.
375 1473 480 1547 Itaque
497 1473 527 1528 in
545 1473 621 1530 libro
640 1473 703 1531 ΙΝ.
718 1476 766 1543 D..
789 1475 840 1531 ubi
859 1475 894 1531 de
917 1475 1026 1550 speciei
1049 1486 1079 1531 et
1100 1476 1210 1552 figurae
1233 1476 1301 1532 deo·

223 1578 287 1615 rum
301 1567 331 1614 et
343 1558 492 1615 hominum
504 1558 697 1615 similitudine
709 1560 814 1635 agitur,
827 1569 996 1616 constanter
1007 1561 1160 1636 genetivus
1172 1561 1301 1634 ponitur,

223 1639 350 1723 §77[?],
364 1645 414 1712 78,
428 1644 478 1714 79,
492 1644 542 1711 84,
556 1645 605 1711 90,
630 1645 680 1718 qui
703 1644 760 1702 loci
783 1645 838 1701 soli
861 1646 898 1701 ad
916 1646 1105 1702 evertendum
1125 1656 1209 1702 vetus
1227 1645 1300 1702 illud

222 1741 409 1804 praeceptum
434 1728 593 1798 sufiiciunt,
617 1739 646 1785 et
669 1730 770 1786 eodem
795 1730 882 1786 modo
901 1729 1005 1788 Cicero
1028 1730 1104 1788 dixit
1125 1735 1238 1806 speeiem
1259 1734 1303 1787 eni

223 1817 332 1871 similem
355 1815 443 1870 Tusc.
468 1814 493 1879 Ι,
515 1815 553 1869 34
577 1823 607 1870 et
628 1824 745 1872 statuum
767 1818 846 1872 iatius
868 1818 978 1872 similem
1000 1816 1030 1871 in
1049 1816 1110 1874 Pis.
1126 1816 1174 1872 93.
1210 1817 1300 1873 Recte

222 1900 312 1975 igitur
340 1898 493 1957 Charisius
521 1901 561 1973 (p.
583 1901 636 1971 84)
663 1901 824 1974 praecipit,
856 1910 890 1956 ut
922 1905 966 1956 rui
990 1903 1084 1957 similia
1112 1901 1227 1958 dicatur
1259 1904 1301 1972 (et

222 1989 285 2051 mei,
310 1987 362 2051 tui,
386 1987 483 2051 nostri,
507 1988 607 2056 vestm).
658 1985 784 2042 Delirus
812 1985 890 2060 apud
913 1985 1085 2044 Ciceronem
1114 1987 1143 2042 in
1173 1986 1228 2042 hoe
1251 2005 1300 2060 ge-

222 2089 291 2125 nere
314 2069 388 2125 adeo
411 2087 477 2124 raro
499 2069 655 2143 reperitur,
681 2079 728 2141 ut,
751 2088 816 2127 cum
840 2070 955 2127 infinita
978 2071 1165 2128 multitudine
1187 2070 1300 2146 geneti-

221 2174 323 2210 vorum
347 2164 549 2227 comparatus,
579 2154 792 2211 dubitationem
820 2156 871 2211 vix
900 2153 1030 2231 effugiat.
1077 2156 1199 2231 Legitur
1221 2156 1298 2212 enim

221 2241 269 2297 ΙΙΙ
292 2240 327 2296 de
350 2238 434 2295 Orat.
448 2240 486 2295 47
496 2261 502 2292 ε
526 2240 592 2295 mihi
613 2249 637 2295 te
658 2242 819 2297 simillimum
841 2243 911 2296 dicit
933 2243 1019 2298 moleri
1034 2240 1141 2313 (fuitne
1163 2240 1247 2314 meli)
1271 2251 1301 2298 et

223 2327 304 2386 Brut.
330 2327 406 2380 204:
433 2325 576 2380 nihilium
598 2326 830 2399 dieaimileqaum
856 2327 934 2382 Cotta
957 2327 1077 2401 Sulpicio
1099 2324 1248 2400 (Sulpicii)
1271 2335 1300 2382 et

221 2410 314 2467 Acad.
337 2410 378 2476 11,
403 2410 474 2465 118:
503 2409 675 2466 Demoamtue
697 2411 758 2467 huic
779 2414 806 2466 in
829 2412 1008 2480 lacrimulis,
1031 2414 1058 2467 in
1080 2415 1175 2468 ceteris
1196 2413 1301 2467 :uberior

221 2507 249 2550 et
274 2496 327 2560 lV,
354 2495 407 2550 34:
431 2495 492 2550 huic
514 2494 664 2567 (Phidiae)
686 2498 780 2552 minilia
802 2505 832 2551 et
854 2495 909 2552 hoc
932 2497 1008 2553 libro
1031 2500 1045 2569 5
1065 2498 1118 2553 62ε
1142 2507 1196 2553 tum
1218 2498 1300 2553 dinei·

221 2583 289 2636 milia
312 2582 417 2640 lornini,
442 2590 502 2635 tum
526 2579 555 2634 in
574 2581 659 2637 Verr.
673 2581 730 2643 ΙΙΙ,
748 2583 821 2637 1242
851 2583 929 2638 Verri
949 2584 1059 2639 similem
1082 2591 1111 2637 et
1134 2601 1187 2656 pro
1205 2581 1297 2638 Marc.

221 2667 250 2734 8,
273 2664 617 2724 auctoritateLactantii.
641 2665 797 2733 Prisciani,
821 2665 918 2724 Servii
941 2667 1159 2724 confirmatum:
1181 2686 1241 2724 eum
1257 2699 1298 2708 —

220 2752 380 2806 simillimum
402 2751 451 2804 deo
473 2751 568 2805 iudico.
613 2746 706 2828 [Add.
730 2749 788 2809 Off.
813 2752 859 2818 ΙΙ,
884 2753 917 2808 8:
948 2755 981 2808 iis
1002 2755 1135 2809 simillimo
1157 2760 1186 2808 et
1209 2752 1298 2809 Tusc.

221 2837 257 2902 V,
282 2835 337 2890 56:
366 2835 436 2889 hum
463 2836 504 2890 illi
529 2835 598 2890 duco
621 2838 796 2902 similimum,
825 2837 875 2892 nbi
900 2836 1130 2912 Wesenbergius
1156 2836 1238 2893 addit
1261 2855 1298 2894 ex

220 2920 275 2975 hoc
304 2938 392 2994 opere
415 2919 470 2983 lv,
496 2920 551 2973 65:
580 2920 621 2974 hia
643 2923 756 2987 similet,
785 2921 823 2978 N.
849 2921 885 2977 D.
909 2922 939 2990 Ι,
966 2922 1040 2989 123,
1074 2922 1151 2977 hunc
1178 2921 1296 2995 quidem

219 3005 315 3060 locum
338 3003 605 3077 suspectissimum,
628 3004 665 3059 ad
690 3006 771 3063 Fam.
796 3006 858 3074 ΧΙ,
883 3007 939 3075 20,
967 3009 997 3072 1,
1025 3007 1076 3063 ubi
1099 3007 1245 3081 scriptura
1267 3006 1297 3061 in

220 3090 299 3146 Med.
325 3088 464 3163 ambigua
486 3084 554 3167 eet]
599 3089 644 3145 De
669 3090 763 3147 bestia
786 3089 891 3148 Cicero
909 3092 923 3148 I
942 3091 980 3148 N.
993 3091 1031 3148 D.
1045 3091 1084 3147 97
1109 3090 1200 3147 dixit:
1222 3094 1298 3148 coriis

219 3195 303 3231 noune
331 3177 425 3230 similis
453 3176 534 3248 tepor
563 3173 734 3248 addiditque
762 3194 799 3231 ex
828 3176 939 3232 Ennio:
970 3177 1056 3233 Simia
1083 3195 1165 3250 quum
1193 3179 1297 3244 similia,

220 3263 375 3335 trupr'esimu
400 3260 496 3325 beatio.
525 3260 617 3315 nobie!
661 3262 756 3317 Putria
777 3263 872 3317 similia
894 3261 972 3336 apud
996 3260 1167 3319 Ciceronem
1191 3261 1299 3337 legitur

219 3365 255 3401 ex
279 3345 416 3401 omnibus
446 3355 497 3400 aut
525 3344 695 3401 melioribus
723 3345 807 3402 libris
834 3346 863 3402 in
888 3346 974 3404 Verr.
1000 3346 1061 3413 ΙΙΙ,
1089 3347 1148 3403 160
1171 3355 1201 3402 et
1227 3346 1296 3415 162,

220 3432 256 3500 V,
283 3431 337 3485 30.
368 3429 509 3499 Tusci,
537 3430 592 3497 81,
622 3428 679 3487 Off.
703 3432 732 3499 Ι,
760 3432 833 3500 121;
859 3435 935 3506 putri
954 3430 1011 3488 hoc
1033 3450 1107 3501 uno,
1135 3431 1185 3488 ubi
1208 3449 1295 3506 quam

218 3514 305 3572 facile
334 3535 347 3569 a
382 3515 517 3571 excidere
551 3516 694 3589 potuerit,
728 3526 859 3591 apparet.
911 3514 1016 3593 [Apud
1044 3518 1208 3574 Varronem
1238 3534 1296 3572 non

218 3601 290 3657 satis
312 3599 440 3661 attendi:
465 3599 573 3675 legitur
595 3609 692 3656 tamen
716 3602 792 3657 homo
814 3603 913 3658 homini
933 3603 1027 3658 aemilia
1048 3603 1080 3659 X
1103 3621 1131 3677 p.
1147 3603 1206 3658 160
1229 3601 1295 3676 Bip.

218 3688 272 3758 (m'r
287 3689 345 3741 viro
361 3687 473 3740 similior
489 3705 572 3759 quom
588 3689 631 3741 uir
646 3688 762 3759 maliem)
774 3695 803 3743 et
815 3707 843 3762 p.
861 3688 917 3742 161
932 3697 963 3743 et
974 3707 1001 3761 p.
1018 3685 1102 3764 tae]
1136 3687 1182 3743 De
1198 3705 1295 3743 rerum

218 3769 409 3827 similitudine
438 3768 556 3832 Cicero,
591 3781 623 3827 ut
650 3771 847 3845 antiquiores,
876 3771 950 3829 adeo
978 3772 1143 3847 promiscue
1171 3781 1296 3846 utroque

218 3874 287 3911 casu
310 3855 412 3912 utitur.
437 3865 468 3910 ut
491 3874 547 3911 non
566 3864 679 3912 tuntum
697 3856 726 3912 in
745 3856 812 3913 aliis
830 3857 902 3913 locis
919 3855 1009 3913 alium
1028 3875 1127 3914 casum
1145 3855 1175 3912 iu
1192 3856 1295 3913 eodem

217 3940 419 3996 similitudinis
441 3958 548 4015 genere
571 3950 679 4014 ponat,
710 3941 762 3998 sed
791 3942 820 3998 in
849 3941 950 3998 eodem
975 3941 1054 4010 loco,
1084 3950 1118 3997 ut
1139 3941 1171 3998 II
1193 3941 1231 3998 N.
1255 3942 1292 4000 D.

217 4044 282 4082 cum
302 4026 370 4094 §40
390 4025 434 4080 bis
458 4025 581 4081 dixisset
603 4029 673 4099 ignis
694 4030 720 4083 ei
739 4029 834 4083 similit
855 4029 912 4100 igni
932 4028 1062 4096 0:541:
1085 4027 1179 4082 horam
1195 4029 1295 4100 ignium

218 4114 273 4166 utri
293 4114 333 4166 sol
354 4112 449 4165 similia
471 4114 518 4166 sit.
542 4110 681 4167 subiecit:
710 4130 770 4168 eum
791 4114 856 4168 solie
877 4115 947 4184 ignia
968 4114 1062 4169 cimilia
1084 4130 1174 4168 eornm
1195 4114 1295 4185 i’gnium

217 4201 261 4262 ait,
285 4207 373 4270 utque
397 4195 485 4251 etiam
503 4195 532 4251 in
551 4196 651 4251 eadem
670 4198 825 4253 verborum
844 4197 1064 4253 continuatione
1082 4214 1181 4254 casum
1202 4205 1296 4252 mutet

217 4281 249 4337 II
278 4282 314 4337 N.
347 4281 382 4335 D.
416 4282 473 4336 149
503 4283 615 4354 (plectri
640 4284 750 4338 aimilem
779 4285 865 4338 nostri
890 4284 974 4338 colent
1000 4284 1101 4351 dicere,
1131 4283 1294 4338 chordarum

217 4369 316 4434 dentes,
339 4385 420 4422 aures
442 4367 565 4422 comibus
586 4370 620 4423 ii:
641 4369 721 4440 cet),
747 4367 825 4441 quod
847 4364 919 4424 iacit
940 4367 970 4423 in
994 4366 1162 4424 hominibus
1184 4367 1294 4424 Lucre·

217 4452 591 4520 :ius1v,1211e:1212.
637 4450 713 4509 Sunt
734 4460 832 4508 tamen
855 4461 935 4509 certa
958 4451 1111 4522 vocabula,
1134 4451 1163 4508 in
1187 4451 1294 4527 quibus
