3030 5086
638 526 811 574 uxouasus
834 527 863 572 v.
1103 607 1106 612 .
1225 509 1287 574 82¹1

219 697 414 774 perpetuitate
436 698 557 773 eiusque
580 688 741 773 αὐταρκείᾳ
757 690 832 774 πρὸς
848 690 1045 770 εὐδαιμονίαν,
1068 717 1143 773 quae
1165 708 1287 773 apparet

218 783 259 840 ibi
282 783 351 858 poni
374 783 519 854 debuisse,
541 783 592 840 ubi
614 783 752 839 universe
774 783 892 840 virtutis
914 792 1019 840 nature
1041 783 1247 859 explicaretur.
1261 786 1287 855 l)

218 867 277 928 Sed
300 877 397 926 tamen
420 868 498 943 quod
520 877 550 925 et
572 886 661 944 saepe
678 886 808 926 seorsum
827 870 899 926 haec
915 867 1147 926 defendebantur
1164 880 1192 925 et
1209 868 1288 943 quod

217 953 248 1010 in
270 953 412 1030 sepientis
439 972 565 1029 persona
591 964 679 1028 atque
707 953 842 1029 exemplo
870 964 898 1010 et
921 953 1039 1012 virtutis
1066 954 1230 1030 proprietas
1259 964 1288 1010 et

117 1059 133 1075 ·’
218 1038 297 1097 vitae
319 1038 467 1114 degendae
490 1048 647 1115 praecepta
669 1040 904 1116 exponebantur,
927 1057 986 1096 non
1009 1039 1192 1116 negaverim,
1216 1039 1288 1097 Dio·

218 1142 322 1200 genem
346 1124 461 1182 Stoicos
483 1124 625 1198 quosdam
653 1124 739 1182 huius
761 1124 963 1183 collocationis
982 1135 1117 1182 auctores
1139 1124 1287 1183 habuisse.

218 1209 377 1266 Interiecta
409 1226 467 1266 non
495 1219 563 1284 apte
591 1210 749 1279 sententie,
783 1216 858 1285 quae
891 1210 936 1267 ius
965 1221 1069 1267 nature
1096 1210 1286 1267 constitutum

217 1305 320 1352 contra
343 1293 504 1370 Epicureos
526 1295 676 1365 tuebatur,
705 1292 818 1353 reditur
845 1295 882 1352 ad
910 1295 975 1365 illa,
1005 1313 1080 1370 quae
1102 1295 1179 1363 dixi,
1210 1295 1288 1352 ritae

218 1389 385 1456 praecepta.
435 1378 509 1438 Cum
537 1379 594 1437 hoc
622 1379 764 1456 Diogenis
792 1380 893 1438 ordine
922 1381 947 1437 ei
975 1377 1132 1457 diligenter
1159 1380 1287 1437 contule·

218 1465 309 1522 rimus
337 1482 418 1535 eum,
447 1464 498 1538 qui
525 1464 602 1540 epud
625 1458 796 1524 Ciceronem
819 1475 879 1536 eat,
908 1463 996 1523 tacite
1024 1466 1204 1536 ridebimus,
1233 1465 1288 1523 etsi

217 1550 361 1625 quaedam
389 1549 477 1607 aliter
503 1550 683 1608 collocentur
709 1561 739 1608 et
765 1551 843 1627 apud
866 1560 1021 1626 utrumque
1043 1551 1184 1608 nonnulla
1205 1569 1288 1626 repe·

218 1635 346 1707 riantur,
380 1653 456 1710 quae
489 1636 526 1692 eb
555 1635 648 1693 eltero
677 1636 849 1694 omittentur
875 1637 966 1710 (vitae
994 1636 1110 1711 quidem
1139 1636 1288 1712 degendae

217 1731 375 1797 praecepta
402 1720 454 1777 ille
481 1721 620 1797 specialia
643 1719 794 1779 Ciceronis
821 1721 975 1780 consilium
1003 1739 1123 1798 prorsus
1150 1721 1288 1778 exclude·

218 1805 295 1878 bet),
323 1815 420 1862 tamen
448 1805 478 1863 in
500 1806 565 1882 ipsa
587 1824 701 1864 summe
722 1825 818 1864 rerum
847 1825 911 1864 eam
934 1825 998 1864 ease
1021 1806 1131 1864 ordinis
1153 1805 1288 1863 similitu·

216 1890 324 1958 dinem,
347 1907 435 1989 quam
458 1909 546 1966 supra
568 1891 731 1967 significavi
754 1902 847 1951 ortam
868 1910 934 1951 esse
951 1911 988 1949 ex
1006 1892 1156 1950 notionum
1175 1901 1288 1949 natura.

218 1976 295 2034 Nam
326 1994 343 2031 a
372 1976 466 2051 primo
489 1977 622 2052 appetitu
645 1978 682 2033 ad
705 1978 812 2034 bonum
842 1988 872 2037 et
893 1978 979 2034 finem
985 1977 1173 2072 pervenitur
1199 1987 1229 2034 et
1250 1976 1288 2033 ad

218 2061 337 2118 virtutis
359 2070 502 2129 naturam,
526 2071 586 2119 tum
610 2062 646 2119 ed
668 2081 765 2120 rerum
788 2060 859 2136 (reia
881 2050 1066 2136 ἀδιαφόρων)
1083 2061 1287 2161 differentiam,

219 2156 392 2222 postremo
389 2146 426 2203 ed
449 2145 587 2218 officium,
610 2166 668 2222 quo
690 2148 769 2204 ritae
790 2149 867 2205 actio
884 2160 1011 2224 regatur
1022 2150 1050 2221 ²)
1083 2146 1178 2205 Multo
1197 2148 1288 2224 magis

218 2248 316 2288 rerum
349 2233 632 2307 sententiarumque,
666 2233 773 2307 quibus
807 2233 969 2293 Stoicorum
1005 2232 1100 2290 ethica
1133 2232 1289 2309 disciplina

217 2317 400 2379 continetur.
429 2318 617 2375 cohaerentia
643 2319 816 2376 obscuratur
842 2317 920 2393 apud
942 2318 1082 2375 loannem
1099 2317 1189 2377 ·St0b.
1212 2317 1287 2391 (Ecl.

218 2400 286 2459 Eth.
310 2422 337 2477 p.
351 2403 390 2458 90
402 2405 495 2477 sqq).
517 2404 596 2479 apud
618 2421 703 2478 quem
726 2405 800 2461 haee
822 2404 960 2478 deinceps
983 2402 1182 2478 explicantur,
1212 2421 1288 2477 quae

218 2487 289 2544 solis
317 2487 483 2545 nominibus
510 2506 530 2544 a
557 2507 603 2546 me
625 2489 819 2546 notabuntur:
847 2488 930 2546 Boua
958 2497 988 2544 et
1010 2490 1087 2544 mala
1109 2488 1189 2562 (90);
1217 2488 1287 2545 boui
1396 2555 1398 2573 Ι
1507 2496 1509 2504 “

216 2572 401 2629 definitiones
423 2583 453 2630 et
474 2573 634 2631 divisiones
646 2575 726 2648 (96)·
750 2574 873 2631 virtutes
895 2574 997 2647 (102);
1022 2592 1122 2630 aarum
1145 2574 1220 2643 finis,
1244 2573 1287 2630 vi·

218 2675 287 2715 vere
310 2658 518 2715 convenienter
540 2668 662 2716 naturae
685 2661 786 2733 (108);
810 2659 950 2716 virtutum
974 2658 1168 2715 communitas
1187 2660 1288 2732 (112);

217 2743 360 2840 supientia
382 2761 508 2818 persona
530 2746 632 2818 (120);
660 2745 764 2801 iterum
788 2745 930 2836 bpnorum
954 2743 1060 2801 divisio
1082 2745 1184 2816 (124);
1213 2745 1287 2814 finis,

218 2827 427 2886 convenienter
448 2829 661 2919 vivere(132);
684 2819 723 2884 rel
745 2813 899 2902 αδιαφορα
916 2830 1018 2901 (142)
1041 2828 1169 2886 officium
1187 2831 1288 2900 (158);

218 2913 361 3011 appetitio
383 2897 487 2990 (ὁρμη,
514 2916 600 2988 160);
629 2913 810 2990 perturbatio
833 2915 934 2988 (166);
962 2913 1091 2970 amicitia
1113 2915 1215 2988 (186);
1243 2934 1288 2971 sa-

219 2998 326 3075 pientis
354 3016 496 3094 persona
507 3010 536 3057 et
558 3000 642 3057 varie
665 3010 822 3075 praecepta
843 2999 946 3072 (188),
976 2998 1107 3057 definitio
1128 2987 1287 3073 κατορθω-

217 3101 315 3157 ματος
331 3093 361 3141 et
378 3072 594 3183 ἁμαρτήματος
606 3086 707 3158 (192);
731 3092 850 3160 peccate
866 3083 1002 3158 aequalia
1014 3084 1111 3158 (198)
1143 3085 1287 3159 Apparet,

218 3167 356 3226 omissam
379 3186 442 3225 esse
464 3168 549 3247 initio
571 3170 761 3247 appetitionis
788 3178 818 3226 et
840 3169 951 3244 primae
973 3169 1188 3226 conciliationis
1210 3186 1288 3226 com·

219 3254 473 3322 memorationem
507 3253 537 3310 iu
565 3253 632 3312 finis
664 3263 760 3312 autem
790 3264 819 3311 et
847 3254 990 3311 bonorum
1018 3253 1214 3331 explicatione
1241 3274 1288 3311 res

217 3338 472 3397 coniunctissimas
500 3339 600 3397 divelli
623 3350 654 3398 et
675 3341 721 3398 bie
743 3340 821 3417 poni.
865 3338 1002 3399 Ceterum
1026 3340 1073 3397 bic
1095 3357 1226 3437 quoque,
1257 3350 1289 3396 ut

218 3424 303 3523 apud
316 3424 487 3484 Ciceronem
507 3436 536 3482 et
553 3427 726 3503 Diogenem,
750 3424 877 3484 officium
901 3431 1045 3484 tractatur
1067 3424 1200 3500 proxime
1224 3436 1289 3524 post

192 3500 257 3580 ,roi
284 3494 452 3608 ἀαιαφορα,
480 3512 748 3585 perturbationes
738 3512 780 3568 (ln
803 3509 909 3586 quibus
931 3510 1114 3586 explicandis
1136 3510 1289 3567 asciscitur

178 3637 180 3642 .
217 3592 407 3668 appetitionis
429 3593 532 3668 notio),
556 3605 588 3652 ut
609 3597 687 3672 apud
710 3597 883 3673 Diogenem,
906 3606 971 3670 post
994 3595 1133 3654 officium.

303 3677 376 3735 Alia
397 3679 509 3736 ratione
533 3679 587 3739 Ch.
603 3682 801 3749 Petersenius,
823 3680 869 3737 vir
891 3680 1034 3746 doctus,'
1025 3700 1055 3738 ru
1079 3680 1287 3757 Philosophiae

218 3760 420 3839 Chrysippeae
453 3765 665 3824 Fundamentis
694 3766 870 3842 (Hamburgi
902 3767 996 3839 1827)
1023 3787 1051 3842 p.
1075 3768 1222 3841 258‘sqq.
1250 3765 1287 3822 ad

219 3865 319 3905 veram
352 3849 465 3906 ethicae
499 3851 663 3908 Stoicorum
698 3852 870 3910 divisionem
905 3870 921 3907 e
954 3851 1124 3908 dialecticae
1157 3852 1287 3910 fontibus

218 3944 364 4010 sumptam
393 3936 561 4009 pervenisse
589 3955 621 3994 se
643 3947 742 4013 putat;
771 3937 821 4012 qui
849 3936 916 3992 dum
941 3936 1072 4013 opinioni
1102 3955 1170 3994 suae
1199 3937 1235 3995 de
1258 3937 1287 3994 ri

219 4110 362 4117 ————----
370 4109 445 4116 ..---

247 4185 269 4250 ¹)
287 4184 322 4235 Ut
339 4187 391 4235 flt'
384 4203 410 4234 tn
429 4189 529 4236 decreto
548 4189 578 4237 de
596 4197 756 4265 peccatorum
775 4189 927 4252 aequalitate
944 4199 969 4238 et
984 4190 1016 4238 de
1028 4207 1149 4263 npoaonp
1140 4191 1230 4253 apud
1245 4189 1288 4239 Ci-

287 4268 401 4304 ceronam
421 4257 546 4317 §ts-⁴8
565 4267 590 4306 et
607 4258 638 4305 de
656 4252 802 4338 αιῖταμκεὶα
816 4258 917 4307 virtutis
934 4259 1043 4321 quodam
1063 4260 1139 4308 modo
1157 4259 1170 4322 §
1186 4263 1219 4306 ⁴2
1233 4273 1278 4322 sqq

245 4321 269 4384 ²)
288 4322 355 4371 lllud
375 4337 474 4387 quoque
492 4339 637 4383 commuue,
657 4328 724 4390 quod
744 4326 802 4374 boni
820 4328 904 4384 notio,
924 4329 955 4376 de
972 4341 1022 4392 qua
1041 4328 1072 4376 ad
1091 4329 1148 4389 §³³
1167 4326 1286 4384 diximus,
1340 4344 1344 4363 ¹

287 4392 361 4440 etiam
381 4394 447 4456 apud
468 4394 605 4457 Diogenem
625 4396 702 4459 paulo
721 4396 844 4460 posterius
863 4395 1017 4460 explicatur,
1042 4409 1118 4459 quem
1136 4397 1287 4459 expectaba-

286 4474 354 4518 mus,
374 4475 525 4525 quemquem
545 4477 595 4511 non
614 4473 665 4512 tem
684 4465 789 4528 abrupte
806 4463 934 4514 inducitur
950 4478 1025 4535 quem
1045 4465 1112 4528 apud
1132 4463 1285 4515 Ciceronem.
