3030 5086
472 370 516 417 ar
539 369 619 417 maa.
640 369 705 417 nro.
728 370 740 416 1
762 370 835 418 oar.
857 373 895 418 re.
914 368 1047 436 (so-ar.)
1234 353 1292 418 101

217 540 381 606 occultum.
415 538 602 620 Plerumque
615 538 828 621 improborum
845 537 926 604 tacta
942 539 1042 621 primo
1059 539 1195 621 suspicio
1211 540 1295 605 inee-

217 642 334 722 quitur,
357 641 428 707 dein
451 658 554 705 sermo
576 648 672 722 atque
693 639 792 719 fama,
814 647 880 705 tum
899 648 1076 720 accusator,
1099 647 1165 705 turn
1186 641 1294 720 iudex3

216 745 308 809 multi
330 743 433 820 etiam,
455 748 492 807 ut
513 748 545 807 te
566 743 700 821 consule,
723 743 783 823 ipsi
805 761 840 809 se
861 742 1084 807 iudicaverunt
1128 744 1180 807 51.
1203 743 1294 821 Quod

217 846 246 911 si
269 847 323 928 qui
344 844 423 910 sads
445 843 504 909 eibi
527 853 636 909 contra
662 845 821 909 hominum
849 844 1069 908 conscientiam
1097 845 1198 925 saepti
1224 862 1295 910 esse

216 954 251 1012 et
277 947 388 1011 muniti
415 946 573 1023 videntur,
601 947 732 1011 deorum
760 953 863 1011 tamem
889 945 1033 1030 horrent,
1066 964 1182 1027 easque
1207 946 1334 1027 ipsesb

217 1049 454 1126 sollicitudinem
482 1047 595 1129 quibus
622 1065 731 1112 eorum
757 1047 851 1112 animi
881 1053 1049 1129 noctesque
1071 1048 1201 1129 diesque
1222 1067 1295 1113 ere·

294 1242 313 1284 l.
334 1236 464 1285 morborum
481 1239 538 1299 (pro
557 1233 664 1291 imorcer
684 1235 704 1285 C
746 1239 760 1284 2
787 1233 871 1284 demde
890 1234 1052 1285 trucum.
1089 1237 1296 1286 accurarommlu

222 1302 304 1371 [r'rrdet
319 1302 352 1382 dl
392 1308 414 1350 8.
437 1301 656 1419 &iudicaveratdq
701 1315 722 1351 t.
742 1303 812 1366 requi
827 1302 925 1366 tproer'
941 1308 991 1366 qut)
1012 1305 1033 1351 E
1051 1305 1112 1352 satie
1131 1303 1295 1353 omlieatr'e

219 1371 467 1422 contemmendi
483 1380 566 1420 contra
583 1370 750 1420 conscientiam
769 1372 901 1433 (scientiam
921 1372 1097 1430 PurLPMcu
1133 1378 1154 1418 5.
1174 1380 1196 1420 et
1214 1373 1295 1423 omit]

219 1441 314 1491 deoeL
350 1444 371 1489 6.
392 1449 470 1489 noctae
488 1439 586 1504 diesque
604 1440 624 1487 L
643 1448 721 1489 noctes
739 1448 809 1504 atque
827 1439 877 1489 dies
896 1439 939 1489 Or.
976 1440 1076 1490 aanor
1093 1440 1222 1489 exeduntur
1241 1441 1266 1490 u,

219 1599 251 1654 id
265 1597 350 1670 sore),
374 1595 460 1652 modo
483 1613 520 1652 ne
542 1596 637 1652 levem
655 1615 715 1652 rem
736 1596 963 1653 intolerabiliter
984 1595 1122 1653 iactasset
1144 1604 1173 1653 et
1196 1597 1296 1652 obser-

219 1680 389 1738 vatiuncula
411 1680 558 1738 interdum
582 1690 684 1737 contra
701 1682 875 1738 sententiam
900 1693 927 1737 et
946 1682 1060 1737 codices
1077 1682 1187 1738 abusus
1210 1692 1295 1740 osset.

307 1777 361 1824 tren
384 1764 479 1841 indeo)
502 1766 566 1822 Pal.
590 1769 603 1823 l
628 1768 723 1835 indere
747 1775 780 1823 ut
802 1766 933 1823 ediderat
956 1766 1084 1835 Lamb.;.
1103 1767 1154 1824 sed
1176 1784 1296 1823 accusa·

219 1865 311 1909 torem
342 1850 492 1927 praecedit
518 1852 623 1919 index,
657 1852 790 1925 sequitur
816 1854 897 1908 iudeo
925 1861 954 1906 et
981 1870 1090 1927 poeno3
1124 1851 1185 1923 his,
1220 1869 1296 1925 quae

219 1937 362 2014 gradatim
387 1935 476 2004 fiunt,
500 1937 658 2012 respondet
680 1955 769 1993 unum
794 1937 882 1993 illud:
910 1939 987 1992 multi
1007 1940 1085 1994 etiam
1108 1947 1163 1995 cet.
1209 1932 1297 2016 [Dein

220 2023 308 2080 etiam
332 2017 417 2099 AB.]

306 2108 356 2165 51.
388 2108 441 2162 oili
461 2116 554 2163 contra
577 2107 709 2162 dominnm
731 2105 930 2179 conscientiam)
953 2105 1003 2163 Sic
1020 2106 1131 2181 primus
1149 2104 1296 2164 Gruterus

220 2213 235 2248 e
258 2192 323 2250 Pel.
352 2194 383 2259 13
412 2191 559 2248 consentit
581 2193 710 2267 (praeter
733 2190 807 2265 Erl.)
829 2187 868 2269 [B
891 2187 935 2269 et]
958 2211 1013 2266 mg.
1040 2189 1119 2248 Crat.
1144 2201 1188 2260 et,
1217 2190 1296 2266 quod

220 2278 317 2337 miror.
342 2277 387 2333 ed.
407 2279 482 2333 Verr.
499 2277 589 2344 1480,
613 2277 636 2333 si
657 2275 787 2334 Orellius
810 2287 889 2333 recte
912 2276 1047 2334 attendit.
1082 2275 1153 2335 Cod.
1168 2277 1296 2348 Morelii‚

220 2373 253 2419 ut
270 2362 361 2419 edidit
379 2362 414 2421 P.
430 2363 561 2419 Marsus:
579 2367 647 2418 actis
664 2363 796 2418 hominurn
813 2363 865 2419 sibi
880 2372 972 2420 contra
989 2365 1186 2431 conocr'errtiurn3
1206 2363 1296 2435 (idem

219 2467 275 2504 om.
299 2457 324 2504 et
342 2451 456 2519 orandi).
490 2446 577 2520 Quod
596 2447 653 2502 mei
670 2446 737 2514 LM,
763 2447 871 2504 habeut
888 2447 964 2504 Pall.
980 2447 1008 2508 5.
1023 2449 1051 2517 6,
1070 2449 1147 2522 quod
1161 2449 1195 2517 Ρ,
1220 2446 1296 2504 Pau

221 2534 254 2601 2,
278 2534 312 2599 43
342 2532 475 2606 utrisque
503 2531 639 2589 assentiri
668 2532 806 2588 videntur
833 2533 947 2607 aliquot
969 2532 1100 2602 Davisii3
1129 2533 1194 2589 Pal.
1220 2534 1238 2589 3
1267 2541 1297 2589 et

219 2612 320 2693 Εξχψι
349 2621 417 2674 cotia
439 2621 523 2674 animi
544 2619 677 2673 dominum
698 2619 751 2674 aiot
771 2628 864 2674 contro
885 2622 1085 2687 conscientiam,
1110 2618 1204 2675 Mead.
1229 2621 1297 2674 satia

218 2706 302 2760 animi
321 2722 381 2759 cum
405 2704 536 2759 lominum
559 2704 610 2759 cidi
630 2713 723 2759 contra
746 2706 890 2760 octennem.
925 2702 993 2762 Gzii
1013 2703 1197 2770 „Latinitas“
1221 2701 1297 2759 nihil

219 2789 372 2845 annotavit
395 2788 451 2844 nisi
480 2788 527 2853 „in
551 2787 597 2844 his
620 2788 771 2845 varimodo
795 2789 1019 2863 transponendis
1042 2806 1164 2863 peccare
1187 2788 1297 2844 scriba·

218 2890 282 2930 rum
306 2873 528 2930 Latinitatom“.
573 2872 648 2931 Orta
676 2873 748 2929 haec
777 2892 792 2929 e
815 2874 960 2947 vocabulo
988 2877 1073 2930 animi
1098 2874 1136 2929 ad
1164 2874 1297 2930 lenonum

219 2959 357 3032 ascripto,
382 2977 457 3027 rrum,
482 2963 640 3015 conscientia
662 2976 736 3031 quae
760 2968 846 3025 esset,
872 2978 928 3015 non
952 2959 1182 3034 intellegeretur.
1218 2958 1297 3030 Hinc

219 3045 317 3099 nescio
341 3044 406 3117 quis
429 3044 555 3118 primum
580 3043 680 3111 fiuxit,
709 3043 787 3117 quod
810 3044 900 3118 vulgo
928 3054 996 3101 ante
1019 3043 1182 3102 Gruterum
1205 3042 1296 3119 (apud

219 3130 342 3185 Arcens,
363 3131 440 3185 1511
456 3130 536 3201 cett.)
556 3129 722 3205 legebatur:
746 3130 820 3201 quod
841 3132 866 3184 sr'
886 3133 935 3202 qui
955 3134 1022 3185 sotis
1045 3130 1139 3204 opibus
1162 3130 1298 3184 hominnm

219 3215 270 3270 sibi
296 3224 389 3270 contra
417 3219 612 3271 conscientiam.
658 3213 771 3290 Serpsit
795 3213 900 3270 deinde
923 3215 1046 3271 ulterius
1068 3214 1233 3289 corruptio,
1264 3223 1297 3270 ut

219 3299 248 3354 in
266 3299 379 3373 aliquot
396 3299 460 3356 edd.
474 3301 623 3372 (Accone,
637 3297 727 3369 Crat,
743 3300 832 3362 Mam,
846 3299 960 3372 Lamb.)
978 3300 1169 3356 scriberetur:
1187 3301 1297 3356 deorum

219 3395 305 3440 tomen
328 3405 423 3440 numen
446 3383 510 3456 (cfr.
534 3385 597 3441 cod.
623 3385 668 3456 L).

304 3480 443 3543 noctesque
466 3472 588 3544 diesque)
611 3470 658 3526 Ita
681 3467 774 3537 codd„
798 3468 885 3525 etiam
903 3469 1021 3526 Davisii
1039 3470 1178 3543 quinque,
1198 3467 1255 3527 Ox.
1269 3486 1296 3541 χ,

219 3552 287 3612 Gzii
311 3573 421 3610 omnes.
466 3553 507 3631 [B
531 3566 627 3611 tamen
652 3556 762 3628 diesque
784 3552 947 3632 noctesque]
992 3555 1078 3627 erod
1103 3565 1169 3628 post
1191 3555 1297 3610 Manu·

218 3640 274 3696 tios
304 3648 334 3695 et
356 3639 459 3696 Lamb.
491 3639 576 3698 Grut.
608 3640 696 3695 tacite
723 3639 829 3695 edidit:
863 3651 951 3695 noctes
978 3650 1060 3713 atque
1087 3642 1157 3709 dieo,
1192 3638 1296 3695 contir-

220 3736 329 3787 matur,
358 3725 383 3780 si
412 3743 448 3780 ea
475 3725 659 3782 confirmatio
682 3733 741 3794 est,
771 3744 788 3779 a
811 3723 887 3782 CCC
915 3735 945 3781 et
967 3724 1058 3794 Bell.;
1088 3724 1146 3783 Ox.
1169 3724 1194 3780 E
1216 3723 1297 3780 utL
1376 3766 1380 3777 .

219 3820 304 3866 noctes
328 3812 461 3883 diesqum¹
481 3811 654 3867 alterutrum
678 3827 778 3865 verum
802 3809 933 3878 ridetur;
962 3828 1028 3866 nam
1052 3810 1097 3878 id,
1127 3809 1204 3883 quod
1228 3808 1296 3865 reli·

218 3895 282 3968 qui,
312 3902 465 3970 poetarum
495 3910 547 3951 est.
593 3895 679 3952 Dixit
702 3893 805 3952 Cicero
829 3893 901 3951 alibi
928 3905 1016 3952 noctes
1043 3897 1153 3968 dicoque
1174 3893 1297 3964 (Accl

217 3981 246 4036 in
271 3982 356 4037 Verr.
382 3982 436 4047 52,
461 3982 547 4038 Verr.
573 3982 611 4045 V,
640 3981 726 4052 112),
755 3990 842 4035 noctae
865 3983 968 4037 etdr'ee
990 3980 1038 4046 (do
1062 3979 1144 4037 Orat.
1168 3981 1198 4047 Ι,
1224 3980 1295 4048 260,

219 4066 300 4122 Brut.
327 4067 397 4136 308,
421 4067 509 4123 Tusc.
535 4068 571 4132 V,
596 4066 665 4138 70),
689 4076 714 4121 et
735 4067 792 4121 dieo
814 4075 839 4121 et
862 4077 950 4123 noctes
973 4065 1021 4134 (ad
1046 4068 1110 4123 Art.
1135 4064 1208 4134 XII,
1232 4064 1296 4138 46),

218 4154 274 4207 dioc
298 4162 439 4225 noctesque
460 4154 526 4226 (pro
550 4152 636 4209 Rosc.
662 4153 730 4206 Am.
757 4151 805 4218 67,
831 4151 879 4212 81,
905 4151 1002 4208 Deiot.
1025 4150 1074 4220 88,
1097 4149 1190 4223 alibi).
1234 4146 1296 4229 [Ex

218 4236 305 4292 Ennii
328 4255 416 4293 versu
439 4235 517 4308 (Cat.
543 4237 621 4305 init.)
642 4236 695 4291 'vix
727 4235 804 4292 solas
833 4235 886 4291 has
909 4254 997 4293 voces
1020 4234 1124 4294 Cicero
1147 4230 1296 4312 sumpsit]
