3030 5086
405 488 449 533 on
472 487 605 535 immas
627 488 699 534 non.
722 489 766 535 na
790 489 871 535 mun.
894 489 957 535 mn.
982 490 1013 537 v.
1183 473 1243 539 601

173 653 302 717 niuttum
327 653 471 733 fortunae
497 654 600 717 datur.
650 653 762 735 Itaque
788 655 934 721 tenendus
958 661 1002 720 est
1027 657 1161 721 manime
1185 658 1249 738 ipse

172 754 347 819 Aristoteles
368 760 396 818 et
417 756 480 820 eius
494 755 552 835 titii
568 755 747 820 Nicomachi
762 755 831 820 libri
845 757 882 821 de
897 758 1040 836 moribus,
1060 759 1248 826 adtiibmdue

173 863 275 921 tomen
310 856 557 937 Theophrastum
593 878 669 920 uam
701 857 788 921 ceteri
824 858 1017 940 aliquantum
1053 860 1246 940 deficerem.

181 959 319 1023 Veterum
337 965 439 1023 acctem
456 959 635 1023 seutentiam
646 959 816 1025 Antiochus
826 960 1048 1043 ddiqeutissime
1051 964 1246 1044 persequitur

172 1061 218 1141 (c.
238 1062 288 1144 5).
333 1059 383 1125 De
398 1080 516 1125 mommo
532 1060 617 1139 bono,
639 1081 699 1142 quo
715 1062 875 1126 constituto
890 1062 924 1126 in
933 1061 1127 1143 philosophia
1142 1064 1247 1129 omnia

173 1163 336 1227 constituto
357 1168 443 1240 suut,
466 1163 612 1243 quoniam
633 1183 747 1246 maqna
768 1164 910 1228 disserudo
932 1169 988 1242 est,
1015 1164 1185 1230 adnitenda
1206 1175 1248 1230 cat

174 1265 279 1329 divisio
301 1263 479 1341 Carneadis,
501 1265 564 1348 qui,
586 1270 660 1345 quot
678 1264 807 1344 tiruseut
827 1271 855 1329 et
876 1271 951 1347 quot
965 1285 1025 1331 esse
1040 1266 1163 1330 omniuo
1174 1287 1246 1348 pos-

172 1372 239 1431 seut
265 1366 301 1430 de
327 1387 445 1431 summo
472 1367 548 1431 bono
569 1367 745 1444 seminudae,
771 1365 854 1430 uidit.
899 1366 941 1431 Id
965 1368 1060 1445 enim,
1087 1368 1168 1450 quod
1193 1389 1248 1434 ars

172 1468 289 1531 vivendi
310 1468 429 1549 assequi
450 1467 528 1546 unc,
555 1472 664 1548 aptum
690 1472 719 1531 et
744 1469 1003 1533 accontmodatnm
1029 1475 1248 1535 mursinense

173 1569 256 1633 debet
276 1574 304 1633 et
321 1567 389 1647 tate,
412 1573 447 1633 ut
461 1570 562 1649 ipsum
572 1589 632 1648 per
646 1590 678 1633 se
693 1570 861 1650 appetitum
877 1571 974 1634 animi
989 1569 1112 1635 alliciat.
1147 1572 1246 1653 <triae-

173 1672 255 1735 ritur
271 1671 372 1752 iqitur,
395 1671 470 1752 quid
484 1670 517 1733 id
533 1672 572 1753 sit
588 1671 633 1751 (c.
647 1673 697 1753 6).
731 1671 875 1736 Natmae
888 1672 1042 1753 appetitus
1056 1672 1247 1752 amplectitur

173 1779 229 1836 ant
255 1771 440 1852 voluptatem
466 1776 523 1835 aut
549 1772 730 1835 vacuitatem
751 1771 863 1837 doloris
888 1778 943 1837 aut
965 1794 1015 1851 co,
1044 1795 1124 1855 quac
1137 1774 1247 1855 prima

172 1873 336 1938 semendnm
357 1879 507 1938 naturam
528 1874 745 1952 nominantur;
766 1880 823 1938 aut
843 1874 936 1956 iqitur
950 1896 1049 1939 numu
1064 1897 1102 1940 ea
1122 1875 1170 1940 ns
1190 1875 1246 1939 tri·

173 1976 226 2040 ms
254 1976 354 2055 ipsum
375 1995 528 2040 summurn
555 1975 666 2039 bouum
687 1975 791 2039 itaberi
812 1981 912 2056 potest
937 1983 993 2041 out
1017 1977 1117 2057 facere
1143 1977 1248 2041 omnia
1309 2057 1311 2061 y

172 2079 265 2142 tinius
287 2099 324 2141 erc
346 2077 393 2142 his
415 2077 512 2142 tribus
533 2077 717 2158 admiscendi
738 2097 847 2156 camo,
872 2083 909 2142 ut
934 2098 987 2143 sco
1013 2079 1075 2144 siut
1099 2079 1247 2160 siuquiccs

171 2179 208 2242 dc
235 2199 354 2243 summo
380 2179 456 2243 bono
482 2180 645 2244 sentcntiae
666 2181 711 2261 (c.
729 2182 779 2262 7).
824 2179 953 2244 Iunctae
979 2185 1008 2244 et
1028 2180 1159 2262 duplices
1179 2201 1245 2245 seu·

174 2282 284 2345 tentiae
305 2286 366 2346 tres
384 2282 525 2361 suerunt,
553 2301 622 2345 cum
648 2281 691 2344 ad
715 2282 856 2344 uirtutem
877 2287 933 2345 aut
954 2282 1094 2363 voluptas
1114 2287 1171 2347 aut
1191 2303 1246 2346 oa·

173 2383 270 2447 onitas
291 2382 402 2447 datoris
423 2388 479 2446 aut
496 2383 601 2462 prima
622 2388 756 2447 naturae
776 2383 1021 2467 adiuuqermtur.
1055 2385 1159 2466 Atque
1175 2384 1249 2451 haec

168 2489 339 2565 nostrone,
361 2505 440 2566 quae
461 2483 713 2549 Academicorum
733 2491 762 2549 et
781 2483 1053 2566 Peripateticorum
1073 2491 1125 2562 est,
1147 2489 1248 2552 ceteris

172 2585 262 2666 facite
282 2587 416 2665 semotis,
438 2606 517 2669 quae
538 2591 640 2650 tamem
660 2586 825 2668 disputatio
845 2586 901 2651 hoc
921 2586 982 2652 ioco
1004 2587 1113 2668 exponi
1133 2590 1248 2669 nequit,

175 2687 239 2752 soto
261 2694 405 2767 remanet,
427 2708 522 2771 eaque
543 2689 691 2769 quomodo
707 2689 826 2753 oriatur
844 2695 873 2754 et
887 2690 1090 2770 confirmetm,
1112 2689 1248 2769 deinceps

175 2789 391 2869 explicandum
418 2796 460 2854 est
481 2791 527 2871 (c.
549 2792 601 2872 8).
652 2788 748 2854 Omne
773 2790 891 2854 auiuial
916 2811 947 2856 se
972 2792 1072 2870 iqrmem
1098 2790 1195 2872 ditiqit
1220 2796 1249 2854 et

175 2892 290 2971 appetit
306 2896 449 2954 naturae
475 2891 710 2955 accommodata.
761 2891 814 2955 Ita
843 2892 915 2971 finis
940 2892 1053 2970 existit,
1085 2892 1249 2957 secuudum

176 2997 324 3055 naturam
350 2993 460 3069 vivere,
488 2994 531 3056 sic
556 2992 712 3071 affectum,
738 2998 773 3057 ut
799 2993 909 3073 optime
935 2991 1018 3073 attici
1041 2994 1145 3073 possit.
1189 2992 1250 3058 Sed

177 3114 244 3157 cum
272 3093 336 3157 alia
362 3094 401 3159 sit
427 3093 560 3158 odorum
586 3088 767 3158 animalium
793 3100 924 3171 natura,
955 3094 1071 3158 homiui
1095 3115 1248 3159 summum

176 3196 287 3260 boumn
308 3201 351 3261 est
371 3197 467 3260 uivere
488 3216 526 3261 ea
547 3195 677 3261 numinis
697 3201 814 3261 natura
829 3195 963 3276 undiquc
977 3195 1115 3276 perfecta
1130 3201 1159 3260 et
1173 3197 1250 3260 mitid

176 3298 344 3378 requirente
365 3299 410 3379 (c.
433 3301 484 3381 9).
538 3296 648 3362 Omnes
674 3303 776 3362 autem
802 3317 833 3362 se
859 3295 993 3379 ditique,
1020 3299 1112 3362 etiam
1139 3299 1192 3380 qui
1207 3319 1250 3367 ,se

177 3399 270 3463 odisse
291 3404 457 3479 putentur,
483 3398 572 3480 facite
597 3399 792 3489 intelteqitur,·
823 3419 898 3462 uam
924 3399 993 3479 ipsa
1018 3399 1075 3464 sibi
1099 3400 1250 3465 irascendi

176 3520 270 3564 cansa
292 3521 329 3564 ea
350 3502 399 3565 sui
420 3502 547 3565 caritate
567 3503 704 3566 nascitur
721 3503 766 3583 (c.
784 3505 856 3585 10).
900 3501 965 3566 Nec
985 3521 1022 3564 ea
1042 3502 1088 3567 m's
1108 3501 1249 3584 muman·

175 3602 218 3665 ad
238 3601 333 3666 atiam
356 3603 535 3684 quampiam
556 3623 620 3667 rem
639 3603 785 3684 refertur,
806 3603 858 3668 sed
878 3603 921 3667 od
940 3623 972 3668 se
990 3603 1107 3684 iqsum;
1129 3609 1250 3685 quauta

177 3708 279 3767 aretem
300 3705 348 3782 sit,
370 3725 408 3768 en
428 3705 535 3769 mortis
556 3706 661 3770 timore
681 3712 812 3787 apparet
833 3707 878 3787 (c.
893 3707 965 3789 11).
1016 3704 1184 3769 Videndum
1205 3711 1250 3771 est

176 3805 283 3887 iqitur,
312 3827 390 3887 quae
416 3808 456 3871 sit
481 3806 610 3871 nononis
629 3812 755 3872 natura.
806 3806 860 3870 Ea
881 3812 910 3871 et
935 3807 969 3872 iu
990 3827 1112 3888 corpore
1126 3808 1250 3889 proprii

175 3906 294 3989 aliquid
313 3907 402 3971 habat
423 3909 468 3989 (c.
486 3911 564 3991 12),
585 3913 614 3972 et
633 3909 667 3973 iu
688 3909 792 3973 animo
813 3909 937 3974 virtutes
958 3910 1091 3991 quaerit,
1114 3930 1249 3991 quarum

175 4007 255 4072 aliae
276 4030 338 4073 non
359 4009 550 4074 uoluntariae
570 4016 658 4089 suut,
680 4032 759 4093 qaas
779 4011 921 4094 inqeniosi
943 4010 1068 4088 habuit,
1095 4011 1177 4075 aliae
1195 4031 1248 4077 oo-

175 4109 339 4190 iuntarioe‚
362 4131 440 4194 quae
461 4111 504 4175 ad
524 4131 621 4177 mores
636 4114 804 4193 pertinent,
826 4134 956 4196 maqriae
977 4119 1005 4177 et
1024 4134 1120 4178 cerae.
1167 4112 1250 4194 Quo-
1332 4130 1335 4137 ’

174 4213 261 4276 uiam
293 4219 395 4277 autem
427 4235 463 4277 ea
495 4215 629 4280 manime
655 4215 819 4295 expetenda
850 4220 923 4280 suut
949 4235 986 4280 en
1011 4216 1137 4295 nostris,
1170 4234 1251 4298 quae

168 4314 342 4396 ptumorum
357 4315 468 4379 habent
482 4317 647 4399 diquitatu,
665 4317 762 4381 animi
779 4317 876 4381 virttis
891 4318 1025 4397 corporis
1039 4318 1147 4381 virtuti
1162 4321 1248 4383 orete-

168 4419 310 4499 pontiur,
326 4419 481 4500 animique
495 4419 621 4483 uirtutes
633 4439 697 4482 nou
711 4418 902 4483 uoluntarias
916 4418 1043 4482 oinmcut
1057 4418 1249 4485 dodrantarias
