3030 5086
663 388 860 436 ennnrnmo.
1181 374 1309 467 XXVII·

214 575 293 617 vero
321 555 355 618 in
382 556 440 635 ir's).
489 557 653 624 Postremo
681 558 803 623 accedit
835 558 935 623 omnis
968 535 1087 640 reliqua
1115 561 1303 641 conspiratio

215 681 294 728 cum
318 663 348 728 in
372 664 527 729 scribendi
548 665 716 744 erroribus,
741 666 826 731 velut
847 666 933 747 (nam
955 685 992 729 ex
1014 667 1127 746 exigua
1149 668 1304 747 particula

216 768 297 836 libri
324 771 451 836 secundi
473 772 615 853 exempla
637 776 767 854 ponam)
790 776 807 839 7
826 776 959 853 putam,
990 775 1010 838 9
1032 792 1101 836 com
1122 794 1186 838 non
1207 774 1305 840 dolere

218 886 256 943 et
273 883 386 959 posset,
410 881 451 944 10
472 878 669 958 dimitrnliter,
693 883 731 945 ll
750 900 863 961 prope,
888 881 929 945 14
949 879 983 943 in
1004 879 1125 959 animo,
1149 883 1190 948 16
1212 881 1302 960 dicei,

219 991 294 1051 tum
325 986 457 1052 maxime
488 987 519 1052 in
547 986 668 1053 infinita
696 990 835 1070 quadam
862 988 1117 1071 interpolatione,
1151 1007 1221 1054 cum
1247 998 1304 1055 aut

221 1111 318 1159 voces
339 1094 475 1159 librariis
498 1102 665 1160 consuetae
686 1115 744 1177 pro
767 1097 869 1163 minus
892 1095 974 1160 tritis
997 1095 1230 1161 substituuntur
1247 1098 1303 1177 (15

213 1199 405 1284 pmoulpotc
423 1219 481 1283 pro
494 1203 680 1285 noncupato)
693 1202 761 1283 ‘aut
783 1210 944 1268 structura
961 1203 1113 1268 orationis
1136 1210 1168 1268 et
1189 1204 1220 1268 vi
1241 1223 1303 1269 non

222 1321 406 1389 perspecta,
429 1309 528 1374 verba
549 1317 709 1376 mutantur
731 1312 766 1392 (5
788 1310 875 1375 velim
896 1310 1021 1391 definire
1043 1330 1101 1391 pro
1122 1310 1210 1374 velim
1231 1311 1303 1392 daria

222 1414 306 1492 mas,
330 1417 369 1481 18
390 1415 482 1494 docet,
503 1416 568 1481 molt
588 1455 615 1464 —
631 1417 772 1500 disiinpoi
793 1437 851 1500 pro
873 1417 975 1482 docco
995 1417 1068 1495 cult,
1081 1455 1122 1464 -
1140 1418 1303 1501 distinpoit,
1327 1461 1328 1465 =

222 1520 477 1602 maturauere,
494 1525 619 1592 sublata
630 1525 740 1608 figura,
751 1544 810 1606 pro
826 1526 853 1590 st'
869 1525 1022 1608 dividere),
1039 1527 1196 1591 interdum
1209 1527 1303 1592 etiam

229 1640 363 1712 propter
384 1640 519 1698 veterem
542 1634 697 1700 scribendi
719 1635 872 1699 rationem
897 1653 957 1698 nou
979 1634 1166 1700 intellectam
1189 1634 1243 1716 (17
1266 1634 1306 1698 sit

223 1759 284 1822 pro
307 1741 377 1817 sint,
400 1743 484 1821 quod
506 1742 603 1805 ononis
618 1742 786 1820 singularis
807 1742 926 1807 numeri
944 1760 1014 1807 esse
1030 1742 1225 1824 putabatur),
1247 1749 1305 1808 eut
1380 1724 1384 1734 ¹

223 1867 328 1930 prava
344 1849 538 1914 correctione
559 1849 753 1914 occultantur
771 1851 893 1927 menda,
916 1850 1031 1931 partim
1049 1868 1130 1931 quae
1148 1849 1181 1913 in
1198 1851 1304 1915 codice

223 1954 399 2038 archetypo
432 1963 523 2021 erant
555 1965 587 2020 et
618 1957 650 2021 in
679 1958 857 2023 melioribus
885 1957 1043 2023 codicibus
1071 1964 1198 2021 servata
1231 1966 1305 2021 sunt

225 2067 262 2144 (o
285 2064 374 2146 quasi
396 2062 464 2146 qtc‘s
485 2083 544 2145 pro
567 2065 635 2146 qaas
657 2066 746 2146 pacati
768 2085 806 2129 ex
828 2064 896 2147 quas
917 2084 1037 2146 quaem,
1060 2065 1079 2128 8
1101 2062 1223 2126 hiarcrtt
1244 2082 1303 2146 pro

224 2171 365 2235 Maratnr
387 2169 603 2249 exhilaretur,
628 2175 668 2238 16
690 2172 810 2253 amdam
832 2191 891 2253 pro
912 2171 991 2235 idem
1012 2191 1050 2237 ex
1071 2172 1164 2252 dem),
1189 2172 1304 2253 partim

225 2299 310 2361 quae
331 2280 363 2344 in
387 2281 499 2344 horum
521 2280 660 2345 codicum
683 2281 824 2361 principe
848 2287 924 2345 nata
945 2288 1036 2344 erant
1057 2280 1111 2360 (Π,
1135 2279 1176 2344 26
1199 2286 1231 2343 et
1251 2281 1303 2358 30,

225 2386 294 2464 nbi,
322 2406 416 2468 qnam
438 2388 587 2452 audacter
609 2387 713 2452 omnia
736 2406 828 2453 versa
850 2388 927 2466 sint,
956 2405 1024 2451 cum
1048 2388 1142 2454 semel
1165 2394 1303 2453 erratum

224 2502 327 2573 esset,
350 2494 506 2560 declaravi
528 2495 559 2559 in
582 2495 689 2575 notis).
734 2497 837 2576 Atque
859 2495 953 2561 etiarn
976 2513 1083 2560 eorum
1106 2493 1303 2560 additamen-

226 2610 346 2680 torum,
369 2620 450 2684 quae
471 2602 558 2667 initio
579 2603 685 2683 posui,
708 2603 769 2668 alia
792 2602 944 2668 eiusmodi
967 2612 1054 2683 sunt,
1082 2610 1117 2666 ut
1138 2602 1180 2667 ad
1202 2603 1305 2682 ipsam

226 2710 345 2775 codicis
362 2709 524 2791 archetypi
541 2710 729 2792 scripturam
747 2711 845 2776 verba
861 2711 983 2776 adiecta
1001 2729 1071 2775 esse
1087 2716 1203 2791 pateat
1221 2710 1306 2775 velut

226 2818 268 2896 11,
292 2819 342 2897 12,
367 2819 406 2882 17
428 2818 495 2896 (ubi
515 2817 612 2881 dicere
633 2819 774 2884 additum
796 2827 845 2884 est
866 2819 1009 2885 oratione
1032 2818 1112 2883 male
1135 2817 1306 2898 distincta),

230 2926 280 3003 19,
303 2925 366 2989 alia
388 2925 547 3002 eiusmodi,
571 2934 607 2990 ut
629 2932 693 2991 tum
716 2928 839 2991 demum
863 2926 949 2992 nasci
970 2925 1139 3007 potuerint
1162 2943 1230 2988 curn
1253 2942 1305 2987 cc·

227 3034 305 3097 dicis
328 3033 491 3114 archetypi
513 3034 679 3115 scriptura,
702 3054 784 3114 quae
806 3035 836 3098 in
860 3034 1038 3098 melioribus
1061 3042 1213 3113 superest,
1237 3049 1305 3095 cor·

228 3147 323 3222 rupta
345 3149 442 3218 esset,
473 3146 508 3204 ut
535 3160 604 3206 cum
626 3143 673 3220 ll,
695 3142 737 3206 44
760 3161 817 3222 pro
839 3141 899 3205 nisi
921 3141 1071 3222 scriptum
1094 3144 1178 3205 esset
1199 3136 1250 3201 nin
1271 3138 1305 3213 si,

172 3278 178 3292 ·-
227 3247 300 3311 hinc
324 3256 397 3312 nata
419 3254 468 3313 est
489 3250 654 3329 apodosis:
677 3253 764 3312 tntum
786 3255 830 3313 cst
850 3254 886 3313 ut
906 3268 1056 3330 suppone.

312 3356 383 3420 Hae
401 3362 475 3420 sunt
490 3356 585 3437 igitur
602 3357 683 3421 durae
700 3358 840 3421 codicum
858 3356 1002 3434 familiae,
1025 3356 1107 3420 inter
1125 3373 1204 3435 quas
1227 3373 1305 3435 pau·

228 3481 282 3527 cos
300 3465 452 3543 quosdam
470 3465 591 3529 codices
609 3465 654 3529 ita
667 3465 844 3530 interiectos
857 3483 927 3529 esse
944 3464 1036 3546 paulo
1049 3469 1123 3545 post
1134 3463 1305 3538 ostendam,

229 3583 265 3634 ut
286 3579 389 3636 tamen
414 3571 510 3636 multo
534 3572 663 3653 propius
680 3574 720 3637 ad
739 3572 911 3663 deteriores
929 3573 1088 3636 accedant
1122 3570 1158 3633 ln
1178 3569 1306 3633 meliore

154 3702 157 3707 ·
229 3679 370 3743 codicum
397 3677 515 3744 familia
537 3687 611 3743 sunt
632 3680 793 3744 Palatina
822 3680 955 3760 primun,
990 3677 1207 3758 ErlaugensiS,
1236 3676 1305 3757 Spi-

230 3787 346 3862 rensis,
370 3786 555 3869 [Vaticanus
578 3787 670 3864 alter,
693 3786 749 3871 B‚]
774 3787 815 3866 is,
845 3787 951 3868 quiin
974 3786 1114 3864 margine
1137 3783 1306 3848 Cratandri

230 3894 417 3974 appellatur,
440 3894 642 3971 Mordiacus,
666 3895 884 3977 Scaligeranus
904 3895 949 3976 (in
974 3913 1034 3975 quo
1057 3900 1160 3957 tamen
1184 3890 1307 3972 quasit

231 4001 374 4065 cautione
396 4003 559 4080 utendum,
583 4004 646 4067 dixi
669 4005 719 4086 §l
742 4003 799 4084 D),
823 4002 1042 4067 Gronovianus
1064 3999 1173 4081 patris.
1187 4000 1214 4077 ¹)
1258 3997 1306 4062 De

259 4259 280 4319 ¹)
300 4257 359 4308 Obr.
380 4258 499 4310 Gliaulue
519 4264 544 4310 ln
565 4261 674 4323 epistula
694 4259 804 4322 quadam
823 4259 854 4308 nd
872 4257 1196 4321 Scaligernmtssurmanui
1213 4253 1306 4316 Syllog.

298 4344 371 4394 l'om.
383 4343 403 4393 ll
422 4344 505 4406 p.30l
526 4350 549 4393 et
568 4343 629 4407 308)
649 4359 679 4394 ex
697 4344 776 4394 lmine
795 4347 897 4408 generis
917 4343 1005 4393 codice
1025 4340 1150 4391 nonnulla
1170 4339 1273 4403 profert.
