3030 5086
241 517 243 523 -
278 471 344 536 466
612 489 620 508 ’
671 488 717 535 ns
740 487 870 536 amisus
893 488 965 534 sou.

279 657 450 736 aiustitia,
472 656 513 720 ad
535 675 629 737 quam
651 657 717 720 nati
739 674 810 721 esse
831 656 1007 734 videamur,
1030 654 1198 721 detrahere
1220 653 1297 735 quid
1319 654 1365 719 de
1403 711 1407 719 .

279 758 396 839 aliquo,
431 759 514 839 quod
547 759 606 823 sibi
638 765 786 823 assumat.
842 757 968 823 Minime
996 775 1069 823 vero
1102 755 1255 837 probatur
1287 754 1364 819 huic

279 860 477 940 disciplinae,
511 861 551 925 de
584 879 647 941 qua
678 860 805 941 loquor,
838 866 895 924 aut
925 860 1075 925 iustitiam
1109 866 1166 923 aut
1191 857 1364 921 amicitiam

279 966 410 1042 propter
438 962 588 1026 utilitates
616 961 726 1026 ascisci
753 969 810 1026 aut
831 962 966 1042 probari.
1011 961 1148 1025 Eaedem
1170 959 1251 1024 enim
1273 958 1362 1024 utili·

239 1067 362 1132 btates
394 1069 543 1144 poterunt
575 1082 630 1127 ess
656 1061 848 1128 labefactare
875 1072 970 1144 atque
996 1069 1185 1143 pervertere.
1234 1060 1364 1125 Etenim

354 1240 372 1280 1.
392 1233 423 1281 ab
437 1232 527 1281 r‘ustitia
538 1234 580 1280 Or.
610 1239 631 1280 3.
653 1231 778 1299 [iusticiam
794 1242 835 1281 aut
852 1233 983 1281 amiciciam
996 1231 1029 1298 A]
1050 1231 1178 1281 amr'cr'tiam
1192 1229 1363 1280 autiuetitiam

280 1300 442 1351 LPMCttor.
480 1308 502 1352 4,
524 1300 614 1366 [eadem
633 1301 662 1366 A]
699 1301 758 1350 euim
776 1300 908 1364 voluptates
928 1302 1024 1350 PMCR

279 1456 381 1512 eodem
416 1458 512 1514 modo.
568 1453 626 1536 [Ab
659 1461 759 1514 iustitia
793 1467 952 1514 annotatur
985 1477 1000 1514 e
1030 1458 1125 1532 Spin,
1159 1458 1198 1512 od
1229 1458 1363 1512 iustitiam

171 1538 175 1548 '
279 1540 358 1600 Gud.
387 1544 400 1598 l
426 1550 455 1598 et
478 1544 546 1599 Bas.
594 1542 652 1600 Sed
675 1543 794 1600 ABErl.
816 1563 833 1598 a
856 1539 980 1620 iustitia]

364 1629 505 1684 detrahere
527 1629 595 1701 quid
616 1630 650 1684 de
670 1630 775 1702 aliquo)
799 1628 872 1695 Quid
884 1629 1024 1684 Davisius
1041 1628 1070 1683 in
1090 1628 1173 1684 Parr.
1192 1625 1280 1682 lst3
1299 1642 1362 1680 non

267 1729 343 1768 esse
373 1713 463 1778 tradit
495 1724 525 1768 st
553 1714 656 1769 abesse
686 1713 763 1781 vult,
799 1714 921 1769 Beierns
949 1714 985 1768 ad
1015 1711 1072 1771 Off.
1097 1713 1159 1778 ΙΙΙ,
1185 1713 1223 1766 ‘2⁶2
1248 1730 1277 1785 p.
1296 1711 1360 1765 219

279 1796 367 1853 etiam
391 1797 453 1854 sine
476 1797 560 1855 libris
583 1798 746 1854 eiciendum
770 1797 861 1854 inisse
883 1809 975 1874 putat,
999 1798 1098 1854 nescio
1121 1815 1182 1864 cur,
1207 1795 1263 1852 nisi
1280 1793 1363 1850 forte

279 1883 347 1956 quid
370 1902 422 1956 pro
445 1885 586 1957 quidpiam
603 1883 645 1938 sic
662 1883 808 1940 infinitivo
825 1884 955 1939 iunctum
975 1902 1031 1938 non
1051 1883 1178 1939 tulerunt
1198 1891 1249 1936 aut
1265 1879 1362 1952 (quod

278 1966 315 2023 de
340 1968 445 2024 Beiero
468 1968 613 2043 suspicor)
638 1969 666 2024 in
690 1969 820 2043 generali
840 1968 1005 2025 huiusmodi
1026 1968 1144 2032 iudicio,
1170 1985 1228 2040 quo
1245 1963 1362 2037 aliquid

279 2052 463 2126 improbetur
486 2055 611 2127 (alienum
640 2063 679 2109 est
706 2072 724 2109 a
746 2056 835 2126 inst),
866 2055 1007 2110 detrahere
1028 2055 1179 2127 quidquam
1201 2050 1359 2107 dicendum

279 2147 429 2213 putarunt,
453 2138 696 2212 quemadmodum
722 2139 810 2212 paulo
833 2147 901 2212 post
922 2140 1003 2212 (71),
1027 2138 1076 2194 ubi
1100 2149 1158 2194 cst:
1181 2139 1296 2193 ebenum
1318 2144 1362 2191 est

278 2243 295 2278 a
318 2226 436 2297 sapiente
458 2243 509 2279 non
531 2225 609 2279 modo
630 2226 756 2279 iniurium
778 2227 822 2280 cui
836 2225 946 2296 secere,
979 2223 1138 2280 Lambinus
1161 2221 1279 2297 scripsit
1300 2223 1360 2276 arri·

279 2326 374 2381 quom3
398 2327 465 2364 nam
490 2308 614 2364 dicimus
637 2307 707 2384 [Gr.
733 2309 798 2365 Lat.
821 2313 836 2377 §
860 2310 920 2364 494
946 2305 979 2385 b]
1001 2312 1121 2382 iniquum
1143 2327 1215 2373 esse,
1238 2323 1362 2362 sumptae

278 2397 450 2465 arroqantiae
477 2412 547 2462 esse,
582 2413 743 2467 quemquam
763 2397 860 2465 facere
886 2396 992 2466 aliquid
1019 2396 1088 2464 (non
1119 2392 1195 2467 quod
1227 2389 1359 2467 negativi

278 2473 438 2551 quidquam
462 2478 514 2548 sit,
539 2488 571 2534 ut
595 2479 842 2552 Stnersnbnrgins
865 2479 900 2533 nd
925 2477 982 2536 Off.
1007 2498 1034 2553 p.
1054 2480 1114 2534 ‘219
1138 2478 1301 2553 opinatur).
1328 2475 1359 2530 in

278 2580 337 2636 qno
360 2581 467 2638 genere
492 2564 616 2637 turpiter
640 2561 733 2621 Gaius
756 2575 786 2619 et
807 2565 896 2619 ceteri
916 2564 1095 2620 recentiores
1113 2563 1187 2638 lapsi
1205 2571 1282 2630 sunt,
1305 2559 1359 2633 qui

278 2648 326 2705 ΙΙΙ
350 2649 440 2724 Legg.
467 2649 504 2704 18
528 2649 722 2722 scripserunt:
751 2650 818 2704 nibil
844 2669 901 2705 esse
929 2654 1034 2724 turpius
1062 2668 1144 2723 quam
1166 2649 1360 2721 quempiam

279 2735 365 2806 seqare·
393 2736 446 2790 uisi
471 2737 512 2789 rei
533 2734 658 2808 publicae
684 2753 783 2795 causo,
817 2750 882 2790 cum
913 2745 992 2791 reete
1021 2733 1158 2790 ederetur
1185 2750 1358 2806 quemquam.

279 2819 390 2876 Verum
419 2819 475 2875 hoc
498 2820 625 2894 pertinet
653 2819 691 2874 ad
719 2818 881 2875 subiectum
911 2819 1075 2875 sententiae
1102 2818 1248 2886 infinitae,
1277 2815 1359 2890 quod

278 2904 415 2978 generale
438 2913 497 2971 est;
525 2905 686 2972 obiectum,
717 2904 794 2977 quod
817 2903 943 2979 simplici
966 2904 1112 2960 infinitivo
1134 2903 1267 2971 additur,
1290 2918 1360 2976 spe-

278 2987 352 3044 ciale
376 2999 421 3044 est
443 2989 596 3060 (detrahere
619 2991 666 3045 lroc
689 2991 729 3044 uel
750 2991 819 3045 illud
841 2991 926 3061 eet),
950 2999 1088 3063 recteque
1111 2988 1254 3045 retinetur
1276 2988 1359 3061 quid·
1390 3030 1394 3034 .

274 3077 350 3148 pium
362 3083 414 3130 sut
430 3075 537 3148 aliquid
548 3083 607 3142 aut,
626 3091 700 3146 quae
718 3074 893 3148 significatio
912 3075 1031 3131 minime
1049 3075 1085 3130 ad
1103 3092 1220 3130 sensnm
1238 3071 1360 3138 eminet,

278 3161 354 3232 quid,
378 3167 411 3214 ut
432 3160 463 3216 11
482 3159 721 3215 delituerat:
745 3179 790 3215 uec
806 3165 918 3231 frustra
940 3179 973 3215 ac
995 3163 1051 3215 sine
1073 3178 1157 3215 eausa
1173 3161 1269 3232 facere
1290 3158 1361 3231 quid

278 3245 388 3316 di'qnum
410 3246 459 3300 deo
481 3255 528 3300 est.
573 3245 677 3317 Itaque
701 3255 779 3299 recte
798 3244 846 3300 Ill
859 3243 917 3302 Off.
933 3247 971 3301 26
997 3243 1245 3318 Stuerenburgius
1262 3245 1361 3316 facere

278 3332 394 3403 cuipiam
417 3332 542 3386 iniurium
565 3329 665 3385 edidit.
710 3329 896 3403 Omninoque
925 3330 1043 3405 saepius
1072 3330 1143 3385 haec
1171 3327 1268 3385 forme
1290 3345 1359 3401 pro·

279 3413 405 3470 nominis
428 3414 476 3469 sic·
494 3415 621 3488 ponitur,
645 3414 695 3469 ubi
718 3414 830 3470 notioni
855 3415 978 3489 primum
1003 3415 1180 3471 affirmative
1198 3422 1228 3470 et
1244 3412 1360 3469 infinite

279 3509 438 3572 conceptas
461 3499 631 3575 adiungitur
653 3500 779 3572 negatio,
804 3509 835 3555 ut
858 3500 914 3556 hoc
931 3519 1019 3575 opere
1040 3502 1077 3567 V,
1091 3501 1146 3556 35:
1169 3510 1198 3555 ut
1219 3517 1266 3554 uec
1287 3497 1362 3553 absit

278 3585 346 3657 quid
368 3603 457 3640 eorum
479 3604 525 3640 nec
547 3604 656 3655 oeqrum
679 3585 875 3640 debr'litotumve
896 3591 946 3648 citt
970 3586 1005 3640 ad
1030 3587 1094 3641 Au.
1119 3586 1154 3651 V,
1183 3588 1229 3648 11,
1255 3585 1289 3639 t:
1312 3601 1362 3638 mec

279 3669 424 3725 1111111111ιὶ1
447 3670 538 3732 lateo,
561 3671 635 3742 quod
655 3671 746 3725 adbuc
768 3688 845 3742 quem
865 3689 985 3726 accersere
1002 3689 1133 3737 meorum3
1156 3666 1214 3726 Off.
1229 3668 1287 3735 ΙΙΙ,
1302 3668 1359 3723 30:

279 3775 329 3809 riou
353 3757 438 3825 ruaqr's
457 3764 495 3809 est
511 3764 604 3810 contra
622 3765 745 3809 eruturum
764 3756 872 3810 morbus
888 3766 936 3810 out
953 3766 1055 3827 eqestos
1071 3765 1119 3811 aut
1136 3756 1203 3828 quid
1219 3754 1360 3809 eiusmodi.

279 3836 374 3918 [Suet.
389 3841 458 3896 Ner.
473 3841 527 3894 40:
544 3859 594 3894 nori
612 3840 756 3895 rescribere
767 3843 901 3913 cuiquam,
920 3860 971 3896 uon
987 3843 1119 3896 muntiare
1135 3841 1203 3913 quid
1218 3849 1359 3912 1111111111-

278 3929 371 3998 cipere.
419 3924 478 3982 Cir.
507 3927 613 3998 aliqru'd
640 3926 653 3981 1
683 3924 719 3979 de
742 3924 824 3981 Orat.
853 3928 904 3989 14,
935 3927 1018 3982 Verr.
1043 3927 1080 3990 V,
1109 3926 1177 3991 161,
1201 3943 1254 3998 pro
1277 3925 1357 3981 Sest.

280 4011 334 4074 32,
359 4011 395 4064 ad
420 4010 500 4066 Fam.
525 4012 564 4075 Χ,
593 4013 617 4075 1,
640 4005 683 4088 1.]
729 4010 809 4066 Satis
832 4021 964 4084 apparet„
988 4011 1059 4066 haec
1082 4028 1140 4065 non
1163 4020 1297 4083 spectare
1320 4008 1359 4063 ad

279 4094 492 4150 defendendum
517 4095 588 4151 illud
612 4096 644 4151 Il
667 4097 757 4168 Legg.
785 4098 839 4150 66:
868 4098 951 4151 troluit
978 4099 1045 4170 quid
1072 4099 1168 4161 statari,
1198 4095 1248 4150 nbi
1277 4102 1359 4150 recte

280 4180 440 4235 Lanilrinus
469 4183 626 4254 quidquem.
673 4181 767 4236 Paulo
802 4192 867 4254 post
901 4184 1005 4237 eaedem
1039 4184 1187 4255 colruptates
1220 4198 1277 4236 non
1312 4183 1360 4248 (ut

279 4264 409 4322 Orellins
438 4265 491 4335 ait)
514 4284 589 4321 unus
617 4265 681 4321 cod.
707 4276 793 4321 notus
817 4277 846 4320 et
869 4266 913 4322 ed.
940 4267 1033 4329 Vict,
1063 4266 1114 4322 sed
1138 4264 1214 4322 Pali.
1239 4274 1360 4340 praeter

280 4360 352 4408 tros.
388 4349 467 4407 Oxx.
499 4369 615 4413 omnes,
650 4350 794 4406 editiones
823 4361 891 4406 ante
920 4351 1110 4417 Lambinum:
1144 4353 1271 4407 utilitates
1300 4368 1358 4424 mg.

280 4433 374 4501 Crat,
399 4435 473 4491 Pati.
500 4446 573 4504 tres,
604 4437 688 4493 Parr.
718 4439 747 4498 1,
773 4436 805 4503 3,
836 4436 949 4504 Mead.,
974 4432 1040 4516 [B].
1087 4433 1185 4516 [Quae
1208 4435 1359 4512 Reisigius
