<?xml version="1.0" encoding="UTF-8"?>
<!DOCTYPE html PUBLIC "-//W3C//DTD XHTML 1.0 Transitional//EN"
    "http://www.w3.org/TR/xhtml1/DTD/xhtml1-transitional.dtd">
<html xmlns="http://www.w3.org/1999/xhtml" xml:lang="en" lang="en">
 <head>
  <title>
</title>
<meta http-equiv="Content-Type" content="text/html;charset=utf-8" />
  <meta name='ocr-system' content='tesseract 3.04.00' />
  <meta name='ocr-capabilities' content='ocr_page ocr_carea ocr_par ocr_line ocrx_word'/>
</head>
<body>
  <div class='ocr_page' id='page_1' title='image "./mtulliiciceroni35cicegoog_0311.png"; bbox 0 0 3030 5086; ppageno 0'>
   <div class='ocr_carea' id='block_1_1' title="bbox 328 468 1020 535">
    <p class='ocr_par' dir='ltr' id='par_1_1' title="bbox 328 468 1020 535">
     <span class='ocr_line' id='line_1_1' title="bbox 328 468 1020 535; baseline 0.003 -2"><span class='ocrx_word' id='word_1_1' title='bbox 328 468 402 533; x_wconf 80' lang='grc'><strong>’210</strong></span> <span class='ocrx_word' id='word_1_2' title='bbox 727 487 772 533; x_wconf 84' lang='lat' dir='ltr'>nn</span> <span class='ocrx_word' id='word_1_3' title='bbox 794 486 927 535; x_wconf 80' lang='lat' dir='ltr'>sturnos</span> <span class='ocrx_word' id='word_1_4' title='bbox 948 487 1020 535; x_wconf 84' lang='lat' dir='ltr'>aon.</span> 
     </span>
    </p>
   </div>
   <div class='ocr_carea' id='block_1_2' title="bbox 277 654 1421 1755">
    <p class='ocr_par' dir='ltr' id='par_1_2' title="bbox 277 654 1421 1755">
     <span class='ocr_line' id='line_1_2' title="bbox 338 654 1421 739; baseline 0.006 -21"><span class='ocrx_word' id='word_1_5' title='bbox 338 655 420 733; x_wconf 87' lang='lat' dir='ltr'>Quid</span> <span class='ocrx_word' id='word_1_6' title='bbox 436 654 576 719; x_wconf 91' lang='lat' dir='ltr'>iudicant</span> <span class='ocrx_word' id='word_1_7' title='bbox 592 656 724 720; x_wconf 82' lang='lat' dir='ltr'>seusus?</span> <span class='ocrx_word' id='word_1_8' title='bbox 745 655 853 734; x_wconf 84' lang='lat' dir='ltr'>Dulce,</span> <span class='ocrx_word' id='word_1_9' title='bbox 870 674 1021 734; x_wconf 86' lang='lat' dir='ltr'>amarum,</span> <span class='ocrx_word' id='word_1_10' title='bbox 1037 656 1114 737; x_wconf 82' lang='lat' dir='ltr'>leve,</span> <span class='ocrx_word' id='word_1_11' title='bbox 1129 674 1288 739; x_wconf 89' lang='lat' dir='ltr'>asperum,</span> <span class='ocrx_word' id='word_1_12' title='bbox 1304 674 1421 739; x_wconf 84' lang='lat' dir='ltr'>prope,</span> 
     </span>
     <span class='ocr_line' id='line_1_3' title="bbox 336 756 1418 841; baseline 0.004 -20"><span class='ocrx_word' id='word_1_13' title='bbox 336 756 441 837; x_wconf 80' lang='lat' dir='ltr'>longe,</span> <span class='ocrx_word' id='word_1_14' title='bbox 464 766 563 835; x_wconf 88' lang='lat' dir='ltr'>stare,</span> <span class='ocrx_word' id='word_1_15' title='bbox 585 775 726 836; x_wconf 83' lang='lat' dir='ltr'>movere,</span> <span class='ocrx_word' id='word_1_16' title='bbox 748 758 952 837; x_wconf 83' lang='lat' dir='ltr'>quadratum,</span> <span class='ocrx_word' id='word_1_17' title='bbox 976 760 1154 825; x_wconf 88' lang='lat' dir='ltr'>rotundum.</span> <span class='ocrx_word' id='word_1_18' title='bbox 1197 762 1249 827; x_wconf 80' lang='lat' dir='ltr'>et.</span> <span class='ocrx_word' id='word_1_19' title='bbox 1271 761 1418 841; x_wconf 80' lang='lat' dir='ltr'>Aequam</span> 
     </span>
     <span class='ocr_line' id='line_1_4' title="bbox 336 858 1419 945; baseline 0.004 -22"><span class='ocrx_word' id='word_1_20' title='bbox 336 858 431 941; x_wconf 80' lang='lat' dir='ltr'>igitur</span> <span class='ocrx_word' id='word_1_21' title='bbox 452 859 667 939; x_wconf 83' lang='lat' dir='ltr'>pronuntiabit</span> <span class='ocrx_word' id='word_1_22' title='bbox 688 859 872 924; x_wconf 87' lang='lat' dir='ltr'>sententiam</span> <span class='ocrx_word' id='word_1_23' title='bbox 896 860 993 941; x_wconf 88' lang='lat' dir='ltr'>ratio,</span> <span class='ocrx_word' id='word_1_24' title='bbox 1015 861 1156 927; x_wconf 84' lang='lat' dir='ltr'>adbibita</span> <span class='ocrx_word' id='word_1_25' title='bbox 1176 863 1312 945; x_wconf 88' lang='lat' dir='ltr'>primum</span> <span class='ocrx_word' id='word_1_26' title='bbox 1334 861 1419 927; x_wconf 81' lang='lat' dir='ltr'>divi-</span> 
     </span>
     <span class='ocr_line' id='line_1_5' title="bbox 337 961 1419 1046; baseline 0.004 -21"><span class='ocrx_word' id='word_1_27' title='bbox 337 980 449 1025; x_wconf 89' lang='lat' dir='ltr'>narum</span> <span class='ocrx_word' id='word_1_28' title='bbox 472 961 738 1042; x_wconf 89' lang='lat' dir='ltr'>humanarumque</span> <span class='ocrx_word' id='word_1_29' title='bbox 760 980 864 1025; x_wconf 89' lang='lat' dir='ltr'>rerum</span> <span class='ocrx_word' id='word_1_30' title='bbox 881 962 1020 1041; x_wconf 83' lang='lat' dir='ltr'>scientia,</span> <span class='ocrx_word' id='word_1_31' title='bbox 1041 982 1124 1045; x_wconf 85' lang='lat' dir='ltr'>quae</span> <span class='ocrx_word' id='word_1_32' title='bbox 1139 971 1245 1045; x_wconf 89' lang='lat' dir='ltr'>potest</span> <span class='ocrx_word' id='word_1_33' title='bbox 1259 962 1419 1046; x_wconf 84' lang='lat' dir='ltr'>appellari</span> 
     </span>
     <span class='ocr_line' id='line_1_6' title="bbox 297 1062 1419 1147; baseline 0.002 -18"><span class='ocrx_word' id='word_1_34' title='bbox 297 1063 397 1129; x_wconf 83' lang='lat' dir='ltr'>brite</span> <span class='ocrx_word' id='word_1_35' title='bbox 419 1062 582 1144; x_wconf 80' lang='lat' dir='ltr'>sapientia,</span> <span class='ocrx_word' id='word_1_36' title='bbox 605 1063 719 1129; x_wconf 72' lang='lat' dir='ltr'>ddude</span> <span class='ocrx_word' id='word_1_37' title='bbox 740 1063 895 1128; x_wconf 88' lang='lat' dir='ltr'>adiunctis</span> <span class='ocrx_word' id='word_1_38' title='bbox 915 1065 1092 1145; x_wconf 88' lang='lat' dir='ltr'>virtutibus,</span> <span class='ocrx_word' id='word_1_39' title='bbox 1114 1084 1193 1147; x_wconf 83' lang='lat' dir='ltr'>quas</span> <span class='ocrx_word' id='word_1_40' title='bbox 1208 1066 1291 1131; x_wconf 87' lang='lat' dir='ltr'>ratio</span> <span class='ocrx_word' id='word_1_41' title='bbox 1307 1084 1419 1133; x_wconf 84' lang='lat' dir='ltr'>rerum</span> 
     </span>
     <span class='ocr_line' id='line_1_7' title="bbox 336 1165 1420 1247; baseline 0.004 -18"><span class='ocrx_word' id='word_1_42' title='bbox 336 1165 472 1229; x_wconf 89' lang='lat' dir='ltr'>omnium</span> <span class='ocrx_word' id='word_1_43' title='bbox 494 1166 645 1239; x_wconf 88' lang='lat' dir='ltr'>dominas,</span> <span class='ocrx_word' id='word_1_44' title='bbox 668 1172 703 1229; x_wconf 93' lang='lat' dir='ltr'>tu</span> <span class='ocrx_word' id='word_1_45' title='bbox 725 1165 919 1247; x_wconf 84' lang='lat' dir='ltr'>voluptatum</span> <span class='ocrx_word' id='word_1_46' title='bbox 943 1167 1091 1233; x_wconf 72' lang='lat' dir='ltr'>satellites</span> <span class='ocrx_word' id='word_1_47' title='bbox 1113 1176 1144 1233; x_wconf 90' lang='lat' dir='ltr'>et</span> <span class='ocrx_word' id='word_1_48' title='bbox 1166 1168 1326 1233; x_wconf 79' lang='lat' dir='ltr'>ministras</span> <span class='ocrx_word' id='word_1_49' title='bbox 1344 1186 1420 1233; x_wconf 86' lang='lat' dir='ltr'>esse</span> 
     </span>
     <span class='ocr_line' id='line_1_8' title="bbox 337 1268 1417 1352; baseline 0.003 -22"><span class='ocrx_word' id='word_1_50' title='bbox 337 1268 475 1347; x_wconf 78' lang='lat' dir='ltr'>voluisti3</span> <span class='ocrx_word' id='word_1_51' title='bbox 493 1286 625 1347; x_wconf 89' lang='lat' dir='ltr'>quarum</span> <span class='ocrx_word' id='word_1_52' title='bbox 637 1269 716 1332; x_wconf 91' lang='lat' dir='ltr'>adeo</span> <span class='ocrx_word' id='word_1_53' title='bbox 730 1268 866 1332; x_wconf 91' lang='lat' dir='ltr'>omnium</span> <span class='ocrx_word' id='word_1_54' title='bbox 879 1269 1035 1334; x_wconf 89' lang='lat' dir='ltr'>sententia</span> <span class='ocrx_word' id='word_1_55' title='bbox 1046 1269 1261 1350; x_wconf 85' lang='lat' dir='ltr'>pronuntiabit</span> <span class='ocrx_word' id='word_1_56' title='bbox 1276 1270 1417 1352; x_wconf 92' lang='lat' dir='ltr'>primum</span> 
     </span>
     <span class='ocr_line' id='line_1_9' title="bbox 336 1369 1421 1453; baseline 0.003 -20"><span class='ocrx_word' id='word_1_57' title='bbox 336 1372 376 1434; x_wconf 92' lang='lat' dir='ltr'>de</span> <span class='ocrx_word' id='word_1_58' title='bbox 390 1371 572 1450; x_wconf 85' lang='lat' dir='ltr'>¹voluptate,</span> <span class='ocrx_word' id='word_1_59' title='bbox 596 1369 672 1433; x_wconf 90' lang='lat' dir='ltr'>nihil</span> <span class='ocrx_word' id='word_1_60' title='bbox 693 1388 763 1435; x_wconf 90' lang='lat' dir='ltr'>esse</span> <span class='ocrx_word' id='word_1_61' title='bbox 785 1370 814 1435; x_wconf 91' lang='lat' dir='ltr'>ei</span> <span class='ocrx_word' id='word_1_62' title='bbox 836 1370 908 1450; x_wconf 90' lang='lat' dir='ltr'>loci,</span> <span class='ocrx_word' id='word_1_63' title='bbox 931 1390 993 1436; x_wconf 91' lang='lat' dir='ltr'>non</span> <span class='ocrx_word' id='word_1_64' title='bbox 1015 1373 1108 1437; x_wconf 91' lang='lat' dir='ltr'>modo</span> <span class='ocrx_word' id='word_1_65' title='bbox 1131 1382 1165 1436; x_wconf 92' lang='lat' dir='ltr'>ut</span> <span class='ocrx_word' id='word_1_66' title='bbox 1187 1370 1256 1437; x_wconf 85' lang='lat' dir='ltr'>sola</span> <span class='ocrx_word' id='word_1_67' title='bbox 1276 1380 1421 1453; x_wconf 87' lang='lat' dir='ltr'>ponatur</span> 
     </span>
     <span class='ocr_line' id='line_1_10' title="bbox 336 1470 1417 1557; baseline 0.006 -24"><span class='ocrx_word' id='word_1_68' title='bbox 336 1471 366 1535; x_wconf 90' lang='lat' dir='ltr'>in</span> <span class='ocrx_word' id='word_1_69' title='bbox 389 1471 500 1535; x_wconf 87' lang='lat' dir='ltr'>summi</span> <span class='ocrx_word' id='word_1_70' title='bbox 523 1470 598 1535; x_wconf 95' lang='lat' dir='ltr'>boni</span> <span class='ocrx_word' id='word_1_71' title='bbox 620 1472 708 1550; x_wconf 88' lang='lat' dir='ltr'>sede,</span> <span class='ocrx_word' id='word_1_72' title='bbox 732 1490 825 1553; x_wconf 88' lang='lat' dir='ltr'>quam</span> <span class='ocrx_word' id='word_1_73' title='bbox 848 1473 1041 1553; x_wconf 80' lang='lat' dir='ltr'>quaerimus,</span> <span class='ocrx_word' id='word_1_74' title='bbox 1072 1474 1128 1538; x_wconf 90' lang='lat' dir='ltr'>sed</span> <span class='ocrx_word' id='word_1_75' title='bbox 1150 1491 1189 1538; x_wconf 93' lang='lat' dir='ltr'>ne</span> <span class='ocrx_word' id='word_1_76' title='bbox 1210 1473 1262 1537; x_wconf 88' lang='lat' dir='ltr'>illo</span> <span class='ocrx_word' id='word_1_77' title='bbox 1285 1474 1417 1557; x_wconf 87' lang='lat' dir='ltr'>quidem</span> 
     </span>
     <span class='ocr_line' id='line_1_11' title="bbox 277 1572 1419 1655; baseline 0.004 -18"><span class='ocrx_word' id='word_1_78' title='bbox 277 1574 320 1639; x_wconf 89' lang='lat' dir='ltr'>to</span> <span class='ocrx_word' id='word_1_79' title='bbox 336 1574 443 1643; x_wconf 77' lang='lat' dir='ltr'>niodo,</span> <span class='ocrx_word' id='word_1_80' title='bbox 474 1580 509 1636; x_wconf 91' lang='lat' dir='ltr'>ut</span> <span class='ocrx_word' id='word_1_81' title='bbox 535 1572 578 1635; x_wconf 91' lang='lat' dir='ltr'>ad</span> <span class='ocrx_word' id='word_1_82' title='bbox 605 1572 798 1637; x_wconf 84' lang='lat' dir='ltr'>honestatem</span> <span class='ocrx_word' id='word_1_83' title='bbox 821 1574 1003 1655; x_wconf 84' lang='lat' dir='ltr'>applicetur.</span> <span class='ocrx_word' id='word_1_84' title='bbox 1047 1576 1096 1639; x_wconf 88' lang='lat' dir='ltr'>De</span> <span class='ocrx_word' id='word_1_85' title='bbox 1118 1574 1274 1640; x_wconf 86' lang='lat' dir='ltr'>vacuitate</span> <span class='ocrx_word' id='word_1_86' title='bbox 1295 1575 1419 1641; x_wconf 88' lang='lat' dir='ltr'>doloris</span> 
     </span>
     <span class='ocr_line' id='line_1_12' title="bbox 337 1674 1421 1755; baseline 0.005 -17"><span class='ocrx_word' id='word_1_87' title='bbox 337 1675 445 1739; x_wconf 85' lang='lat' dir='ltr'>cadem</span> <span class='ocrx_word' id='word_1_88' title='bbox 469 1674 622 1739; x_wconf 88' lang='lat' dir='ltr'>sententia</span> <span class='ocrx_word' id='word_1_89' title='bbox 644 1675 711 1739; x_wconf 87' lang='lat' dir='ltr'>erit</span> <span class='ocrx_word' id='word_1_90' title='bbox 762 1676 811 1740; x_wconf 78' lang='lat'>38.</span> <span class='ocrx_word' id='word_1_91' title='bbox 839 1676 998 1740; x_wconf 88' lang='lat' dir='ltr'>Reicietur</span> <span class='ocrx_word' id='word_1_92' title='bbox 1019 1677 1111 1741; x_wconf 90' lang='lat' dir='ltr'>etiam</span> <span class='ocrx_word' id='word_1_93' title='bbox 1135 1676 1328 1755; x_wconf 82' lang='lat' dir='ltr'>Carneadea,</span> <span class='ocrx_word' id='word_1_94' title='bbox 1357 1694 1421 1743; x_wconf 88' lang='lat' dir='ltr'>neo</span> 
     </span>
    </p>
   </div>
   <div class='ocr_carea' id='block_1_3' title="bbox 333 1860 1420 2205">
    <p class='ocr_par' dir='ltr' id='par_1_3' title="bbox 333 1860 1420 2205">
     <span class='ocr_line' id='line_1_13' title="bbox 409 1860 1420 1925; baseline 0.005 -16"><span class='ocrx_word' id='word_1_95' title='bbox 409 1868 427 1911; x_wconf 92' lang='grc'>1.</span> <span class='ocrx_word' id='word_1_96' title='bbox 455 1860 519 1925; x_wconf 81' lang='lat' dir='ltr'>quod</span> <span class='ocrx_word' id='word_1_97' title='bbox 544 1860 666 1912; x_wconf 82' lang='lat' dir='ltr'>EPMCR</span> <span class='ocrx_word' id='word_1_98' title='bbox 708 1860 798 1911; x_wconf 82' lang='lat' dir='ltr'>indicet</span> <span class='ocrx_word' id='word_1_99' title='bbox 825 1877 911 1911; x_wconf 88' lang='lat' dir='ltr'>omnes</span> <span class='ocrx_word' id='word_1_100' title='bbox 957 1860 1006 1912; x_wconf 81' lang='lat' dir='ltr'>lene</span> <span class='ocrx_word' id='word_1_101' title='bbox 1033 1863 1219 1914; x_wconf 82' lang='lat' dir='ltr'>ELPMCROr.</span> <span class='ocrx_word' id='word_1_102' title='bbox 1273 1868 1298 1917; x_wconf 77' lang='lat'>2.</span> <span class='ocrx_word' id='word_1_103' title='bbox 1321 1880 1420 1914; x_wconf 76' lang='lat' dir='ltr'>menen</span> 
     </span>
     <span class='ocr_line' id='line_1_14' title="bbox 334 1928 1418 1997; baseline 0.004 -18"><span class='ocrx_word' id='word_1_104' title='bbox 334 1930 433 1979; x_wconf 80' lang='lat' dir='ltr'>stareE</span> <span class='ocrx_word' id='word_1_105' title='bbox 473 1928 550 1986; x_wconf 84' lang='lat' dir='ltr'>Quem</span> <span class='ocrx_word' id='word_1_106' title='bbox 567 1930 624 1993; x_wconf 90' lang='lat' dir='ltr'>(pro</span> <span class='ocrx_word' id='word_1_107' title='bbox 642 1938 754 1993; x_wconf 80' lang='lat' dir='ltr'>nequem)</span> <span class='ocrx_word' id='word_1_108' title='bbox 772 1945 866 1981; x_wconf 87' lang='lat' dir='ltr'>omnes.</span> <span class='ocrx_word' id='word_1_109' title='bbox 886 1932 929 1979; x_wconf 88' lang='lat' dir='ltr'>Or.</span> <span class='ocrx_word' id='word_1_110' title='bbox 967 1936 991 1984; x_wconf 77' lang='grc'>3.</span> <span class='ocrx_word' id='word_1_111' title='bbox 1006 1932 1116 1997; x_wconf 74' lang='lat' dir='ltr'>prinroli</span> <span class='ocrx_word' id='word_1_112' title='bbox 1143 1932 1300 1982; x_wconf 77' lang='lat' dir='ltr'>bumanorum</span> <span class='ocrx_word' id='word_1_113' title='bbox 1318 1931 1418 1983; x_wconf 66' lang='lat' dir='ltr'>drisim-</span> 
     </span>
     <span class='ocr_line' id='line_1_15' title="bbox 336 1998 1417 2063; baseline 0.003 -16"><span class='ocrx_word' id='word_1_114' title='bbox 336 2015 432 2062; x_wconf 83' lang='lat' dir='ltr'>rumque</span> <span class='ocrx_word' id='word_1_115' title='bbox 450 1998 524 2047; x_wconf 83' lang='lat' dir='ltr'>Pntn</span> <span class='ocrx_word' id='word_1_116' title='bbox 566 2002 587 2045; x_wconf 77' lang='lat'>⁵.</span> <span class='ocrx_word' id='word_1_117' title='bbox 608 1998 652 2047; x_wconf 80' lang='lat' dir='ltr'>rite</span> <span class='ocrx_word' id='word_1_118' title='bbox 674 2009 768 2063; x_wconf 83' lang='lat' dir='ltr'>transp.</span> <span class='ocrx_word' id='word_1_119' title='bbox 788 2008 847 2048; x_wconf 86' lang='lat' dir='ltr'>ante</span> <span class='ocrx_word' id='word_1_120' title='bbox 862 2008 939 2062; x_wconf 81' lang='lat' dir='ltr'>potest</span> <span class='ocrx_word' id='word_1_121' title='bbox 956 2000 978 2048; x_wconf 83' lang='lat' dir='ltr'>E</span> <span class='ocrx_word' id='word_1_122' title='bbox 1014 2000 1112 2049; x_wconf 60' lang='lat' dir='ltr'>omnem</span> <span class='ocrx_word' id='word_1_123' title='bbox 1132 2000 1250 2050; x_wconf 77' lang='lat' dir='ltr'>rermnR</span> <span class='ocrx_word' id='word_1_124' title='bbox 1291 2004 1313 2050; x_wconf 78' lang='grc'>6.</span> <span class='ocrx_word' id='word_1_125' title='bbox 1333 2000 1417 2049; x_wconf 65' lang='lat' dir='ltr'>miri·</span> 
     </span>
     <span class='ocr_line' id='line_1_16' title="bbox 333 2066 1419 2134; baseline 0.004 -19"><span class='ocrx_word' id='word_1_126' title='bbox 333 2069 401 2125; x_wconf 72' lang='lat' dir='ltr'>faras</span> <span class='ocrx_word' id='word_1_127' title='bbox 419 2068 477 2131; x_wconf 91' lang='lat' dir='ltr'>(pro</span> <span class='ocrx_word' id='word_1_128' title='bbox 494 2066 625 2129; x_wconf 69' lang='lat' dir='ltr'>mrbistrasl</span> <span class='ocrx_word' id='word_1_129' title='bbox 637 2068 656 2115; x_wconf 81' lang='lat'>1²</span> <span class='ocrx_word' id='word_1_130' title='bbox 674 2068 735 2129; x_wconf 77' lang='lat' dir='ltr'>(mg.</span> <span class='ocrx_word' id='word_1_131' title='bbox 754 2067 886 2130; x_wconf 75' lang='lat' dir='ltr'>mireserua</span> <span class='ocrx_word' id='word_1_132' title='bbox 903 2085 944 2116; x_wconf 75' lang='lat' dir='ltr'>aaa</span> <span class='ocrx_word' id='word_1_133' title='bbox 959 2068 1096 2134; x_wconf 72' lang='lat' dir='ltr'>mer-iserae)</span> <span class='ocrx_word' id='word_1_134' title='bbox 1133 2074 1155 2121; x_wconf 82' lang='lat' dir='ltr'>t.</span> <span class='ocrx_word' id='word_1_135' title='bbox 1172 2068 1281 2134; x_wconf 77' lang='lat' dir='ltr'>prrinoO</span> <span class='ocrx_word' id='word_1_136' title='bbox 1320 2074 1345 2117; x_wconf 87' lang='lat' dir='ltr'>tt</span> <span class='ocrx_word' id='word_1_137' title='bbox 1380 2078 1419 2119; x_wconf 77' lang='lat' dir='ltr'>est</span> 
     </span>
     <span class='ocr_line' id='line_1_17' title="bbox 336 2134 1073 2205; baseline 0.003 -20"><span class='ocrx_word' id='word_1_138' title='bbox 336 2150 431 2194; x_wconf 89' lang='lat' dir='ltr'>omnes,</span> <span class='ocrx_word' id='word_1_139' title='bbox 450 2134 494 2185; x_wconf 90' lang='lat' dir='ltr'>Or.</span> <span class='ocrx_word' id='word_1_140' title='bbox 530 2144 607 2185; x_wconf 84' lang='lat' dir='ltr'>eutem</span> <span class='ocrx_word' id='word_1_141' title='bbox 625 2138 682 2200; x_wconf 81' lang='lat' dir='ltr'>(pro</span> <span class='ocrx_word' id='word_1_142' title='bbox 701 2135 781 2201; x_wconf 84' lang='lat' dir='ltr'>etiem)</span> <span class='ocrx_word' id='word_1_143' title='bbox 800 2136 821 2184; x_wconf 79' lang='lat' dir='ltr'>li</span> <span class='ocrx_word' id='word_1_144' title='bbox 858 2136 1003 2202; x_wconf 82' lang='lat' dir='ltr'>[t&#39;nrniades</span> <span class='ocrx_word' id='word_1_145' title='bbox 1022 2138 1073 2205; x_wconf 67' lang='grc' dir='ltr'>ΑΙ]</span> 
     </span>
    </p>
   </div>
   <div class='ocr_carea' id='block_1_4' title="bbox 332 2308 1417 4515">
    <p class='ocr_par' dir='ltr' id='par_1_4' title="bbox 332 2308 1417 4254">
     <span class='ocr_line' id='line_1_18' title="bbox 423 2308 1417 2383; baseline 0.002 -18"><span class='ocrx_word' id='word_1_146' title='bbox 423 2309 473 2367; x_wconf 82' lang='grc'>37.</span> <span class='ocrx_word' id='word_1_147' title='bbox 514 2310 637 2383; x_wconf 83' lang='lat' dir='ltr'>Aequam</span> <span class='ocrx_word' id='word_1_148' title='bbox 659 2310 753 2383; x_wconf 75' lang='lat' dir='ltr'>ipitur)</span> <span class='ocrx_word' id='word_1_149' title='bbox 777 2308 902 2368; x_wconf 87' lang='lat' dir='ltr'>Secutus</span> <span class='ocrx_word' id='word_1_150' title='bbox 925 2330 988 2367; x_wconf 79' lang='lat' dir='ltr'>sitin</span> <span class='ocrx_word' id='word_1_151' title='bbox 1012 2320 1140 2368; x_wconf 84' lang='lat' dir='ltr'>veterem</span> <span class='ocrx_word' id='word_1_152' title='bbox 1165 2311 1417 2379; x_wconf 85' lang='lat' dir='ltr'>emendationem,</span> 
     </span>
     <span class='ocr_line' id='line_1_19' title="bbox 336 2394 1415 2469; baseline 0.005 -20"><span class='ocrx_word' id='word_1_153' title='bbox 336 2412 422 2468; x_wconf 90' lang='lat' dir='ltr'>quam</span> <span class='ocrx_word' id='word_1_154' title='bbox 446 2394 587 2450; x_wconf 81' lang='lat' dir='ltr'>Davisius</span> <span class='ocrx_word' id='word_1_155' title='bbox 617 2413 632 2450; x_wconf 93' lang='lat' dir='ltr'>e</span> <span class='ocrx_word' id='word_1_156' title='bbox 655 2394 723 2451; x_wconf 89' lang='lat' dir='ltr'>Par.</span> <span class='ocrx_word' id='word_1_157' title='bbox 748 2396 766 2451; x_wconf 84' lang='lat'><strong>3</strong></span> <span class='ocrx_word' id='word_1_158' title='bbox 797 2395 919 2469; x_wconf 85' lang='lat' dir='ltr'>protulit</span> <span class='ocrx_word' id='word_1_159' title='bbox 942 2414 1075 2469; x_wconf 87' lang='lat' dir='ltr'>quaeque</span> <span class='ocrx_word' id='word_1_160' title='bbox 1098 2396 1193 2453; x_wconf 87' lang='lat' dir='ltr'>estin</span> <span class='ocrx_word' id='word_1_161' title='bbox 1216 2396 1262 2453; x_wconf 83' lang='lat' dir='ltr'>ed.</span> <span class='ocrx_word' id='word_1_162' title='bbox 1285 2399 1415 2454; x_wconf 85' lang='lat' dir='ltr'>Ascens.</span> 
     </span>
     <span class='ocr_line' id='line_1_20' title="bbox 335 2478 1416 2557; baseline 0.005 -23"><span class='ocrx_word' id='word_1_163' title='bbox 335 2488 366 2534; x_wconf 85' lang='lat' dir='ltr'>et</span> <span class='ocrx_word' id='word_1_164' title='bbox 387 2478 467 2537; x_wconf 83' lang='lat' dir='ltr'>Crat.</span> <span class='ocrx_word' id='word_1_165' title='bbox 512 2479 589 2535; x_wconf 89' lang='lat' dir='ltr'>Nam</span> <span class='ocrx_word' id='word_1_166' title='bbox 613 2479 745 2536; x_wconf 87' lang='lat' dir='ltr'>codicum</span> <span class='ocrx_word' id='word_1_167' title='bbox 774 2480 920 2555; x_wconf 80' lang='lat' dir='ltr'>scriptura</span> <span class='ocrx_word' id='word_1_168' title='bbox 948 2483 1047 2555; x_wconf 85' lang='lat' dir='ltr'>(quam</span> <span class='ocrx_word' id='word_1_169' title='bbox 1077 2481 1119 2538; x_wconf 90' lang='lat' dir='ltr'>sie</span> <span class='ocrx_word' id='word_1_170' title='bbox 1146 2481 1416 2557; x_wconf 77' lang='lat' dir='ltr'>interpungebant:</span> 
     </span>
     <span class='ocr_line' id='line_1_21' title="bbox 340 2564 1414 2641; baseline 0.005 -23"><span class='ocrx_word' id='word_1_171' title='bbox 340 2565 429 2631; x_wconf 73' lang='lat' dir='ltr'>Qucum</span> <span class='ocrx_word' id='word_1_172' title='bbox 441 2595 481 2605; x_wconf 92' lang='grc'>-</span> <span class='ocrx_word' id='word_1_173' title='bbox 495 2567 583 2619; x_wconf 73' lang='lat' dir='ltr'>ratio?</span> <span class='ocrx_word' id='word_1_174' title='bbox 612 2564 743 2621; x_wconf 78' lang='lat' dir='ltr'>Adhibita</span> <span class='ocrx_word' id='word_1_175' title='bbox 754 2568 822 2638; x_wconf 89' lang='lat' dir='ltr'>cet.)</span> <span class='ocrx_word' id='word_1_176' title='bbox 835 2584 977 2622; x_wconf 87' lang='lat' dir='ltr'>summam</span> <span class='ocrx_word' id='word_1_177' title='bbox 991 2565 1212 2641; x_wconf 76' lang='lat' dir='ltr'>perversitatem</span> <span class='ocrx_word' id='word_1_178' title='bbox 1226 2566 1324 2636; x_wconf 87' lang='lat' dir='ltr'>habet,</span> <span class='ocrx_word' id='word_1_179' title='bbox 1342 2584 1414 2623; x_wconf 84' lang='lat' dir='ltr'>curn</span> 
     </span>
     <span class='ocr_line' id='line_1_22' title="bbox 336 2648 1416 2725; baseline 0.002 -18"><span class='ocrx_word' id='word_1_180' title='bbox 336 2648 441 2707; x_wconf 85' lang='lat' dir='ltr'>Cicero</span> <span class='ocrx_word' id='word_1_181' title='bbox 469 2648 643 2705; x_wconf 88' lang='lat' dir='ltr'>sententiam</span> <span class='ocrx_word' id='word_1_182' title='bbox 673 2668 690 2706; x_wconf 89' lang='lat' dir='ltr'>a</span> <span class='ocrx_word' id='word_1_183' title='bbox 718 2649 827 2725; x_wconf 86' lang='lat' dir='ltr'>duplici</span> <span class='ocrx_word' id='word_1_184' title='bbox 856 2650 986 2707; x_wconf 88' lang='lat' dir='ltr'>ablativo</span> <span class='ocrx_word' id='word_1_185' title='bbox 1014 2652 1151 2708; x_wconf 86' lang='lat' dir='ltr'>absoluto</span> <span class='ocrx_word' id='word_1_186' title='bbox 1184 2670 1269 2709; x_wconf 89' lang='lat' dir='ltr'>orsus</span> <span class='ocrx_word' id='word_1_187' title='bbox 1302 2651 1416 2719; x_wconf 87' lang='lat' dir='ltr'>subito,</span> 
     </span>
     <span class='ocr_line' id='line_1_23' title="bbox 335 2733 1417 2811; baseline 0.004 -22"><span class='ocrx_word' id='word_1_188' title='bbox 335 2733 417 2789; x_wconf 86' lang='lat' dir='ltr'>nulla</span> <span class='ocrx_word' id='word_1_189' title='bbox 439 2752 538 2803; x_wconf 89' lang='lat' dir='ltr'>eausa,</span> <span class='ocrx_word' id='word_1_190' title='bbox 561 2734 642 2789; x_wconf 84' lang='lat' dir='ltr'>nulla</span> <span class='ocrx_word' id='word_1_191' title='bbox 661 2735 804 2791; x_wconf 83' lang='lat' dir='ltr'>erationis</span> <span class='ocrx_word' id='word_1_192' title='bbox 824 2735 991 2803; x_wconf 85' lang='lat' dir='ltr'>inflexione,</span> <span class='ocrx_word' id='word_1_193' title='bbox 1014 2736 1104 2792; x_wconf 90' lang='lat' dir='ltr'>nullis</span> <span class='ocrx_word' id='word_1_194' title='bbox 1121 2735 1312 2811; x_wconf 82' lang='lat' dir='ltr'>interpositis,</span> <span class='ocrx_word' id='word_1_195' title='bbox 1335 2736 1417 2793; x_wconf 82' lang='lat' dir='ltr'>rela-</span> 
     </span>
     <span class='ocr_line' id='line_1_24' title="bbox 335 2819 1417 2895; baseline 0.003 -20"><span class='ocrx_word' id='word_1_196' title='bbox 335 2819 427 2875; x_wconf 91' lang='lat' dir='ltr'>tivum</span> <span class='ocrx_word' id='word_1_197' title='bbox 452 2838 504 2892; x_wconf 88' lang='lat' dir='ltr'>pre</span> <span class='ocrx_word' id='word_1_198' title='bbox 527 2819 758 2877; x_wconf 82' lang='lat' dir='ltr'>demonstrativo</span> <span class='ocrx_word' id='word_1_199' title='bbox 781 2831 881 2895; x_wconf 89' lang='lat' dir='ltr'>ponat.</span> <span class='ocrx_word' id='word_1_200' title='bbox 927 2820 1014 2877; x_wconf 86' lang='lat' dir='ltr'>Talia</span> <span class='ocrx_word' id='word_1_201' title='bbox 1035 2822 1146 2878; x_wconf 82' lang='lat' dir='ltr'>trustra</span> <span class='ocrx_word' id='word_1_202' title='bbox 1167 2821 1336 2878; x_wconf 89' lang='lat' dir='ltr'>anacoluthi</span> <span class='ocrx_word' id='word_1_203' title='bbox 1359 2840 1417 2879; x_wconf 88' lang='lat' dir='ltr'>no·</span> 
     </span>
     <span class='ocr_line' id='line_1_25' title="bbox 335 2894 1416 2979; baseline 0.006 -22"><span class='ocrx_word' id='word_1_204' title='bbox 335 2904 413 2960; x_wconf 84' lang='lat' dir='ltr'>ruine</span> <span class='ocrx_word' id='word_1_205' title='bbox 436 2903 628 2979; x_wconf 82' lang='lat' dir='ltr'>obteguntur3</span> <span class='ocrx_word' id='word_1_206' title='bbox 662 2894 737 2962; x_wconf 72' lang='lat' dir='ltr'>narn⁸</span> <span class='ocrx_word' id='word_1_207' title='bbox 760 2906 788 2962; x_wconf 92' lang='lat' dir='ltr'>in</span> <span class='ocrx_word' id='word_1_208' title='bbox 818 2905 994 2961; x_wconf 85' lang='lat' dir='ltr'>anacolutbo</span> <span class='ocrx_word' id='word_1_209' title='bbox 1017 2915 1045 2962; x_wconf 87' lang='lat' dir='ltr'>et</span> <span class='ocrx_word' id='word_1_210' title='bbox 1068 2925 1158 2963; x_wconf 76' lang='lat' dir='ltr'>causa</span> <span class='ocrx_word' id='word_1_211' title='bbox 1180 2916 1208 2962; x_wconf 86' lang='lat' dir='ltr'>et</span> <span class='ocrx_word' id='word_1_212' title='bbox 1231 2906 1335 2963; x_wconf 83' lang='lat' dir='ltr'>medus</span> <span class='ocrx_word' id='word_1_213' title='bbox 1357 2916 1416 2963; x_wconf 89' lang='lat' dir='ltr'>ost.</span> 
     </span>
     <span class='ocr_line' id='line_1_26' title="bbox 335 2989 1414 3063; baseline 0.002 -18"><span class='ocrx_word' id='word_1_214' title='bbox 335 2990 440 3063; x_wconf 89' lang='lat' dir='ltr'>ltaque</span> <span class='ocrx_word' id='word_1_215' title='bbox 470 2989 675 3063; x_wconf 87' lang='lat' dir='ltr'>prudentiores</span> <span class='ocrx_word' id='word_1_216' title='bbox 698 2991 825 3047; x_wconf 80' lang='lat' dir='ltr'>editores</span> <span class='ocrx_word' id='word_1_217' title='bbox 848 2990 916 3046; x_wconf 89' lang='lat' dir='ltr'>inde</span> <span class='ocrx_word' id='word_1_218' title='bbox 938 3008 957 3046; x_wconf 92' lang='lat' dir='ltr'>a</span> <span class='ocrx_word' id='word_1_219' title='bbox 979 2991 1124 3047; x_wconf 87' lang='lat' dir='ltr'>Lambino</span> <span class='ocrx_word' id='word_1_220' title='bbox 1147 2992 1243 3047; x_wconf 75' lang='lat' dir='ltr'>ierim</span> <span class='ocrx_word' id='word_1_221' title='bbox 1265 3000 1314 3048; x_wconf 91' lang='lat' dir='ltr'>aut</span> <span class='ocrx_word' id='word_1_222' title='bbox 1338 2991 1414 3048; x_wconf 88' lang='lat' dir='ltr'>scri·</span> 
     </span>
     <span class='ocr_line' id='line_1_27' title="bbox 336 3075 1414 3151; baseline 0.004 -22"><span class='ocrx_word' id='word_1_223' title='bbox 336 3075 409 3130; x_wconf 91' lang='lat' dir='ltr'>bunt</span> <span class='ocrx_word' id='word_1_224' title='bbox 430 3084 480 3131; x_wconf 89' lang='lat' dir='ltr'>aut</span> <span class='ocrx_word' id='word_1_225' title='bbox 504 3076 639 3150; x_wconf 87' lang='lat' dir='ltr'>probant.</span> <span class='ocrx_word' id='word_1_226' title='bbox 674 3076 732 3133; x_wconf 87' lang='lat' dir='ltr'>Sed</span> <span class='ocrx_word' id='word_1_227' title='bbox 755 3076 819 3151; x_wconf 88' lang='lat' dir='ltr'>ipsa</span> <span class='ocrx_word' id='word_1_228' title='bbox 841 3076 1033 3151; x_wconf 79' lang='lat' dir='ltr'>interrogatio</span> <span class='ocrx_word' id='word_1_229' title='bbox 1057 3095 1113 3132; x_wconf 89' lang='lat' dir='ltr'>non</span> <span class='ocrx_word' id='word_1_230' title='bbox 1132 3085 1213 3133; x_wconf 87' lang='lat' dir='ltr'>reeta</span> <span class='ocrx_word' id='word_1_231' title='bbox 1230 3086 1282 3133; x_wconf 89' lang='lat' dir='ltr'>est.</span> <span class='ocrx_word' id='word_1_232' title='bbox 1317 3076 1414 3149; x_wconf 84' lang='lat' dir='ltr'>Quasi</span> 
     </span>
     <span class='ocr_line' id='line_1_28' title="bbox 335 3159 1415 3235; baseline 0.002 -20"><span class='ocrx_word' id='word_1_233' title='bbox 335 3160 411 3216; x_wconf 81' lang='lat' dir='ltr'>enirn</span> <span class='ocrx_word' id='word_1_234' title='bbox 434 3159 540 3216; x_wconf 91' lang='lat' dir='ltr'>rationi</span> <span class='ocrx_word' id='word_1_235' title='bbox 565 3170 652 3216; x_wconf 86' lang='lat' dir='ltr'>antea</span> <span class='ocrx_word' id='word_1_236' title='bbox 673 3159 821 3217; x_wconf 86' lang='lat' dir='ltr'>iudicandi</span> <span class='ocrx_word' id='word_1_237' title='bbox 847 3178 951 3216; x_wconf 90' lang='lat' dir='ltr'>munus</span> <span class='ocrx_word' id='word_1_238' title='bbox 974 3160 1073 3217; x_wconf 87' lang='lat' dir='ltr'>datum</span> <span class='ocrx_word' id='word_1_239' title='bbox 1097 3162 1148 3219; x_wconf 88' lang='lat' dir='ltr'>sit.</span> <span class='ocrx_word' id='word_1_240' title='bbox 1172 3162 1324 3235; x_wconf 84' lang='lat' dir='ltr'>quaeritur</span> <span class='ocrx_word' id='word_1_241' title='bbox 1346 3172 1415 3217; x_wconf 88' lang='lat' dir='ltr'>tan·</span> 
     </span>
     <span class='ocr_line' id='line_1_29' title="bbox 335 3244 1413 3318; baseline 0.003 -19"><span class='ocrx_word' id='word_1_242' title='bbox 335 3255 406 3306; x_wconf 82' lang='lat' dir='ltr'>tum,</span> <span class='ocrx_word' id='word_1_243' title='bbox 430 3244 500 3318; x_wconf 76' lang='lat' dir='ltr'>(prid</span> <span class='ocrx_word' id='word_1_244' title='bbox 518 3244 683 3301; x_wconf 87' lang='lat' dir='ltr'>iudicatura</span> <span class='ocrx_word' id='word_1_245' title='bbox 705 3246 752 3301; x_wconf 88' lang='lat' dir='ltr'>sit.</span> <span class='ocrx_word' id='word_1_246' title='bbox 787 3244 879 3318; x_wconf 83' lang='lat' dir='ltr'>Atqui</span> <span class='ocrx_word' id='word_1_247' title='bbox 903 3264 1006 3303; x_wconf 84' lang='lat' dir='ltr'>sensus</span> <span class='ocrx_word' id='word_1_248' title='bbox 1028 3246 1172 3303; x_wconf 86' lang='lat' dir='ltr'>aiudicio</span> <span class='ocrx_word' id='word_1_249' title='bbox 1188 3246 1292 3303; x_wconf 90' lang='lat' dir='ltr'>remoti</span> <span class='ocrx_word' id='word_1_250' title='bbox 1310 3256 1413 3317; x_wconf 77' lang='lat' dir='ltr'>erant3</span> 
     </span>
     <span class='ocr_line' id='line_1_30' title="bbox 334 3329 1414 3405; baseline 0.003 -20"><span class='ocrx_word' id='word_1_251' title='bbox 334 3329 410 3385; x_wconf 87' lang='lat' dir='ltr'>alius</span> <span class='ocrx_word' id='word_1_252' title='bbox 427 3329 516 3385; x_wconf 86' lang='lat' dir='ltr'>iudex</span> <span class='ocrx_word' id='word_1_253' title='bbox 528 3330 656 3387; x_wconf 90' lang='lat' dir='ltr'>nondum</span> <span class='ocrx_word' id='word_1_254' title='bbox 675 3330 770 3387; x_wconf 83' lang='lat' dir='ltr'>dattts.</span> <span class='ocrx_word' id='word_1_255' title='bbox 803 3330 853 3386; x_wconf 87' lang='lat' dir='ltr'>Ab</span> <span class='ocrx_word' id='word_1_256' title='bbox 871 3330 925 3385; x_wconf 89' lang='lat' dir='ltr'>hoc</span> <span class='ocrx_word' id='word_1_257' title='bbox 943 3331 1033 3405; x_wconf 76' lang='lat' dir='ltr'>igitur</span> <span class='ocrx_word' id='word_1_258' title='bbox 1050 3330 1179 3405; x_wconf 85' lang='lat' dir='ltr'>incipere</span> <span class='ocrx_word' id='word_1_259' title='bbox 1197 3331 1284 3388; x_wconf 87' lang='lat' dir='ltr'>debet</span> <span class='ocrx_word' id='word_1_260' title='bbox 1300 3331 1414 3389; x_wconf 83' lang='lat' dir='ltr'>oratio:</span> 
     </span>
     <span class='ocr_line' id='line_1_31' title="bbox 337 3414 1412 3490; baseline 0.004 -20"><span class='ocrx_word' id='word_1_261' title='bbox 337 3415 465 3481; x_wconf 81' lang='lat' dir='ltr'>„Veram</span> <span class='ocrx_word' id='word_1_262' title='bbox 484 3414 573 3489; x_wconf 80' lang='lat' dir='ltr'>igitur</span> <span class='ocrx_word' id='word_1_263' title='bbox 591 3425 620 3471; x_wconf 89' lang='lat' dir='ltr'>et</span> <span class='ocrx_word' id='word_1_264' title='bbox 639 3434 761 3488; x_wconf 83' lang='lat' dir='ltr'>aeqrtam</span> <span class='ocrx_word' id='word_1_265' title='bbox 775 3415 960 3475; x_wconf 80' lang='lat' dir='ltr'>sententiam.</span> <span class='ocrx_word' id='word_1_266' title='bbox 978 3434 1053 3489; x_wconf 89' lang='lat' dir='ltr'>quae</span> <span class='ocrx_word' id='word_1_267' title='bbox 1071 3436 1089 3471; x_wconf 88' lang='lat' dir='ltr'>a</span> <span class='ocrx_word' id='word_1_268' title='bbox 1106 3416 1241 3473; x_wconf 87' lang='lat' dir='ltr'>sensibus</span> <span class='ocrx_word' id='word_1_269' title='bbox 1258 3416 1412 3490; x_wconf 87' lang='lat' dir='ltr'>expectari</span> 
     </span>
     <span class='ocr_line' id='line_1_32' title="bbox 335 3499 1413 3575; baseline 0.006 -21"><span class='ocrx_word' id='word_1_270' title='bbox 335 3499 446 3573; x_wconf 84' lang='lat' dir='ltr'>nequit.</span> <span class='ocrx_word' id='word_1_271' title='bbox 465 3500 666 3573; x_wconf 82' lang='lat' dir='ltr'>pronuntiabit</span> <span class='ocrx_word' id='word_1_272' title='bbox 683 3500 759 3556; x_wconf 89' lang='lat' dir='ltr'>ratio</span> <span class='ocrx_word' id='word_1_273' title='bbox 776 3500 909 3557; x_wconf 84' lang='lat' dir='ltr'>adhibita</span> <span class='ocrx_word' id='word_1_274' title='bbox 927 3501 1072 3575; x_wconf 86' lang='lat' dir='ltr'>sapientia</span> <span class='ocrx_word' id='word_1_275' title='bbox 1089 3510 1117 3557; x_wconf 86' lang='lat' dir='ltr'>et</span> <span class='ocrx_word' id='word_1_276' title='bbox 1135 3501 1323 3559; x_wconf 85' lang='lat' dir='ltr'>virtutibus.“</span> <span class='ocrx_word' id='word_1_277' title='bbox 1360 3501 1413 3560; x_wconf 81' lang='lat' dir='ltr'>Sic</span> 
     </span>
     <span class='ocr_line' id='line_1_33' title="bbox 334 3583 1412 3659; baseline 0.004 -20"><span class='ocrx_word' id='word_1_278' title='bbox 334 3584 423 3640; x_wconf 83' lang='lat' dir='ltr'>etiarn</span> <span class='ocrx_word' id='word_1_279' title='bbox 435 3584 508 3640; x_wconf 90' lang='lat' dir='ltr'>haec</span> <span class='ocrx_word' id='word_1_280' title='bbox 524 3583 589 3658; x_wconf 86' lang='lat' dir='ltr'>ipsa</span> <span class='ocrx_word' id='word_1_281' title='bbox 606 3586 642 3640; x_wconf 90' lang='lat' dir='ltr'>de</span> <span class='ocrx_word' id='word_1_282' title='bbox 659 3585 825 3641; x_wconf 87' lang='lat' dir='ltr'>adhibenda</span> <span class='ocrx_word' id='word_1_283' title='bbox 843 3586 988 3659; x_wconf 84' lang='lat' dir='ltr'>sapientia</span> <span class='ocrx_word' id='word_1_284' title='bbox 1006 3600 1034 3642; x_wconf 85' lang='lat' dir='ltr'>et</span> <span class='ocrx_word' id='word_1_285' title='bbox 1052 3587 1210 3643; x_wconf 80' lang='lat' dir='ltr'>virtutibus</span> <span class='ocrx_word' id='word_1_286' title='bbox 1228 3587 1320 3644; x_wconf 91' lang='lat' dir='ltr'>multo</span> <span class='ocrx_word' id='word_1_287' title='bbox 1337 3586 1412 3643; x_wconf 85' lang='lat' dir='ltr'>fiunt</span> 
     </span>
     <span class='ocr_line' id='line_1_34' title="bbox 334 3669 1413 3744; baseline 0.003 -19"><span class='ocrx_word' id='word_1_288' title='bbox 334 3669 463 3744; x_wconf 87' lang='lat' dir='ltr'>aptiora,</span> <span class='ocrx_word' id='word_1_289' title='bbox 493 3687 558 3725; x_wconf 83' lang='lat' dir='ltr'>curn</span> <span class='ocrx_word' id='word_1_290' title='bbox 587 3670 674 3726; x_wconf 81' lang='lat' dir='ltr'>sinrttl</span> <span class='ocrx_word' id='word_1_291' title='bbox 702 3670 778 3726; x_wconf 91' lang='lat' dir='ltr'>ratio</span> <span class='ocrx_word' id='word_1_292' title='bbox 806 3670 895 3726; x_wconf 89' lang='lat' dir='ltr'>iudex</span> <span class='ocrx_word' id='word_1_293' title='bbox 923 3672 1127 3727; x_wconf 87' lang='lat' dir='ltr'>constituatur.</span> <span class='ocrx_word' id='word_1_294' title='bbox 1172 3673 1249 3727; x_wconf 83' lang='lat' dir='ltr'>Adeo</span> <span class='ocrx_word' id='word_1_295' title='bbox 1275 3690 1348 3739; x_wconf 87' lang='lat' dir='ltr'>non,</span> <span class='ocrx_word' id='word_1_296' title='bbox 1377 3682 1413 3729; x_wconf 91' lang='lat' dir='ltr'>ut</span> 
     </span>
     <span class='ocr_line' id='line_1_35' title="bbox 335 3754 1411 3831; baseline 0.001 -19"><span class='ocrx_word' id='word_1_297' title='bbox 335 3754 427 3812; x_wconf 81' lang='lat' dir='ltr'>Gaius</span> <span class='ocrx_word' id='word_1_298' title='bbox 451 3763 543 3830; x_wconf 88' lang='lat' dir='ltr'>putat.</span> <span class='ocrx_word' id='word_1_299' title='bbox 566 3773 630 3810; x_wconf 89' lang='lat' dir='ltr'>cum</span> <span class='ocrx_word' id='word_1_300' title='bbox 655 3759 767 3811; x_wconf 77' lang='lat' dir='ltr'>nrrrrniun</span> <span class='ocrx_word' id='word_1_301' title='bbox 791 3756 988 3831; x_wconf 84' lang='lat' dir='ltr'>coniungitur,</span> <span class='ocrx_word' id='word_1_302' title='bbox 1011 3769 1044 3812; x_wconf 93' lang='lat' dir='ltr'>ut</span> <span class='ocrx_word' id='word_1_303' title='bbox 1066 3757 1104 3813; x_wconf 85' lang='lat' dir='ltr'>sit</span> <span class='ocrx_word' id='word_1_304' title='bbox 1120 3758 1302 3827; x_wconf 72' lang='lat' dir='ltr'>valenterium,</span> <span class='ocrx_word' id='word_1_305' title='bbox 1325 3758 1411 3830; x_wconf 87' lang='lat' dir='ltr'>quasi</span> 
     </span>
     <span class='ocr_line' id='line_1_36' title="bbox 334 3839 1409 3915; baseline 0.004 -21"><span class='ocrx_word' id='word_1_306' title='bbox 334 3839 483 3897; x_wconf 88' lang='lat' dir='ltr'>mirandus</span> <span class='ocrx_word' id='word_1_307' title='bbox 512 3840 550 3896; x_wconf 88' lang='lat' dir='ltr'>sit</span> <span class='ocrx_word' id='word_1_308' title='bbox 572 3858 746 3909; x_wconf 59' lang='lat' dir='ltr'>consensum</span> <span class='ocrx_word' id='word_1_309' title='bbox 775 3859 828 3897; x_wconf 91' lang='lat' dir='ltr'>nec</span> <span class='ocrx_word' id='word_1_310' title='bbox 851 3860 988 3915; x_wconf 77' lang='lat' dir='ltr'>trinquam</span> <span class='ocrx_word' id='word_1_311' title='bbox 1018 3841 1059 3898; x_wconf 81' lang='lat' dir='ltr'>sic</span> <span class='ocrx_word' id='word_1_312' title='bbox 1082 3842 1188 3898; x_wconf 90' lang='lat' dir='ltr'>dieitur</span> <span class='ocrx_word' id='word_1_313' title='bbox 1210 3844 1292 3908; x_wconf 62' lang='lat' dir='ltr'>adem</span> <span class='ocrx_word' id='word_1_314' title='bbox 1320 3841 1409 3899; x_wconf 78' lang='lat' dir='ltr'>tiliam</span> 
     </span>
     <span class='ocr_line' id='line_1_37' title="bbox 332 3925 1411 4003; baseline 0.003 -23"><span class='ocrx_word' id='word_1_315' title='bbox 332 3925 475 3981; x_wconf 84' lang='lat' dir='ltr'>rationem</span> <span class='ocrx_word' id='word_1_316' title='bbox 495 3925 613 3987; x_wconf 78' lang='lat' dir='ltr'>liabent,</span> <span class='ocrx_word' id='word_1_317' title='bbox 637 3944 713 3998; x_wconf 69' lang='lat' dir='ltr'>(ptrue</span> <span class='ocrx_word' id='word_1_318' title='bbox 727 3926 860 3982; x_wconf 74' lang='lat' dir='ltr'>blandius</span> <span class='ocrx_word' id='word_1_319' title='bbox 877 3927 892 3983; x_wconf 96' lang='lat' dir='ltr'>I</span> <span class='ocrx_word' id='word_1_320' title='bbox 910 3946 937 4001; x_wconf 85' lang='lat' dir='ltr'>p.</span> <span class='ocrx_word' id='word_1_321' title='bbox 954 3927 1013 3982; x_wconf 75' lang='lat' dir='ltr'>too</span> <span class='ocrx_word' id='word_1_322' title='bbox 1032 3927 1187 3999; x_wconf 75' lang='lat' dir='ltr'>corigessit.</span> <span class='ocrx_word' id='word_1_323' title='bbox 1211 3928 1248 3983; x_wconf 91' lang='lat' dir='ltr'>ab</span> <span class='ocrx_word' id='word_1_324' title='bbox 1265 3926 1330 4003; x_wconf 87' lang='lat' dir='ltr'>ipse</span> <span class='ocrx_word' id='word_1_325' title='bbox 1347 3925 1411 3983; x_wconf 82' lang='lat' dir='ltr'>lere</span> 
     </span>
     <span class='ocr_line' id='line_1_38' title="bbox 334 4010 1410 4085; baseline 0.003 -19"><span class='ocrx_word' id='word_1_326' title='bbox 334 4010 521 4084; x_wconf 77' lang='lat' dir='ltr'>explicatam.</span> <span class='ocrx_word' id='word_1_327' title='bbox 557 4011 709 4069; x_wconf 77' lang='lat' dir='ltr'>Strbicitnr</span> <span class='ocrx_word' id='word_1_328' title='bbox 730 4013 798 4067; x_wconf 76' lang='lat' dir='ltr'>caleo</span> <span class='ocrx_word' id='word_1_329' title='bbox 821 4012 996 4085; x_wconf 79' lang='lat' dir='ltr'>pronomini.</span> <span class='ocrx_word' id='word_1_330' title='bbox 1019 4022 1049 4067; x_wconf 92' lang='lat' dir='ltr'>ut</span> <span class='ocrx_word' id='word_1_331' title='bbox 1071 4012 1142 4068; x_wconf 88' lang='lat' dir='ltr'>alibi</span> <span class='ocrx_word' id='word_1_332' title='bbox 1160 4012 1410 4081; x_wconf 77' lang='lat' dir='ltr'>demonstrativis,</span> 
     </span>
     <span class='ocr_line' id='line_1_39' title="bbox 333 4096 1410 4173; baseline 0.004 -22"><span class='ocrx_word' id='word_1_333' title='bbox 333 4096 362 4151; x_wconf 93' lang='lat' dir='ltr'>in</span> <span class='ocrx_word' id='word_1_334' title='bbox 386 4096 522 4157; x_wconf 79' lang='lat' dir='ltr'>transitu,</span> <span class='ocrx_word' id='word_1_335' title='bbox 546 4115 611 4152; x_wconf 80' lang='lat' dir='ltr'>erim</span> <span class='ocrx_word' id='word_1_336' title='bbox 634 4096 670 4152; x_wconf 83' lang='lat' dir='ltr'>ad</span> <span class='ocrx_word' id='word_1_337' title='bbox 695 4097 788 4171; x_wconf 79' lang='lat' dir='ltr'>ipsam</span> <span class='ocrx_word' id='word_1_338' title='bbox 811 4115 872 4153; x_wconf 92' lang='lat' dir='ltr'>rem</span> <span class='ocrx_word' id='word_1_339' title='bbox 896 4097 1060 4161; x_wconf 89' lang='lat' dir='ltr'>aceeditur;</span> <span class='ocrx_word' id='word_1_340' title='bbox 1083 4096 1135 4153; x_wconf 90' lang='lat' dir='ltr'>clr.</span> <span class='ocrx_word' id='word_1_341' title='bbox 1155 4098 1252 4154; x_wconf 88' lang='lat' dir='ltr'>Iland.</span> <span class='ocrx_word' id='word_1_342' title='bbox 1271 4099 1286 4155; x_wconf 97' lang='lat' dir='ltr'>I</span> <span class='ocrx_word' id='word_1_343' title='bbox 1304 4118 1332 4173; x_wconf 91' lang='lat' dir='ltr'>p.</span> <span class='ocrx_word' id='word_1_344' title='bbox 1349 4098 1410 4155; x_wconf 86' lang='lat'>143</span> 
     </span>
     <span class='ocr_line' id='line_1_40' title="bbox 333 4182 513 4254; baseline -0.006 -18"><span class='ocrx_word' id='word_1_345' title='bbox 333 4191 360 4236; x_wconf 92' lang='lat' dir='ltr'>et</span> <span class='ocrx_word' id='word_1_346' title='bbox 389 4182 446 4237; x_wconf 80' lang='lat' dir='ltr'>tto</span> <span class='ocrx_word' id='word_1_347' title='bbox 470 4200 513 4254; x_wconf 84' lang='lat' dir='ltr'>sq.</span> 
     </span>
    </p>

    <p class='ocr_par' dir='ltr' id='par_1_5' title="bbox 334 4266 1411 4515">
     <span class='ocr_line' id='line_1_41' title="bbox 419 4266 1411 4335; baseline 0.006 -16"><span class='ocrx_word' id='word_1_348' title='bbox 419 4270 547 4321; x_wconf 74' lang='lat' dir='ltr'>sententia</span> <span class='ocrx_word' id='word_1_349' title='bbox 569 4266 632 4335; x_wconf 76' lang='lat' dir='ltr'>erit)</span> <span class='ocrx_word' id='word_1_350' title='bbox 656 4266 783 4323; x_wconf 83' lang='lat' dir='ltr'>Prorsus</span> <span class='ocrx_word' id='word_1_351' title='bbox 806 4266 972 4323; x_wconf 86' lang='lat' dir='ltr'>necessaria</span> <span class='ocrx_word' id='word_1_352' title='bbox 995 4275 1058 4322; x_wconf 88' lang='lat' dir='ltr'>erat</span> <span class='ocrx_word' id='word_1_353' title='bbox 1081 4267 1136 4323; x_wconf 88' lang='lat' dir='ltr'>Th.</span> <span class='ocrx_word' id='word_1_354' title='bbox 1161 4266 1288 4323; x_wconf 85' lang='lat' dir='ltr'>Bentleii</span> <span class='ocrx_word' id='word_1_355' title='bbox 1312 4286 1411 4325; x_wconf 86' lang='lat' dir='ltr'>emen·</span> 
     </span>
     <span class='ocr_line' id='line_1_42' title="bbox 334 4350 1411 4426; baseline 0.006 -21"><span class='ocrx_word' id='word_1_356' title='bbox 334 4350 422 4408; x_wconf 78' lang='lat' dir='ltr'>‹latio</span> <span class='ocrx_word' id='word_1_357' title='bbox 445 4370 461 4406; x_wconf 90' lang='lat' dir='ltr'>a</span> <span class='ocrx_word' id='word_1_358' title='bbox 486 4352 584 4407; x_wconf 87' lang='lat' dir='ltr'>multis</span> <span class='ocrx_word' id='word_1_359' title='bbox 607 4351 732 4425; x_wconf 71' lang='lat' dir='ltr'>[trebeta</span> <span class='ocrx_word' id='word_1_360' title='bbox 748 4361 798 4407; x_wconf 90' lang='lat' dir='ltr'>aut</span> <span class='ocrx_word' id='word_1_361' title='bbox 816 4362 942 4426; x_wconf 87' lang='lat' dir='ltr'>recepta.</span> <span class='ocrx_word' id='word_1_362' title='bbox 968 4370 1144 4424; x_wconf 87' lang='lat' dir='ltr'>quamquam</span> <span class='ocrx_word' id='word_1_363' title='bbox 1163 4352 1236 4408; x_wconf 90' lang='lat' dir='ltr'>mire</span> <span class='ocrx_word' id='word_1_364' title='bbox 1258 4357 1309 4409; x_wconf 83' lang='lat' dir='ltr'>erit</span> <span class='ocrx_word' id='word_1_365' title='bbox 1325 4362 1355 4410; x_wconf 92' lang='lat' dir='ltr'>et</span> <span class='ocrx_word' id='word_1_366' title='bbox 1371 4362 1411 4411; x_wconf 79' lang='lat' dir='ltr'>eat</span> 
     </span>
     <span class='ocr_line' id='line_1_43' title="bbox 335 4432 1410 4515; baseline 0.005 -25"><span class='ocrx_word' id='word_1_367' title='bbox 335 4446 546 4509; x_wconf 82' lang='lat' dir='ltr'>pernmtantnr.</span> <span class='ocrx_word' id='word_1_368' title='bbox 592 4433 643 4513; x_wconf 57' lang='lat' dir='ltr'>[K</span> <span class='ocrx_word' id='word_1_369' title='bbox 674 4436 714 4493; x_wconf 80' lang='lat'>83</span> <span class='ocrx_word' id='word_1_370' title='bbox 744 4436 832 4493; x_wconf 83' lang='lat' dir='ltr'>llErl.</span> <span class='ocrx_word' id='word_1_371' title='bbox 860 4446 912 4496; x_wconf 77' lang='lat' dir='ltr'>eat.</span> <span class='ocrx_word' id='word_1_372' title='bbox 946 4436 1108 4493; x_wconf 83' lang='lat' dir='ltr'>deteriores</span> <span class='ocrx_word' id='word_1_373' title='bbox 1137 4432 1210 4515; x_wconf 78' lang='lat' dir='ltr'>erit]</span> <span class='ocrx_word' id='word_1_374' title='bbox 1255 4438 1410 4495; x_wconf 82' lang='lat' dir='ltr'>Praesenti</span> 
     </span>
    </p>
   </div>
   <div class='ocr_carea' id='block_1_5' title="bbox 0 0 1520 5086">
    <p class='ocr_par' dir='ltr' id='par_1_6' title="bbox 0 0 1520 5086">
     <span class='ocr_line' id='line_1_44' title="bbox 0 0 1520 5086; baseline 0 2"><span class='ocrx_word' id='word_1_375' title='bbox 0 0 1520 5086; x_wconf 95' lang='lat' dir='ltr'> </span> 
     </span>
    </p>
   </div>
  </div>
 </body>
</html>
