3030 5086
168 462 229 526 152
558 480 603 527 nr
626 477 757 527 rrxrsus
779 478 853 526 aon.

166 646 367 713 stabilitatem
386 647 557 729 voluptatis
576 646 756 726 habetilla
777 654 883 712 autem
904 646 1052 727 voluptas
1071 645 1171 727 ipsius
1193 662 1244 710 re·

166 749 341 814 stinctionis
364 748 395 812 in
417 760 504 813 motu
526 756 582 814 est
622 748 686 815 Cur
706 748 810 830 igitur,
833 749 969 830 inquam,
991 765 1043 812 res
1065 753 1129 812 tam
1150 746 1245 812 dissi·

169 851 257 916 milos
280 852 388 915 eodem
412 850 535 915 nomine
557 849 718 934 appellas?
753 850 802 914 10.
826 849 907 930 Quid
924 849 1018 931 paulo
1034 857 1117 928 ante,
1135 847 1247 930 inquit,

168 952 308 1032 dixerim,
331 971 433 1017 norme
454 950 629 1030 meministi,
652 970 722 1016 oum
744 951 844 1016 omnis
867 951 958 1016 dolor
975 954 1136 1016 detractus
1152 957 1246 1031 esset,

129 1054 150 1119 5
168 1055 293 1133 variari,
316 1073 378 1119 non
395 1053 504 1136 augeri
521 1053 734 1134 voluptatem?
767 1053 894 1118 Memini
910 1072 993 1131 vero,
1014 1054 1149 1135 inquam.
1184 1053 1247 1118 Sed

168 1163 202 1221 tu
226 1157 306 1221 istuc
327 1156 404 1220 dixti
427 1154 507 1221 bene
529 1155 655 1234 Latine,
677 1174 791 1237 parum
813 1155 915 1236 plane.
961 1155 1142 1221 Varietas
1163 1154 1247 1220 euim

169 1259 316 1323 Latinum
338 1257 466 1322 verbum
494 1264 557 1336 est,
586 1257 682 1338 idque
708 1257 837 1338 proprie
859 1256 984 1338 quidem
1012 1257 1042 1320 in
1065 1256 1246 1339 disparibus

168 1360 324 1424 coloribus
341 1359 462 1437 dicitur,
479 1359 537 1424 sed
555 1358 744 1424 transfertur
759 1359 790 1422 in
808 1358 906 1422 multa
923 1358 1079 1439 disparia:
1098 1359 1247 1423 varium
1266 1422 1270 1427 .

167 1468 289 1542 poema,
306 1461 414 1526 varia
431 1460 541 1539 oratio,
563 1460 665 1524 varii
682 1479 794 1538 morea,
817 1460 926 1524 varia
944 1460 1078 1540 fortuna,
1101 1460 1247 1541 voluptas
1285 1518 1296 1535 ,

242 1670 260 1716 l
288 1665 356 1714 labet
383 1664 509 1728 voluptatis
531 1665 599 1713 labet
624 1664 646 1712 B
673 1663 734 1713 Post
756 1664 825 1713 Iubet
847 1666 905 1713 add.
934 1663 973 1727 inq
975 1664 1009 1713 ur't
1035 1662 1246 1732 [Alexarctsot.

171 1739 192 1784 2,
216 1750 254 1782 res
276 1748 316 1783 om
347 1733 367 1781 L
410 1742 459 1781 tam
483 1748 531 1783 om.
553 1734 575 1781 ll
619 1730 738 1797 [difficiles
756 1733 803 1798 ΑΙ]
858 1738 880 1781 3.
907 1682 1008 1795 quicqli
1061 1737 1083 1783 6
1109 1730 1174 1781 istud
1195 1730 1247 1781 MC

169 1800 252 1851 diabli
269 1802 343 1852 alcu
375 1818 462 1865 portem
485 1816 534 1850 om.
559 1801 603 1849 Pa
640 1798 721 1866 [plene
740 1799 787 1867 a]
827 1804 849 1859 l
870 1800 1033 1866 propriumC
1068 1799 1160 1865 quidem
1184 1816 1248 1849 mora

167 1870 267 1936 poribus
285 1871 307 1919 E
344 1871 394 1921 tls
388 1887 463 1936 ,peno
481 1885 526 1935 pro
542 1874 628 1934 padum
647 1872 677 1920 ΑΙ
685 1869 693 1935 l

256 2043 394 2100 Restr'ncto
416 2045 496 2113 arim)
520 2041 570 2101 Sic
593 2043 681 2101 etiam
701 2041 778 2118 Spir.
805 2041 860 2119 [B]
884 2052 912 2099 et
930 2041 1008 2101 Gud.
1028 2043 1056 2110 2,
1080 2061 1136 2117 mg.
1157 2040 1248 2110 Crat,

171 2140 200 2185 et
228 2129 269 2185 ita
296 2128 385 2185 tacite
408 2125 496 2186 Grut.
521 2137 550 2183 et
574 2128 649 2184 Dar.
695 2127 854 2184 Exciderat
877 2132 944 2184 enirn
966 2128 996 2184 in
1020 2127 1185 2195 nonnullis,
1215 2136 1249 2184 ut

169 2214 200 2270 in
223 2213 287 2270 cod
310 2213 389 2271 Vict.
436 2213 509 2269 Inde
536 2232 598 2269 nom
627 2216 753 2270 restincta
781 2212 860 2271 Oxx.
885 2213 973 2288 ΕΙΙχ,
1002 2211 1248 2283 Gud.1,Bas.,

171 2300 288 2372 aliquot
310 2299 374 2354 edd.
398 2309 470 2356 vett.

256 2387 400 2459 volrrptotr‘e
422 2382 513 2456 babet)
537 2381 624 2481 Quod
647 2383 735 2459 vulgo
758 2383 877 2440 additur
898 2386 997 2457 lnquit
1026 2381 1136 2439 omittit
1158 2381 1248 2439 etiam

172 2468 250 2545 Spir.
263 2467 328 2546 [Β]
352 2487 405 2525 uec
429 2468 545 2524 videtur
567 2469 609 2524 sic
632 2489 647 2523 e
672 2468 766 2543 prima
788 2467 934 2525 sententia
950 2469 1047 2566 (Immo
1068 2471 1121 2524 uiro
1141 2470 1249 2541 qaaere)

172 2555 201 2611 in
225 2554 347 2610 alteram
371 2553 517 2610 causalem
540 2553 611 2610 reici
635 2554 774 2629 potuisse.
819 2552 1023 2629 (Repetitur'
1014 2572 1045 2609 rn
1067 2553 1162 2609 altera
1183 2570 1249 2610 sen·

172 2639 265 2697 tentia
287 2648 355 2694 ante
378 2638 545 2695 vocativum
569 2640 584 2695 Ι
609 2639 645 2695 N.
669 2640 706 2697 D.
730 2640 778 2696 17.
825 2639 913 2696 Alius
935 2647 1003 2696 sunt
1024 2638 1150 2714 generis,
1173 2656 1250 2712 quae

173 2725 209 2782 ad
233 2724 291 2793 ΙΙΙ,
315 2725 355 2779 20
378 2724 620 2798 annotabnntur.)

262 2810 308 2865 10.
331 2829 415 2866 nomm
430 2810 582 2881 mininistr')
594 2808 662 2865 Nou
674 2808 911 2884 improbabiliter
924 2808 1073 2867 Bromius:
1092 2827 1142 2864 nora
1160 2810 1250 2865 menri·

172 2898 251 2964 aristi,
275 2894 300 2952 si
324 2894 410 2951 modo
433 2903 543 2950 certum
568 2904 626 2963 est,
651 2893 772 2950 Latinos
794 2894 824 2951 id
847 2904 1015 2951 constanter
1037 2903 1153 2951 secutos
1176 2911 1250 2962 esse,

174 2979 251 3054 quod
274 2979 400 3053 primum
424 2979 559 3043 occurrit,
583 2990 616 3036 ut
637 2999 721 3036 troarne
743 2990 805 3036 turn
829 2980 957 3047 dicatur,
980 2997 1046 3035 cum
1070 2979 1249 3035 affirmatum

173 3064 285 3139 aliquid
310 3065 346 3121 iri
369 3074 518 3140 putemus.
547 3085 612 3134 nou,
640 3082 707 3121 cum
735 3074 910 3138 quaerentes
938 3065 1116 3120 admiremur
1138 3063 1251 3138 aquuid

174 3169 231 3207 non
254 3148 328 3206 lieri.
372 3150 436 3206 Hoc
459 3149 536 3205 enim
560 3151 730 3224 Torquatus
752 3150 837 3206 dicit:
864 3151 993 3206 oblitusne
1014 3169 1056 3219 es;
1086 3150 1138 3207 clr.
1160 3149 1253 3226 paulo'

174 3247 241 3311 post
264 3237 347 3305 §162
375 3235 416 3291 Tu
427 3267 469 3276 —
481 3255 531 3290 uon
550 3237 622 3291 edales
639 3244 696 3292 —t
728 3235 787 3294 Sed
805 3235 925 3291 difficile
943 3246 987 3291 est
1003 3236 1154 3306 iudicium,
1178 3254 1250 3309 quo·

174 3321 253 3378 niam
276 3321 305 3376 in
328 3321 402 3395 ipso,
416 3339 448 3376 ne
470 3338 488 3375 a
511 3329 611 3377 nostro
634 3339 720 3377 sensu
745 3321 899 3377 discedunt
923 3321 1036 3390 Latini,
1060 3340 1126 3377 cum
1149 3320 1252 3378 dicunt

178 3407 262 3463 Estne
284 3416 313 3461 et
335 3404 452 3462 similia.
490 3405 526 3461 Et
545 3405 682 3462 ridentur
703 3406 850 3462 interdum
875 3407 904 3462 in
927 3407 979 3463 illa
1002 3424 1118 3481 quoque
1136 3406 1251 3463 ratione

176 3511 261 3548 ›rorrue
283 3491 409 3553 dixisse:
437 3502 516 3547 certe
545 3491 646 3547 eadem
675 3491 840 3567 corrigendi
863 3492 1024 3548 necessitas
1048 3502 1078 3548 et
1100 3489 1171 3548 alibi
1194 3492 1253 3549 erit

175 3586 204 3633 et
233 3576 280 3633 bic
303 3577 378 3633 libro
402 3577 438 3637 V
463 3576 518 3632 86:
552 3576 647 3633 lenm
675 3580 758 3649 r'pitur
785 3578 832 3632 tobi
860 3579 997 3647 oiclerrtnr,
1030 3581 1131 3651 inquit,
1159 3579 1252 3633 molal

174 3662 251 3720 Nam
275 3661 330 3717 hoc
353 3661 437 3717 dicit:
461 3659 564 3719 Credis
588 3661 677 3738 igitur
699 3681 756 3718 non
780 3680 844 3718 esse
867 3661 965 3718 mala?

261 3753 330 3803 istuc
351 3749 434 3811 alica)
460 3747 533 3803 latua
555 3745 643 3805 Grut.
668 3747 766 3815 tacite,
789 3749 864 3803 icam
885 3747 979 3805 Gzius
1002 3748 1044 3820 (et
1067 3746 1150 3803 codd
1169 3745 1248 3806 Oxx.

175 3832 269 3906 xcx).
317 3833 398 3888 Dr'rtr'
424 3832 505 3889 dedit
528 3832 621 3896 Vict,
650 3842 711 3889 turn
735 3832 823 3889 Grmut
846 3833 949 3889 ePal.
976 3838 1006 3902 1,
1036 3842 1065 3888 et
1093 3840 1252 3888 tenuerunt

174 3917 279 3986 oetcri;
303 3917 392 3973 habet
415 3917 502 3972 etiarn
527 3914 701 3997 Spir.[B](
691 3917 782 3991 (Oxx.
796 3917 869 3991 ΕΙΙχ
886 3921 1001 3991 dirimi.)
1034 3917 1125 3974 Nolui
1143 3917 1251 3986 delere,

174 4003 252 4077 quod
276 4003 337 4059 fieri
361 4010 472 4077 potest,
496 4011 526 4058 ut
550 4002 613 4077 ipse
637 4002 741 4062 Cicero
764 4004 928 4078 scripserim
952 4003 1007 4060 etsi
1031 4003 1054 4059 si
1077 4003 1103 4059 is
1126 4021 1161 4058 ea
1183 4020 1252 4078 syn·

174 4106 248 4162 eope
271 4089 299 4144 in
322 4088 469 4161 loquendo
493 4098 521 4144 ct
544 4088 699 4145 scribendo
716 4107 786 4145 usus
803 4097 857 4156 est,
881 4100 932 4146 aut
949 4098 1117 4146 constanter
1134 4088 1163 4145 id
1181 4086 1254 4145 fecit

175 4185 226 4230 ant
253 4173 356 4229 saltem
387 4172 504 4248 saepius
532 4192 619 4247 quam
649 4174 743 4231 tribus
773 4183 949 4248 quattuorve
972 4175 1045 4231 locis
1068 4173 1128 4247 (hic
1151 4185 1181 4229 ct
1204 4173 1252 4230 ΙΙΙ

175 4259 213 4316 N.
239 4259 275 4315 D.
300 4259 340 4314 23
375 4270 404 4314 et
432 4258 469 4314 ad
492 4261 556 4315 Art.
582 4260 618 4328 V,
643 4261 671 4327 9,
697 4261 725 4330 2,
759 4260 856 4327 ΧΙΙΙ,
882 4261 931 4327 32,
956 4261 989 4323 3;
1023 4278 1076 4334 pro
1099 4259 1185 4318 Caec.
1211 4260 1250 4316 82

175 4363 232 4401 nou
264 4343 410 4418 reperitur
438 4343 510 4400 baec
544 4342 639 4401 forma
668 4346 696 4401 in
725 4346 877 4402 codicibus
905 4345 1122 4416 Ciceronianis,
1156 4344 1207 4402 sed
1236 4365 1252 4402 e
