3030 5086
215 464 282 530 450
611 479 656 526 nn
679 479 809 528 sturnus
831 479 903 525 aon.

215 650 270 727 iis,
300 648 352 730 qui
375 648 442 712 sine
464 646 580 710 virtute
602 655 689 724 sunt,
717 664 802 711 mors
830 655 879 712 cst
906 648 1093 728 oppetenda
1137 645 1179 712 Et
1200 664 1302 727 saepe

217 748 351 815 officium
381 757 429 813 est
457 747 608 829 sapientis
636 747 808 812 desciscere
836 768 856 812 a
883 748 961 826 vita,
989 766 1058 812 cum
1086 747 1128 813 sit
1154 747 1301 812 beatissi-

218 869 296 931 mus,
320 851 348 916 si
369 849 402 915 id
422 855 600 931 opportune
616 847 720 913 faeere
736 849 846 930 possit,
868 848 988 930 †quod
1011 857 1061 914 est
1076 849 1302 914 conuenienter

219 960 351 1018 naturae
374 952 486 1016 vivere.
521 951 572 1016 Sic
593 950 673 1015 enirn
697 957 833 1028 censent,
855 950 1101 1031 opportunitatis
1119 968 1190 1015 esse
1206 949 1303 1015 beate

293 1179 311 1224 1.
333 1171 377 1238 [lie
388 1171 422 1240 Α]
452 1169 586 1235 appetendo
597 1170 643 1221 CR
668 1178 693 1219 ut
710 1186 783 1235 eaepe
800 1185 887 1220 omnes
906 1171 940 1221 Ar
958 1187 1030 1236 saepe
1044 1170 1087 1222 Or.
1125 1175 1147 1222 2.
1167 1168 1302 1232 deficerec
1395 1214 1399 1223 .

221 1246 244 1290 ³.
265 1241 325 1291 Sine
343 1240 426 1290 mendi
446 1248 507 1288 nota
525 1238 568 1290 Or.
606 1245 628 1286 4.
647 1246 724 1288 censet
742 1238 762 1286 L

221 1456 251 1504 et
275 1447 292 1503 3
316 1446 358 1502 ait
381 1463 459 1503 esse:
491 1465 552 1501 ream
575 1464 659 1519 neque
680 1447 729 1519 qui
749 1448 811 1502 virt.
835 1445 898 1520 ret.)
921 1444 1082 1502 efficiebar:
1113 1444 1186 1502 aem
1214 1462 1305 1519 neque

221 1537 244 1589 is
266 1533 389 1607 quidun,
413 1531 442 1588 id
466 1539 519 1599 est,
541 1533 664 1605 sapiene3
694 1530 851 1587 barbarum
875 1539 933 1587 est:
956 1549 1040 1604 neque
1062 1562 1103 1572 -
1126 1531 1234 1604 quidem
1259 1562 1297 1572 -

221 1636 305 1691 neque
327 1615 398 1688 (vid.
422 1616 459 1672 ad
477 1615 518 1682 ll,
533 1616 595 1688 87),
619 1633 672 1672 nec
695 1618 718 1672 ie
741 1615 838 1680 habet,
862 1633 920 1688 quo
939 1613 1093 1682 referatur,
1116 1633 1197 1685 enm,
1221 1633 1300 1688 quae

222 1702 357 1778 proxime
381 1700 544 1776 praecedit,
574 1700 710 1757 manendi
732 1710 761 1757 ot
785 1700 928 1777 migrandi
952 1701 1028 1757 ratio
1051 1701 1139 1758 etiam
1163 1700 1200 1757 nd
1223 1699 1305 1756 insi-

223 1788 336 1863 pientes
359 1786 515 1861 pertinent.
562 1785 623 1842 lam
647 1804 704 1842 non
728 1803 802 1860 opus
825 1795 869 1842 est
891 1786 1056 1861 vulgarium
1080 1784 1213 1842 codicum
1232 1803 1301 1861 per·

224 1872 421 1942 versissimam
440 1869 697 1945 interpolationem
713 1887 873 1946 coarguere
883 1870 973 1944 (Oxx.
986 1872 1125 1939 omnium,
1144 1870 1200 1927 nisi
1218 1869 1303 1944 quod

224 1953 266 2027 Εξ
288 1957 429 2014 omittunt
456 1959 482 2013 in
506 1959 575 2023 uita;
605 1956 641 2012 de
664 1956 740 2012 Dav.
764 1956 870 2012 ceteris
892 1964 921 2012 et
944 1955 1012 2013 Gzii
1035 1958 1171 2028 tacetur).
1218 1955 1300 2012 Tau·

224 2042 335 2117 tologia
358 2042 474 2114 quidem
498 2050 527 2096 et
550 2040 712 2097 sententiae
730 2040 896 2097 absurditas
913 2052 1049 2116 apparet:
1072 2044 1115 2111 iia,
1138 2043 1187 2114 qui
1203 2043 1306 2096 virtrete

223 2132 369 2184 retinentur
386 2131 413 2183 in
429 2130 492 2191 uita,
511 2146 582 2182 more
601 2145 651 2182 non
668 2136 707 2182 eet
723 2127 881 2200 oppetenda.
915 2126 1001 2199 Quod
1019 2125 1155 2183 Bremius
1173 2125 1216 2182 sic
1233 2142 1305 2181 sen·

225 2212 345 2268 tentiam
370 2222 502 2268 enarrat:
528 2211 651 2283 „Neque
674 2210 791 2284 sapiens
815 2229 909 2285 neque
932 2211 1074 2285 insipiens
1090 2229 1143 2285 per
1160 2228 1191 2266 se
1210 2209 1302 2266 habet

225 2315 358 2361 eausam,
390 2314 441 2352 eur
464 2314 479 2351 e
503 2296 563 2352 rita
586 2295 740 2365 excedat“,
770 2296 959 2371 tautologiam
983 2296 1112 2352 occultat
1134 2295 1299 2372 sapientem

225 2381 429 2443 substituendo
452 2399 506 2454 pro
522 2384 564 2450 iis,
587 2383 635 2457 qui
650 2384 822 2439 retineantur.
846 2381 968 2437 alterum
988 2380 1091 2436 vitium
1109 2398 1167 2436 non
1185 2388 1304 2456 potest;

224 2467 270 2523 oni
294 2466 371 2522 enim
395 2466 424 2521 in
449 2475 574 2522 mentem
592 2466 693 2522 venire
717 2476 840 2541 poterat,
865 2466 1025 2539 sapientem
1050 2483 1103 2541 per
1125 2484 1156 2521 se
1179 2465 1221 2537 (id
1245 2475 1300 2532 est,

224 2551 253 2607 in
277 2551 434 2625 supientia)
454 2569 571 2607 causam
597 2551 738 2607 moriendi
757 2548 883 2607 habere?
917 2550 995 2607 Illud
1019 2550 1104 2617 addo,
1128 2568 1192 2607 eum
1214 2567 1302 2625 prae-

224 2636 358 2692 cesserit:
382 2646 406 2691 et
429 2637 554 2691 trianendi
574 2639 599 2691 in
622 2639 677 2691 vite
699 2645 723 2690 et
745 2637 880 2706 mipreudi
896 2638 973 2703 reno,
996 2635 1025 2691 in
1044 2652 1133 2691 causa
1149 2634 1303 2691 reddenda

224 2721 253 2777 in
278 2720 443 2778 huiusmodi
467 2719 661 2776 diiunctione:
684 2739 746 2774 riam
768 2724 902 2794 ireque—
921 2739 1004 2794 neque
1026 2729 1183 2794 utrumqne
1206 2719 1301 2794 signi·

225 2806 306 2863 ficari
329 2806 444 2873 debere,
469 2812 500 2860 ut
522 2804 554 2860 fit
576 2822 611 2860 ea
633 2802 730 2860 forma
752 2794 927 2877 loei,’quam
951 2805 1065 2861 restitui
1089 2806 1185 2878 (neque
1209 2837 1247 2846 -—
1272 2808 1301 2861 ire

224 2894 279 2947 vita
301 2893 436 2960 retinetur,
459 2909 544 2964 neque
567 2922 604 2932 -
628 2908 700 2946 more
722 2900 760 2945 est
782 2891 951 2964 oppetendo).
1244 2942 1251 2953 ,

310 2975 350 3030 Et
377 2993 458 3049 caepe
487 2976 601 3047 officium
625 2985 664 3030 eet
685 2978 825 3048 supientia)
850 2973 942 3032 Codd.
967 2974 1091 3031 aliorum
1115 2983 1147 3029 ut
1169 2973 1242 3029 mei:
1272 2983 1302 3029 nt

224 3078 317 3134 saepe,
348 3060 495 3116 mendose.
547 3057 684 3116 Correxit
708 3058 833 3118 Ursinus
861 3061 889 3130 (e
916 3060 1016 3116 codice
1045 3058 1096 3115 illo
1125 3060 1205 3131 suo),
1236 3067 1299 3115 tum

225 3144 395 3202 Lambinus
442 3144 561 3200 'l‘ransit
591 3143 665 3202 Cato
693 3163 711 3200 a
740 3144 874 3220 negando
902 3147 1021 3220 (cupiens
1049 3163 1100 3200 reon
1122 3147 1251 3200 retinetur
1272 3147 1301 3200 iu

224 3231 291 3301 vito)
324 3229 360 3285 ad
389 3229 515 3285 aientem
544 3229 718 3293 sententiani
747 3241 777 3285 et
804 3230 1040 3304 explicationem.
1091 3228 1191 3285 Minus
1218 3238 1302 3285 recte

224 3314 365 3371 Davisius
393 3332 409 3370 e
432 3312 509 3372 CCC
537 3313 655 3388 scripsit
683 3315 720 3370 At
746 3334 834 3389 coepe.
879 3315 951 3371 Mox
979 3334 1032 3390 pro
1060 3316 1205 3372 desciscere
1232 3313 1299 3371 eod.

225 3399 300 3456 Mor.
325 3399 459 3464 desistere,
483 3416 508 3471 χ,
532 3398 577 3456 ed.
597 3400 675 3455 1480
699 3407 726 3454 et
745 3399 820 3455 aliae
839 3400 992 3472 quaedam,
1016 3409 1048 3456 ut
1065 3398 1155 3468 Crat,
1179 3400 1299 3471 cleyicere.

227 3483 380 3552 „Firmani
398 3484 545 3558 vulgatam
561 3483 649 3558 Spin,
668 3483 738 3549 Eri,
756 3483 833 3540 Gud.
851 3488 902 3553 l“;
926 3484 1013 3540 etiam
1034 3504 1090 3559 mg.
1110 3484 1190 3542 Crat.
1203 3479 1302 3562 [AB]

309 3571 383 3641 quod
404 3578 443 3624 est
465 3576 646 3625 eorroerrienter
667 3579 780 3626 craturae
801 3568 900 3643 uiuere)
924 3569 955 3627 Si
980 3570 1021 3625 ita
1043 3569 1147 3628 Cicero
1170 3569 1301 3644 scripsit,

224 3671 298 3719 non,
322 3662 355 3708 nt
377 3653 457 3714 alibi,
481 3654 578 3709 minus
601 3653 737 3710 distincte
761 3654 934 3710 sententiam
960 3655 1113 3711 obscuram
1137 3665 1188 3710 aut
1210 3672 1296 3728 argu·

225 3738 433 3794 mentationem
457 3737 605 3794 difficilem
630 3738 777 3812 exposuit,
807 3740 857 3794 sed
882 3750 970 3804 recta,
1001 3749 1033 3795 nt
1055 3739 1096 3794 ita
1120 3739 1225 3803 dicant,
1250 3738 1301 3795 ria

225 3840 393 3878 corrrmnnes
411 3823 545 3879 notiones
559 3823 723 3895 eloquendo
736 3824 886 3897 pervertit.
921 3823 997 3896 Quid
1016 3835 1059 3880 est
1078 3823 1165 3893 eninr,
1177 3841 1302 3896 quaeso,

224 3907 288 3975 hoc,
307 3919 471 3982 opportune
490 3929 507 3963 a
526 3911 579 3963 vitu
590 3909 736 3964 desciscere
752 3927 816 3965 esse
835 3919 956 3965 naturae
973 3905 1300 3965 convenienterviuere?

224 3991 281 4065 Qui
302 4004 433 4049 mortuus
451 4004 538 4061 esset,
562 4011 626 4047 cum
641 3993 755 4048 demum
773 4012 841 4048 vere
855 3993 962 4056 virere,
982 3994 1098 4050 inerunt
1116 3993 1203 4049 etiam
1222 3993 1302 4050 inter

224 4077 371 4151 antiquos,
395 4078 443 4152 qui
464 4077 708 4144 vaticinarentur3
732 4077 825 4136 Stoici
843 4078 879 4134 ab
903 4098 936 4134 ea
960 4079 1106 4135 sententia
1128 4077 1302 4153 longissime

223 4162 354 4223 aberant,
379 4164 427 4236 qui
452 4162 632 4219 immortales
655 4181 718 4221 esee
739 4163 852 4218 animos
872 4182 928 4220 non
949 4164 1108 4230 ‹locebent;
1132 4164 1227 4237 ipsum
1246 4180 1298 4218 ex·

222 4263 336 4303 cessum
361 4266 375 4303 e
399 4248 460 4304 vita
488 4266 552 4304 esse
576 4248 680 4316 vitam,
710 4266 795 4304 nenio
820 4249 903 4304 dixit.
949 4248 1034 4321 Quod
1065 4258 1162 4305 autem
1193 4248 1300 4303 beatae

223 4332 302 4387 ritae
315 4333 369 4388 hoc
383 4347 425 4388 est
439 4334 599 4407 proprium,
619 4343 650 4389 ut
663 4331 749 4388 etiam
764 4344 928 4407 opportune
940 4334 1067 4402 finiatur,
1086 4333 1114 4389 id
1129 4352 1198 4389 vero
1211 4332 1301 4407 longe

222 4416 311 4473 aliam
330 4417 419 4473 habet
436 4418 619 4487 sententiam,
645 4436 701 4474 non
721 4418 804 4488 hanc,
829 4430 859 4474 ut
878 4419 907 4475 in
927 4429 1019 4474 inerte
1037 4431 1201 4494 opportuna
1219 4417 1301 4473 vitae
