3030 5086
255 465 317 530 662
643 485 687 529 ns
709 482 839 530 smmus
862 481 933 528 sou.

254 670 324 715 esse
336 652 537 730 moriendum,
554 660 657 716 tamen
670 651 809 716 discessu
825 670 844 716 a
859 651 922 716 suis
933 664 1028 732 atque
1038 651 1109 732 ipsa
1120 649 1337 732 relinquenda

254 754 321 817 luce
338 754 522 817 moveatur?
550 754 683 818 Maxime
699 763 801 818 autem
819 754 849 817 iu
867 754 925 818 hoc
941 753 1065 834 quidem
1082 773 1196 835 genere
1212 753 1261 818 vis
1278 758 1336 816 est

254 855 421 936 perspicua
439 866 579 935 naturae,
602 875 669 920 cum
693 864 724 920 et
745 855 974 919 mendicitatem
993 855 1081 919 multi
1098 856 1335 937 perpetiantur,

253 965 289 1020 ut
306 957 422 1035 vivant,
445 967 476 1022 et
498 967 652 1036 angantur
673 958 974 1040 appropinquatione
996 958 1104 1022 mortis
1123 957 1253 1023 confecti
1270 956 1336 1021 ho-

215 1062 236 1125 5
254 1059 353 1124 mines
375 1069 534 1125 senectute
556 1069 588 1125 et
609 1079 647 1125 ea
669 1058 837 1142 perferant,
860 1079 940 1140 quae
956 1059 1159 1124 Philoctetam
1182 1060 1337 1124 videmus

254 1161 284 1223 in
308 1159 434 1240 labulis3
457 1162 511 1243 qui
533 1181 602 1226 cum
620 1163 810 1227 cruciaretur
826 1181 888 1226 non
905 1160 1041 1227 ferendis
1059 1162 1227 1240 doloribus
1251 1180 1337 1243 pro·

322 1370 343 1413 3.
365 1366 434 1414 etiam
452 1365 622 1415 mendicantem
641 1367 662 1415 E
705 1375 726 1417 t.
747 1376 820 1431 oqant
837 1367 872 1415 od
888 1367 1105 1430 apropmquocione
1124 1367 1145 1415 E

253 1544 318 1615 quin
336 1551 403 1614 post
415 1540 505 1595 verba
523 1541 659 1615 negativa
671 1541 803 1616 negando
821 1541 850 1596 in
868 1540 1045 1596 contrarium
1059 1558 1153 1608 versa,
1171 1539 1260 1596 etiam
1277 1535 1337 1595 ubi

252 1626 383 1682 infinitae
401 1625 527 1682 orationi
551 1627 687 1701 proprius
709 1627 791 1683 locus
814 1635 885 1695 erat,
909 1636 941 1682 ut
964 1636 1029 1701 post
1051 1625 1104 1682 has
1127 1625 1237 1681 formas
1260 1642 1335 1681 ora·

253 1711 359 1768 tionis:
382 1714 443 1784 quis
465 1715 588 1783 iquorot?
610 1716 703 1785 ruspari
723 1732 773 1769 aori
793 1722 888 1786 potest,
914 1731 965 1768 non
986 1731 1027 1767 oae
1042 1713 1119 1783 follit
1142 1713 1152 1782 (
1155 1712 1251 1784 sapit),
1277 1728 1335 1764 non

253 1817 282 1853 eo
303 1798 418 1868 infitias,
447 1798 616 1853 dissimulem
637 1818 687 1854 uon
706 1808 807 1872 potest,
836 1817 886 1853 uon
908 1807 947 1853 est
969 1798 1122 1865 obscurum
1151 1795 1293 1870 exempla
1318 1812 1335 1850 e

253 1881 405 1951 Cicerone,
429 1881 566 1951 Caesare,
590 1884 784 1956 Quintiliano,
808 1881 908 1939 Gellio
931 1882 1050 1957 collegit
1068 1880 1139 1939 Otto
1156 1881 1193 1936 ad
1207 1882 1263 1949 IV,
1280 1879 1335 1936 32.

254 1966 340 2040 Quod
364 1966 441 2041 apud
465 1967 605 2024 Senecam
630 1969 737 2043 legitur
759 1968 794 2024 de
818 1967 921 2024 Benef.
934 1969 960 2024 V
964 1968 988 2035 Ι,
1013 1969 1040 2034 7,
1063 1968 1096 2023 2:
1119 1970 1183 2041 quin
1205 1985 1253 2022 nos
1279 1984 1333 2022 non

253 2054 360 2125 obb'pel,
384 2055 551 2126 mafferoni
573 2064 624 2110 est.
648 2054 690 2110 sic
712 2053 824 2128 coepit,
848 2053 931 2127 quasi
954 2052 1138 2109 subiecturus
1161 2061 1251 2108 esset:
1279 2070 1334 2107 nou

253 2149 292 2194 est
313 2139 436 2205 dubiurn3
460 2138 620 2212 eademqne
637 2139 751 2196 catione
768 2139 887 2214 ponitur
903 2158 954 2194 uon
971 2141 1111 2212 quaerimur
1127 2137 1205 2212 apud
1223 2136 1332 2210 Quint.

253 2225 308 2292 IV,
322 2226 350 2289 4,
364 2225 391 2279 4.
435 2224 525 2298 Apud
549 2223 687 2281 Ovidium
706 2225 796 2281 Trist.
811 2225 847 2287 V,
862 2225 889 2285 6.
903 2225 941 2281 27
967 2242 1019 2298 pro
1042 2242 1087 2293 eo,
1111 2222 1188 2297 quod
1211 2223 1334 2279 soloeee

253 2308 407 2367 scribitur:
431 2308 488 2366 Nec
506 2312 603 2383 procul
624 2330 641 2365 a
664 2330 724 2366 vero
746 2320 792 2369 est.
816 2311 889 2383 qood
911 2312 952 2366 uel
968 2311 1088 2383 patuaro
1110 2312 1232 2374 ornicum,
1257 2307 1336 2364 scri-

254 2394 380 2451 bendum
410 2405 455 2450 est
482 2412 546 2450 cum
575 2395 669 2451 tribus
697 2395 775 2470 apud
799 2393 973 2451 Merkelium
1003 2394 1166 2451 codicibus:
1195 2399 1261 2468 quin
1292 2394 1338 2450 vel

248 2483 378 2555 pulsarit.
413 2479 512 2553 (Quod
535 2480 682 2537 soloecum
706 2481 830 2537 alterum
847 2480 918 2545 dixi,
942 2498 1005 2536 eam
1023 2498 1140 2536 causam
1158 2479 1204 2555 egi
1217 2478 1333 2554 Opusc.

252 2565 347 2622 Acad.
364 2566 396 2621 11
408 2585 434 2640 p.
449 2565 509 2621 232
523 2568 598 2640 sqq.)
643 2563 829 2645 [Certissima
851 2565 1031 2622 correctione
1054 2565 1083 2621 in
1107 2563 1216 2623 Caecil.
1236 2563 1333 2623 Statii

252 2650 357 2726 fragm.
370 2651 447 2725 apud
459 2651 537 2707 Non.
550 2670 577 2725 p.
593 2653 654 2707 512
666 2651 817 2707 scribitur:
841 2651 914 2706 Nam
930 2655 995 2725 quin
1011 2653 1115 2707 duriter
1136 2670 1183 2707 nos
1205 2652 1334 2706 ediscant

262 2770 303 2801 -—,
326 2756 377 2791 non
399 2731 499 2814 crepat]
546 2736 586 2795 Ut
609 2736 646 2792 ad
669 2736 840 2794 Ciceronem
864 2737 990 2794 redeam.
1015 2737 1090 2792 mule
1113 2735 1205 2794 Gzius
1228 2747 1259 2792 et
1281 2753 1332 2792 re·

253 2820 407 2884 cantiones
431 2821 524 2877 eiecta
547 2840 617 2878 vera
639 2822 794 2897 scriptura,
817 2841 903 2896 quam
929 2823 1017 2879 habet
1039 2821 1126 2878 etiam
1146 2818 1186 2901 [B
1203 2817 1246 2900 et]
1271 2839 1334 2896 mg.

253 2906 343 2975 Crat,
367 2925 430 2962 eam
449 2906 540 2963 secuti
559 2916 651 2977 erant,
675 2926 750 2982 quae
768 2926 805 2963 ex
823 2907 867 2963 ed.
880 2908 908 2964 R
923 2908 952 2963 in
971 2907 1044 2964 alias
1062 2908 1202 2981 quasdam
1214 2907 1334 2976 (Mars,

254 2991 346 3064 Crat.)
370 3003 531 3067 propagata
554 3002 611 3057 est,
635 3012 673 3049 ex
696 3011 754 3066 qua
776 2993 903 3048 absurda
925 2993 1070 3050 sententia
1093 2991 1231 3062 efficitur,
1256 2992 1333 3048 item

254 3078 290 3134 de
313 3077 444 3153 sapiente
468 3077 645 3135 existimari.
676 3078 920 3151 quemadmodum
950 3078 985 3134 de
1007 3077 1169 3134 infantibus
1193 3088 1222 3133 et
1243 3075 1330 3133 feris.

335 3164 506 3237 propopobat
528 3174 614 3220 tornes
638 3167 718 3219 vitam
740 3167 866 3238 aucupio)
885 3164 941 3230 ¹Sic
960 3164 1020 3220 Erl.
1043 3163 1197 3238 perspicue
1216 3158 1260 3241 [et
1278 3157 1333 3240 Β].

253 3267 307 3304 nec
330 3247 431 3304 dubito
455 3248 489 3304 de
508 3247 585 3323 Spir.
622 3250 698 3306 Miro
715 3268 813 3305 errore
826 3248 920 3307 Gzius
942 3249 971 3305 in
995 3258 1119 3322 utroque
1142 3257 1242 3303 narrat
1264 3264 1336 3305 esse

253 3337 367 3408 aucupio
388 3335 478 3403 ,feras
523 3334 695 3391 Deteriores
723 3335 806 3391 codd.
835 3343 864 3390 ct
892 3334 1049 3390 editiones:
1080 3336 1193 3407 aucupio
1214 3335 1335 3405 adpicta·

253 3439 322 3483 rum,
347 3419 425 3492 quod
448 3419 518 3493 quid
541 3430 628 3489 esset,
654 3420 793 3476 Davisius
816 3438 846 3476 se
864 3419 1000 3494 ignorare
1017 3418 1172 3475 fatebatur.
1207 3418 1286 3474 Nam
1306 3418 1336 3476 si

254 3503 333 3578 quod
361 3517 405 3560 est
433 3504 605 3580 sagittarum
635 3505 807 3580 aucupium,
837 3505 867 3560 id
890 3504 1034 3561 eiusmodi
1057 3514 1116 3572 est,
1146 3515 1179 3559 ut
1205 3503 1335 3579 sagittas

253 3607 358 3664 capere
387 3590 570 3658 studeamus,
599 3590 746 3664 quomodo
774 3591 913 3647 verbomem
940 3595 1056 3665 occcupio
1084 3590 1233 3652 dicuntur,
1263 3607 1335 3646 cum

254 3675 345 3731 verba
356 3694 546 3750 aucupamur,
563 3686 592 3732 et
608 3679 795 3746 delectationis,
815 3694 880 3732 cum
894 3676 1127 3732 delectationem.
1150 3674 1218 3733 Suis
1230 3685 1334 3732 autem

254 3760 352 3817 verbis
382 3763 518 3834 (quorum
547 3762 655 3818 similia
683 3763 820 3838 leguntur
843 3762 878 3817 de
901 3763 966 3819 Inv.
991 3763 1021 3828 I,
1046 3764 1078 3817 ⁶2:
1108 3761 1160 3817 sibi
1180 3765 1251 3817 victu
1266 3762 1336 3834 fero

253 3850 336 3903 vitam
359 3849 560 3922 propoqobont)
588 3847 692 3906 Cicero
720 3847 857 3904 universe
891 3867 926 3904 ea
953 3847 1112 3924 significat,
1147 3865 1221 3920 quae
1251 3845 1335 3921 apud

255 3931 372 3989 Attium
400 3933 523 4007 poeticis
551 3934 699 3991 coloribus
727 3935 806 4009 picta
829 3946 927 4002 erant,
959 3933 1063 3990 deindo
1093 3933 1157 4008 ipsa
1184 3932 1334 4005 quaedam

254 4017 331 4073 Attii
356 4018 446 4075 verba
468 4030 552 4075 acute
576 4020 654 4075 dicta
676 4020 767 4087 addit,
790 4030 823 4076 ut
845 4031 996 4095 appareat,
1020 4038 1138 4095 operam
1162 4017 1268 4073 lusisse
1292 4015 1337 4076 G.

255 4103 466 4171 Hermannum,
490 4122 555 4161 cum
578 4104 699 4178 (Opusc.
718 4105 812 4161 Acad.
837 4106 884 4162 III
904 4125 931 4179 p.
950 4107 1021 4176 121)
1045 4124 1060 4159 e
1083 4112 1222 4176 corrupta
1245 4120 1336 4177 prae·

255 4188 354 4245 sertim
384 4189 529 4264 scriptura
557 4190 634 4245 hunc
662 4208 777 4246 versum
807 4190 950 4246 efiiceret:
985 4192 1072 4246 Vitam
1099 4192 1259 4261 rapiciorum
1282 4208 1337 4244 aar·

254 4277 331 4348 cupio
350 4278 522 4349 propoqt'not.
556 4275 633 4331 Attii
657 4275 733 4330 hunc
756 4275 852 4331 locum
877 4294 1048 4349 expressum
1066 4274 1156 4330 fuisse
1174 4273 1211 4329 ad
1229 4292 1337 4331 eorum

255 4359 487 4430 similitudinem,
510 4379 585 4435 quae
608 4362 636 4417 in
661 4361 817 4436 Sophoclis
843 4361 967 4416 Philoct.
981 4380 1008 4416 v.
1025 4362 1083 4417 164
1096 4378 1158 4433 sqq.
1183 4359 1340 4435 leguntur,

257 4445 443 4503 manifestum
467 4458 522 4505 est.
995 4457 999 4467 '
