3030 5086
663 395 856 444 ensera'rto.
1251 381 1295 446 XI
1311 373 1313 376 ’

219 586 276 632 eas
298 567 479 647 scripturas,
503 584 581 647 quas
603 567 757 630 Gruterus
779 566 808 630 in
833 567 915 631 notis
938 566 1056 647 posuit,
1080 588 1174 634 unam
1196 569 1294 634 11111-
1410 551 1413 561 ¹

219 685 331 752 teram,
353 674 481 738 minoris
503 672 569 738 fere
586 674 742 752 momenti,
766 673 860 738 tacite
876 673 969 739 ePal.
984 676 1000 736 1
1020 675 1191 757 sumpsisse
1207 677 1294 742 vide·

219 790 287 861 tur,
316 800 396 864 quae
423 799 525 862 neque
547 787 619 846 ante
641 800 711 846 eum
733 780 890 861 reperitur
911 789 942 846 et
963 800 1045 846 nunc
1067 802 1087 847 a
1109 784 1213 849 codice
1235 784 1294 848 Er·

218 890 362 972 langensi
389 888 603 966 confirmatur,
631 895 666 953 ut
687 889 716 966 1,
738 889 780 955 bo
807 889 846 953 sil
873 907 935 952 noa
956 887 1066 967 dolere,
1095 891 1141 969 ΙΙ,
1164 892 1206 956 20
1228 911 1295 954 eone

140 1057 145 1063 .
217 998 330 1077 ipsam,
350 998 393 1062 45
415 995 484 1060 aliis
504 995 616 1073 indos,
639 996 680 1061 59
702 995 795 1078 daque
816 995 863 1061 lois
882 996 980 1073 rebus,
1002 997 1045 1062 84
1057 997 1155 1077 possit
1169 997 1293 1075 rolloni,

219 1107 264 1171 85
279 1105 372 1187 igitar
388 1105 496 1185 ipsum.
530 1105 579 1185 (In
597 1104 732 1184 quinque
747 1124 765 1169 e
782 1123 836 1169 sex
852 1104 928 1170 locis
944 1111 1065 1170 tantum
1077 1104 1174 1170 verba
1189 1112 1293 1170 trans·

218 1214 403 1295 ponuntur.)
439 1213 539 1298 [Haec
554 1230 636 1276 nunc
652 1212 756 1276 omnia
772 1210 1002 1291 confirmantur,
1025 1219 1091 1279 toto
1110 1213 1223 1292 codice
1241 1201 1296 1293 qui

219 1322 252 1386 in
275 1320 460 1386 bibliotheca
482 1321 635 1384 Vaticana
657 1329 801 1384 servatur
827 1321 908 1384 inter
930 1326 1051 1386 ceteros
1072 1320 1233 1385 Palatinos
1256 1337 1293 1384 eo

220 1430 402 1506 translatos,
420 1448 449 1492 n.
464 1428 831 1508 testamentariam,
849 1427 964 1492 saeculi
976 1428 1138 1506 undecimi,
1150 1446 1171 1491 a
1182 1427 1294 1493 Garolo

221 1537 347 1602 Prienio
364 1536 527 1617 diligenter
537 1535 659 1614 collato,
676 1555 770 1617 quam
787 1535 980 1600 collationem
998 1553 1036 1598 ex
1048 1535 1161 1600 Halmii
1178 1536 1293 1600 etBai·

220 1645 281 1710 teri
294 1645 428 1710 editione
440 1650 537 1707 totam
550 1661 643 1724 quarn
655 1644 743 1724 potui
754 1644 987 1708 accuratissime
1004 1643 1035 1707 in
1054 1644 1133 1708 hanc
1150 1642 1293 1707 transtuli

218 1756 260 1818 ad
280 1762 420 1817 nostrum
438 1757 613 1816 contextum
630 1752 903 1830 accommodatam,
926 1761 969 1829 ut,
989 1751 1015 1816 si
1033 1752 1072 1815 de
1088 1769 1125 1816 eo
1142 1751 1174 1815 in
1191 1752 1292 1816 varic·

219 1868 286 1926 tate
308 1860 481 1941 scriptume
503 1860 620 1938 siletur,
643 1878 712 1924 cum
735 1867 879 1924 contexte
895 1860 1071 1925 consentire
1087 1858 1291 1936 intellegatur.

221 1968 356 2033 Tantum
378 1976 532 2033 retentam
554 1974 743 2031 rnutatamve
764 1968 795 2031 in
817 1967 1001 2040 accusativis
1024 1967 1134 2032 tertiae
1157 1965 1292 2030 declina-

220 2076 314 2140 tionis
336 2076 541 2156 antiquiorem
565 2074 812 2140 torrninationem
837 2075 957 2155 (omnis,
979 2078 1107 2155 onium),
1130 2092 1224 2155 quam
1246 2075 1292 2138 in-

219 2183 424 2248 constantiam
453 2183 598 2247 Baitcrus
627 2184 656 2246 in
686 2200 743 2246 suo
772 2190 916 2247 contentu
944 2182 1135 2264 expressisse
1162 2182 1293 2261 videtur,

220 2291 304 2355 nolui
327 2291 399 2355 inde
421 2309 596 2372 excerpere.
631 2290 774 2356 Codicem
791 2301 825 2355 ut
841 2290 1025 2355 BaitcrusA
1043 2291 1211 2371 appellavi3
1236 2308 1293 2353 nu·

220 2417 325 2462 merus
347 2398 473 2463 additus
495 2399 653 2480 antiquam
676 2417 800 2462 uranum
829 2408 859 2462 et
882 2398 1083 2464 recentiorem
1107 2395 1291 2479 distinguit]

307 2505 436 2571 Praeter
462 2507 561 2586 ipsius
584 2506 712 2571 Gruteri
740 2506 862 2571 codices
887 2506 1016 2577 „Daniel
1038 2505 1185 2570 Heinsius
1209 2505 1293 2570 misit

221 2615 262 2677 ed
285 2633 354 2678 enm
372 2614 496 2695 Iosepbi
513 2613 661 2696 Scaligeri
683 2615 804 2692 librum,
827 2614 876 2678 cui
893 2632 1024 2695 magnus
1041 2614 1091 2677 ille
1108 2613 1154 2676 vir
1173 2613 1291 2695 ascrip-

221 2729 307 2786 serat
328 2721 475 2786 lectiones
497 2723 654 2787 vadantes
683 2721 798 2786 codicis
823 2721 953 2786 veteris*
979 2721 1083 2802 (Grut
1106 2723 1146 2786 ad
1169 2723 1184 2787 Ι
1206 2725 1292 2799 12).

220 2829 252 2893 Is
275 2830 371 2895 codex
393 2830 478 2910 apud
501 2829 669 2895 Gruterum
693 2830 908 2910 Scaligeranus
930 2829 1115 2910 appellatur,
1137 2829 1292 2893 interdum

221 2936 410 3018 Scaligerani
428 2937 495 3001 libri
514 2956 621 3018 margo
634 2939 725 3018 (adl,
740 2938 802 3019 16),
824 2937 884 3001 hoc
900 2944 956 3015 est,
975 2955 1034 3000 non
1053 2937 1167 3001 codicis
1184 2956 1292 3000 munu-

221 3045 328 3126 scripti
346 3064 463 3125 margo,
486 3047 541 3110 sed
559 3047 714 3126 scriptura
737 3065 773 3110 ex
795 3045 847 3108 illo
863 3046 893 3108 in
911 3045 1052 3122 margine
1069 3045 1199 3126 exenilili
1217 3045 1294 3109 editi

221 3162 385 3231 annotata3
408 3153 579 3233 eodemque
597 3153 690 3217 modo
705 3153 756 3217 illa
773 3153 908 3234 intellegi
922 3154 1076 3218 Gruterus
1090 3153 1195 3232 voluit,
1213 3172 1293 3234 quae

221 3260 363 3341 ambiguo
385 3268 417 3325 et
439 3261 637 3342 neglegenter
659 3261 776 3341 posuit:
796 3260 957 3341 „Scaliger
973 3261 1012 3325 ad
1030 3280 1115 3325 oram
1134 3261 1206 3326 libri
1223 3260 1290 3326 sui“

222 3369 279 3445 (ad
300 3368 328 3446 l,
353 3369 386 3449 Ι)
408 3377 476 3432 ant:
507 3368 573 3438 „Sc
601 3369 641 3432 ad
665 3386 752 3431 oram
775 3368 845 3432 libri
867 3367 990 3432 allevit“
1016 3362 1070 3450 (ad
1088 3370 1122 3443 Ι,
1148 3371 1201 3448 12)
1224 3379 1291 3433 aut:

224 3480 289 3545 „Sc
308 3475 385 3539 libro
404 3495 461 3540 suo
474 3476 638 3556 ascripsit“
653 3477 709 3555 (ad
720 3477 759 3554 ΙΙ,
775 3479 813 3539 lb·
825 3474 888 3554 bis)
901 3476 966 3539 sive
980 3477 1167 3556 „ascriptum
1178 3476 1290 3540 habet“

222 3585 275 3663 (ad
299 3584 342 3660 ΙΙ,
367 3585 435 3663 18);
464 3603 652 3665 quaniquam
675 3584 845 3661 interdum,
874 3583 967 3647 etiam
991 3584 1042 3646 ubi
1065 3594 1173 3663 aperte
1196 3585 1293 3648 codex

221 3690 406 3770 appellatur,
429 3703 484 3756 aut
506 3693 683 3756 coniectura
705 3690 834 3755 subesse
856 3691 979 3755 ridetur
1000 3699 1055 3754 ant
1077 3692 1234 3774 scriptura
1256 3712 1293 3756 11

221 3799 280 3861 alio
303 3799 457 3864 deteriore
478 3800 584 3864 codice
606 3806 769 3875 annotata,
798 3805 831 3862 ut
854 3799 883 3877 I,
908 3800 924 3862 Ι
949 3801 1024 3880 (oron
1047 3797 1153 3878 orzolo),
1183 3799 1228 3876 II,
1252 3801 1293 3864 titi

221 3905 405 3985 („Scaligeri
428 3918 516 3972 vetus
538 3907 675 3971 habebat
696 3910 806 3969 testato
827 3906 905 3969 einr⁴
931 3924 1000 3970 cum
1024 3906 1068 3969 El.
1096 3908 1137 3986 1),
1168 3906 1229 3983 ΙΙΙ,
1251 3909 1293 3969 42

221 4014 351 4091 (rectione
371 4034 475 4077 eorum
497 4015 572 4097 qui).
607 4015 686 4078 Illud
708 4014 829 4087 mirum,
852 4016 935 4095 quod
959 4015 999 4078 nd
1018 4023 1161 4094 quartum
1180 4014 1292 4078 librum

221 4121 323 4185 subito
334 4122 411 4187 haec
422 4123 609 4187 obiciuntur:
630 4121 804 4202 „quomodo
818 4122 922 4202 (minen
938 4119 1135 4200 explicandae
1150 4121 1292 4194 rationis)

222 4231 313 4292 etiarn
326 4228 433 4294 laudat
444 4250 480 4295 ex
493 4229 617 4304 Cuiacii,
629 4239 714 4309 puto,
726 4229 914 4294 membranis
927 4228 1083 4309 Scaliger*
1098 4231 1152 4309 (ad
1164 4248 1188 4293 c.
1202 4230 1229 4306 i,
1239 4228 1292 4308 is)

222 4345 254 4399 et
275 4334 363 4402 haec:
389 4338 519 4418 „Aptius
541 4335 650 4415 libellis,
673 4337 755 4416 qnod
779 4355 795 4399 1
814 4336 927 4402 Cuiacii
950 4339 1056 4403 codice
1074 4345 1293 4401 ariuotatuma
