3030 5086
468 498 511 544 ar
536 498 615 544 uari.
639 498 701 544 ura.
725 499 746 544 v
768 498 841 544 aar.
861 502 901 546 aa.
917 498 1048 560 (se-st.)
1229 481 1290 545 tlt

217 667 249 730 in
273 684 307 730 re
328 664 452 747 publica
473 670 505 728 et
526 683 606 744 qnae
628 682 685 744 per
707 665 768 729 virn
791 665 927 731 oblatum
951 674 1093 747 stuprum
1116 665 1293 730 voluntaria

218 772 319 831 morte
341 766 448 846 lueret
470 766 598 830 inventa
620 773 677 846 est,
700 773 731 829 et
753 766 805 845 qui
827 765 921 830 filiam
943 765 1140 845 interficeret,
1163 784 1202 831 ne
1225 774 1292 831 stu·

218 874 378 950 praretur;
407 885 487 948 quae
513 867 639 948 quidem
666 867 771 931 omnia
797 873 829 932 et
855 866 1091 932 innumerabilia
1117 876 1291 949 praeterea,

218 968 289 1050 quis
317 975 379 1047 est,
408 968 482 1048 quin
509 968 684 1048 intellegat,
714 978 746 1033 et
773 987 840 1045 cos,
874 968 927 1048 qni
956 967 1098 1047 iecerint,
1132 967 1293 1051 dignitatis

291 1126 310 1168 1.
335 1119 448 1169 Lucretio
469 1129 491 1169 et
513 1137 576 1183 quae
597 1134 685 1168 omnes
723 1118 786 1183 pium
810 1122 931 1184 (proper
952 1119 1008 1184 rim)
1033 1121 1054 1169 E
1112 1125 1133 1170 2.
1154 1121 1292 1184 aurasicum

208 1186 291 1252 fliium
309 1187 443 1238 hucuca
485 1193 507 1239 8,
527 1205 555 1237 ue
574 1188 631 1252 (pro
648 1189 761 1252 quae)E
802 1194 817 1234 4
844 1189 888 1251 qui
902 1190 959 1252 (pro
977 1188 1043 1252 quin)
1063 1189 1084 1237 E
1103 1188 1145 1251 qui
1160 1205 1206 1238 non
1224 1197 1290 1246 cett..

216 1254 262 1323 ,0³-
289 1255 396 1319 jecerint
413 1256 502 1307 omi.

303 1388 328 1435 ct
349 1397 419 1452 quae
436 1396 488 1453 per
508 1379 573 1448 uim)
596 1378 661 1435 Iam
683 1377 713 1433 in
736 1375 800 1435 cod.
825 1377 905 1436 arch.
929 1396 1035 1434 nornen
1058 1377 1183 1434 feminae
1206 1377 1291 1435 aPi·

217 1480 289 1520 sone
311 1463 506 1538 significatae,
535 1462 582 1519 cni
606 1481 642 1519 ne
664 1463 821 1519 verborum
844 1462 961 1537 quidem
985 1462 1057 1519 ordo
1080 1461 1176 1519 locum
1198 1461 1291 1520 ullum

218 1547 366 1622 relinquit,
389 1547 519 1604 additum
543 1557 620 1615 erat3
643 1566 711 1604 nam
734 1547 864 1605 Lucretia
886 1558 910 1605 et
932 1567 1002 1621 quae
1019 1546 1096 1623 Spir.
1115 1545 1186 1625 [B]‚
1210 1547 1289 1605 Oxx.

218 1651 335 1704 omnes,
364 1632 429 1689 edd.
452 1642 519 1689 ante
544 1632 621 1689 Vict.
645 1641 674 1688 et
696 1633 793 1699 Man„
816 1650 865 1703 ac,
889 1632 919 1689 ni
942 1630 1045 1702 fallor,
1068 1632 1151 1689 codd.
1175 1651 1291 1702 omnes;

218 1717 298 1791 quod
325 1717 403 1774 enirn
432 1716 524 1775 Gaius
552 1717 711 1793 significat,
744 1717 774 1773 in
803 1717 908 1774 ceteris
936 1717 997 1774 suis
1024 1716 1129 1774 fnisset
1162 1717 1293 1774 Lucretia

217 1820 289 1876 quae
315 1801 474 1876 (quomodo
503 1801 678 1876 pravitatem
712 1802 860 1858 occultare
890 1811 1013 1859 conatur
1040 1803 1086 1858 ed.
1115 1801 1225 1876 Crat),
1260 1811 1293 1859 ut

218 1885 304 1944 valde
327 1887 467 1956 dubitem,
490 1884 562 1944 facit
584 1887 664 1946 Oxx.
689 1896 718 1943 et
741 1905 871 1944 meorum
895 1905 1062 1944 consensus.
1103 1888 1222 1961 Repihus
1243 1890 1292 1945 mi·

217 1974 302 2029 simus
323 1980 353 2028 et
367 1973 456 2045 filiam
478 1973 634 2045 interjiceret
656 1990 671 2028 e
694 1972 758 2031 solo
781 1972 842 2030 Erl.
867 1968 911 2052 [et
935 1967 973 2050 B]
998 1972 1074 2042 dedi,
1100 1990 1137 2028 ex
1161 1972 1291 2029 eiusdem

216 2067 316 2113 autern
334 2052 379 2136 [et
392 2052 429 2135 B]
448 2056 605 2133 perspicuo
616 2056 741 2132 vestigio
758 2060 831 2130 quin.
866 2057 960 2115 Gaius
977 2066 1064 2113 tacet.
1099 2053 1148 2136 [In
1160 2056 1205 2114 ed.
1221 2057 1289 2115 min.

218 2140 355 2199 Baitarus
378 2141 502 2199 Balium
526 2150 644 2199 secutus
666 2144 762 2198 elueret
783 2141 911 2216 scripsit.
946 2142 1051 2216 Neque
1073 2152 1197 2217 stuprum
1219 2141 1292 2199 elui-

218 2236 276 2296 tur,
298 2226 349 2283 sed
372 2228 479 2283 macula
501 2226 543 2300 (in
567 2226 696 2304 Philipp.
714 2226 788 2298 XII,
810 2228 846 2283 12
865 2246 882 2283 a
904 2229 1030 2301 sanquine
1052 2228 1174 2283 verbum
1197 2235 1292 2284 trans·

217 2310 309 2368 latum
332 2320 377 2368 est
399 2311 488 2368 etiarn
511 2312 548 2367 ad
568 2314 820 2386 praedicationem),
851 2328 905 2368 nec
933 2321 1026 2368 morte
1053 2310 1212 2386 quidquam
1241 2314 1295 2368 elui

219 2403 325 2471 potest.
359 2396 507 2475 ‚Lucretia
534 2396 622 2452 etiarn
651 2415 704 2471 per
731 2397 791 2453 vim
819 2395 919 2453 oblato
947 2406 1049 2472 stupro
1077 2396 1120 2452 sic
1147 2414 1179 2452 se
1206 2397 1292 2470 quasi

216 2481 446 2538 consceleratum
469 2481 593 2555 putavit,
617 2489 649 2538 ut
671 2490 765 2538 morte
788 2481 925 2538 luendum
949 2480 1097 2555 piaculum
1121 2479 1222 2557 esset]

303 2575 328 2623 et
344 2585 395 2631 eos,
415 2568 464 2640 qui
471 2568 640 2640 jecerint—
652 2567 766 2641 nosque)
784 2566 889 2625 Cicero
906 2576 974 2640 post
990 2565 1188 2623 accusativum
1207 2565 1292 2623 initio

217 2650 345 2726 positum
368 2654 451 2725 (qnae
472 2653 580 2724 quidem
602 2653 700 2724 omm'a)
718 2652 761 2709 sic
784 2651 908 2708 subiecti
931 2651 960 2707 in
984 2652 1042 2707 dno
1061 2669 1170 2727 genera
1189 2651 1292 2708 tributi

217 2737 255 2806 (et
281 2755 326 2793 eos
348 2768 387 2778 -
416 2737 528 2810 nosque)
556 2735 683 2810 priorem
711 2745 824 2813 partem
854 2735 966 2810 posuit,
1001 2746 1033 2792 ut
1061 2746 1196 2812 putemus
1225 2735 1292 2793 huic

217 2819 350 2878 subiecto
376 2820 546 2878 adiunctum
576 2820 611 2877 iri
640 2821 784 2878 eiusmodi
808 2820 945 2889 verbnm,
974 2839 992 2877 a
1019 2839 1077 2895 qao
1105 2820 1292 2877 accusativus

216 2904 268 2962 illc
291 2905 418 2981 pandere
441 2906 535 2980 possit
556 2906 650 2979 (velut
671 2907 727 2962 hac
749 2906 877 2962 ratione:
900 2914 924 2962 et
945 2925 1003 2973 eos,
1025 2908 1074 2979 qui
1088 2907 1213 2979 fecerint,
1236 2909 1293 2962 sine

218 2991 275 3046 ulla
300 3009 348 3065 spe
374 2994 498 3048 utilitatis
519 2993 638 3065 fecisse).
683 2991 771 3049 Nunc
793 2990 895 3047 durius
916 2990 1036 3046 omnino
1064 3007 1118 3047 nec
1140 2990 1203 3047 sine
1226 3009 1292 3065 per·

218 3074 385 3133 turbatione
407 3075 508 3150 aliqua
530 3075 671 3133 orationis
694 3075 880 3133 accusativus
902 3075 1008 3150 pendet
1031 3075 1209 3131 arelativae
1226 3093 1291 3131 sen·

218 3161 328 3217 tentiae
340 3161 440 3231 verbo,
460 3171 637 3237 propterque
655 3180 719 3218 eam
732 3178 850 3218 cansam
869 3161 898 3217 in
916 3161 1009 3216 altero
1028 3160 1158 3216 membro
1175 3159 1294 3217 additur

217 3264 249 3301 ea
271 3246 444 3318 (laudunus),
468 3246 546 3319 qnod
568 3245 654 3303 aliter
677 3246 781 3302 melius
804 3245 929 3303 abesset.
962 3245 1041 3300 Illud
1063 3244 1180 3319 quidem
1200 3244 1292 3301 mani·

218 3327 325 3387 festum
348 3339 408 3397 est,
436 3330 484 3386 hic
512 3330 541 3386 in
565 3330 687 3387 duarum
711 3331 839 3407 partium
868 3329 1018 3387 notatione
1046 3338 1074 3386 at
1102 3330 1292 3387 distinctione

219 3413 381 3489 particulae
408 3426 433 3472 et
461 3415 554 3472 subici
582 3435 648 3489 qne,
679 3425 710 3473 nt
737 3415 824 3472 huius
852 3415 910 3472 loci
936 3414 1012 3471 ratio
1040 3414 1176 3471 habenda
1202 3413 1293 3472 inerit

218 3498 346 3569 Handio‚
369 3500 419 3574 qni
436 3501 525 3559 Tura.
538 3501 570 3557 II
582 3520 610 3576 p.
624 3502 683 3558 527
697 3519 740 3574 sq.
763 3500 818 3558 hoc
841 3499 960 3557 omnino
983 3518 1001 3556 a
1018 3499 1160 3559 Cicerone
1177 3500 1292 3556 abiudi-

218 3583 305 3641 cavit
339 3582 458 3642 Oblitus
481 3595 526 3642 est
548 3586 636 3642 etiam
660 3585 731 3656 eins,
755 3585 834 3660 qnod
856 3586 872 3643 I
894 3585 931 3642 ad
954 3585 1037 3643 Fam.
1052 3588 1068 3641 5
1083 3585 1144 3654 b‚1
1170 3584 1292 3661 legitur:

217 3670 400 3745 Posteaquam
417 3671 561 3746 Pompeius
583 3681 614 3727 et
634 3691 651 3726 a
654 3673 726 3746 pud
743 3673 906 3746 populum
922 3673 1037 3728 amatore
1052 3673 1220 3744 oonmcioque
1237 3673 1291 3727 iac·

218 3763 292 3813 tatus
307 3764 347 3812 est
362 3757 396 3811 in
412 3765 602 3829 narrataque
618 3776 636 3812 a
653 3757 756 3813 catone
767 3776 863 3832 aspere
879 3765 903 3813 et
919 3756 1013 3812 acerbe
1028 3752 1180 3829 nimium(?)
1196 3746 1292 3828 mapno

217 3840 320 3898 silmas
340 3849 380 3897 est
401 3852 553 3910 accusatus,
576 3844 650 3898 visus
667 3852 706 3897 est
727 3852 781 3898 cot.
815 3839 892 3919 [cfr.
904 3841 941 3897 ad
954 3842 1018 3897 Att.
1031 3841 1118 3910 XVI,
1132 3842 1160 3905 4,
1174 3841 1206 3896 4:
1230 3860 1292 3896 nam

218 3934 243 3982 et
263 3927 321 4001 ipse
342 3925 479 3983 Domitius
501 3927 568 3983 bona
587 3928 670 4001 piane
693 3927 770 3982 habet
791 3928 922 3997 dr'crota‚'
938 3935 1052 4000 suntque
1079 3928 1185 3998 naviqia
1210 3944 1292 4000 prae·

217 4009 471 4088 incontaminata]
514 4010 602 4069 Alios
624 4021 723 4068 autern
746 4011 826 4068 locos
849 4029 907 4067 non
930 4023 1009 4067 reate
1032 4010 1195 4079 enarravit;
1224 4029 1291 4067 narn

217 4094 306 4153 Tusc.
329 4097 353 4165 Ι,
377 4098 397 4153 4
420 4096 529 4153 nemini
552 4096 754 4171 persvndebit,
778 4098 859 4169 ipitnr
880 4105 905 4152 et
926 4097 1135 4171 Epaminondas
1157 4095 1215 4152 dici
1238 4114 1292 4170 pro

217 4182 297 4237 etiam
319 4182 366 4239 vel
388 4183 455 4239 odeo
477 4183 700 4256 Epaminondas,
729 4199 763 4237 aa
785 4199 843 4237 non
866 4180 896 4237 in
920 4181 1066 4257 particula
1087 4191 1111 4238 et
1133 4180 1292 4257 significari

217 4264 276 4322 iam
298 4266 421 4324 alterurn
446 4267 654 4324 Themistoclis
677 4265 854 4341 exemplum.
898 4267 945 4323 Ne
968 4265 1041 4323 illud
1063 4265 1190 4340 quidam,
1214 4264 1292 4339 quod

217 4348 326 4427 legitur
348 4370 401 4428 pro
423 4353 510 4411 Rosc.
535 4354 604 4409 Am.
629 4352 669 4408 48
692 4354 729 4424 (et
750 4356 804 4427 ipsi
824 4353 925 4409 incensi
944 4353 1132 4421 euristeum,
1160 4353 1234 4426 quari
1254 4351 1294 4408 aa

217 4454 314 4509 aprum
335 4439 472 4495 cokndum
493 4441 595 4508 attinet,
618 4441 753 4512 uitamque
774 4438 844 4495 itanc
865 4440 995 4495 rusticam
1016 4468 1058 4481 -
1081 4437 1292 4495 honestissimam
