3030 5086
251 460 316 526 434
642 479 687 524 nn
709 477 841 525 rmrsus
863 477 935 524 son.

252 645 418 724 eiusmodi;
451 645 587 726 itemque
614 664 736 724 eorum,
769 663 850 727 quae
877 645 1205 713 nullaaestimatione
1232 648 1334 730 digna

252 753 366 826 essent,
389 747 504 828 partim
527 747 605 812 satis
622 747 740 814 habere
758 765 881 826 causae,
904 748 1104 829 quamobrem
1127 749 1332 828 reicerentur,

252 859 288 913 ut
315 849 468 929 dolorem,
499 849 656 927 morbum,
684 867 832 914 sensuum
859 849 1071 928 amissionem,
1098 857 1331 932 paupertatem,

251 949 463 1031 ignominiam,
486 949 599 1014 similia
615 950 736 1024 horum,
758 949 873 1030 partim
891 969 951 1015 non
970 950 1053 1015 item.
1086 950 1169 1016 Hinc
1187 957 1236 1016 est
1251 951 1332 1017 illud

215 1054 405 1130 baxortrrm
428 1052 511 1133 quod
533 1051 617 1116 Zeno
639 1049 831 1130 προηγμένον,
856 1057 1027 1133 contraque
1048 1053 1133 1133 quod
1156 1047 1331 1132 ἀποπροηγ-

252 1149 341 1230 μένον
357 1153 538 1232 nominavit,
560 1171 632 1233 cnm
646 1159 788 1217 uteretur
805 1153 836 1216 in
852 1151 957 1235 lingva
974 1154 1101 1234 copiosa
1118 1152 1208 1218 factis
1224 1160 1331 1219 tamen

253 1253 429 1319 nominibus
456 1272 494 1319 ac
515 1254 621 1332 novis,
647 1254 732 1335 quod
759 1252 849 1318 nobis
877 1255 908 1318 in
937 1255 995 1319 hac
1020 1255 1108 1336 inopi
1134 1255 1239 1337 lingva
1267 1274 1329 1321 non

252 1355 447 1435 conceditur;
464 1373 653 1436 quamquam
665 1364 700 1418 tu
711 1354 791 1419 hanc
802 1355 1005 1437 copiosiorem
1017 1357 1111 1422 etiam
1122 1356 1204 1423 soles
1216 1358 1332 1423 dicere.

322 1615 344 1659 4.
364 1618 386 1658 et
403 1608 491 1659 rimaldo
509 1610 531 1658 L
565 1609 664 1673 danque
681 1609 735 1660 diac
752 1626 803 1660 ease
820 1610 881 1660 evod
895 1608 966 1674 (alud
983 1626 1034 1660 erae
1044 1612 1077 1672 R)
1087 1610 1252 1662 truciter.
1277 1611 1331 1660 r'terrr

252 1677 305 1727 linc
331 1685 375 1759 erl*
392 1677 419 1726 id
444 1678 508 1743 qaod
529 1687 563 1728 eat
586 1677 694 1728 ZeaoE
740 1683 763 1728 t.
783 1678 1004 1757 [proepmeaoa'A]
1047 1689 1176 1743 conosque
1193 1707 1235 1759 .—
1264 1674 1329 1732 dno·

253 1763 423 1866 {primeca
441 1747 532 1799 omli
570 1745 780 1813 [apcproeymeaon
799 1745 833 1814 Δ]
889 1752 911 1797 8.
931 1756 1000 1797 ettam
1019 1763 1067 1798 om.
1087 1747 1129 1796 Li'
1171 1746 1251 1798 drcers
1268 1747 1330 1798 soler

253 2057 288 2094 ea
311 2038 458 2095 sententia
474 2037 663 2112 efficeretur),
687 2038 738 2096 sed
756 2038 785 2094 in
803 2038 899 2114 gloria
916 2049 945 2095 et
962 2038 1075 2096 divitiis
1092 2050 1212 2114 propter
1228 2057 1329 2110 nsum;

253 2123 373 2180 omnino
396 2123 486 2200 igitur
508 2123 545 2179 ad
568 2123 640 2179 haec
661 2123 728 2198 ipsa
751 2123 822 2181 illud
844 2127 871 2179 in
893 2126 955 2181 aliis
978 2124 1097 2199 adiungi
1120 2121 1233 2201 debet]

335 2212 437 2284 partim
459 2228 511 2265 aon
532 2211 601 2265 item.
648 2208 721 2265 Hinc
742 2208 795 2282 est)
818 2209 916 2266 Priori
944 2208 987 2265 illi
1012 2212 1116 2283 partim
1142 2212 1211 2265 satis
1233 2209 1330 2266 babere

253 2312 352 2351 consae
384 2294 414 2350 in
448 2292 602 2350 divisionis
630 2293 786 2350 contrariis
819 2294 952 2368 partibus
985 2293 1122 2350 notandis
1154 2292 1328 2369 respondet:

148 2438 152 2447 ,
249 2382 354 2455 partim
376 2398 427 2435 noa
449 2382 525 2448 iteam
548 2377 606 2434 vid.
631 2379 727 2435 Hand.
751 2379 838 2436 Turs.
861 2379 910 2436 III
932 2398 960 2453 p.
975 2379 1046 2437 520.
1093 2377 1125 2437 Si
1147 2381 1207 2435 ium
1224 2377 1330 2438 Cicero

253 2482 311 2520 non
335 2463 513 2533 addidisset,
536 2481 629 2538 paene
652 2463 818 2521 necessario
840 2464 877 2521 ad
900 2462 1072 2521 Latinorum
1096 2481 1214 2520 sensum
1237 2463 1328 2540 scrip·

254 2549 354 2607 sisset:
378 2552 481 2624 partim
508 2568 560 2605 noa
589 2548 699 2618 labere,
728 2557 772 2606 tot
793 2549 965 2626 praesertim
995 2547 1177 2623 interpositis
1204 2561 1272 2624 post
1298 2547 1328 2606 id

252 2635 384 2691 verbum.
430 2633 545 2692 Deinde
568 2632 660 2703 Cato,
688 2633 824 2709 exposita
851 2635 915 2710 ipsa
944 2631 1126 2707 differentia,
1157 2633 1265 2691 transit
1291 2633 1327 2691 ad

253 2738 358 2776 nomen
386 2738 404 2776 a
427 2720 545 2776 Zenone
568 2718 747 2794 impositum.
791 2719 891 2795 Vulgo
919 2719 992 2776 haec
1020 2719 1062 2775 sic
1090 2717 1267 2790 edebantur,
1295 2727 1329 2776 ut

253 2814 298 2862 est
319 2805 398 2880 apnd
421 2803 580 2873 Orellinm,
604 2803 690 2860 valde
713 2803 828 2862 vitioso.
875 2805 1007 2861 Primum
1031 2803 1109 2860 enim
1131 2806 1247 2877 deumne
1268 2803 1330 2861 lrr'nc

253 2891 295 2948 sic
314 2890 429 2960 dicitur,
453 2897 602 2963 tamqnam
620 2888 679 2945 alia
696 2889 851 2964 quaepiam
869 2907 916 2946 ros
933 2889 1002 2946 hinc
1019 2899 1085 2945 orta
1101 2896 1328 2946 commemorate

252 2977 304 3044 sit3
328 2975 432 3032 deinde
450 2975 492 3032 sic
509 2973 672 3030 infinitivus
689 2974 818 3049 ponitur,
837 2975 921 3049 qnasi
940 2973 1033 3034 Stoici
1050 2973 1239 3050 disputarint,
1261 2973 1330 3032 binc

251 3071 372 3118 exortam
394 3079 451 3117 esse
462 3059 634 3134 (praeterito
652 3052 1000 3133 tempore)orponype‘ooo.
1034 3059 1144 3116 Videat
1162 3059 1233 3116 mihi
1252 3077 1329 3116 nunc

251 3146 372 3219 aliquis,
402 3163 488 3219 quam
519 3144 641 3200 moleste
664 3152 784 3219 propter
807 3142 1021 3219 neglegentiam
1045 3144 1194 3201 hominum
1220 3145 1329 3202 veritas

252 3231 382 3287 eruenda
393 3230 432 3288 sit
443 3238 494 3286 ant
506 3229 609 3285 saltem
628 3227 811 3298 testimonia;
828 3246 895 3283 nam
914 3229 1100 3285 scri-bendum
1118 3247 1182 3287 esse
1194 3249 1245 3287 aon
1257 3233 1326 3288 itera

252 3317 325 3372 Hinc
336 3326 375 3372 est
386 3315 477 3388 (quod
489 3334 544 3391 ego
557 3332 593 3369 ex
604 3313 665 3371 Erl.
675 3313 827 3386 sciebam),
837 3314 1066 3388 Wesenbergins
1078 3333 1159 3371 mons
1171 3314 1328 3385 intellexit,

252 3418 317 3457 cum
341 3399 370 3456 in
394 3400 477 3456 codd.
501 3418 565 3456 esse
587 3399 747 3475 ignoraret.
793 3400 874 3467 Item,
897 3417 956 3455 non
979 3402 1106 3472 itemque,
1137 3400 1226 3456 etiam
1251 3399 1329 3476 Spir.

252 3485 399 3554 habuisse,
422 3485 451 3540 id
475 3493 528 3552 est,
552 3485 688 3559 optimos,
711 3483 889 3560 perspicitur
911 3502 948 3540 ex
966 3503 1010 3552 eo,
1034 3483 1111 3558 qnod
1129 3483 1223 3541 Gaius
1239 3484 1331 3559 paulo

253 3579 321 3626 ante
344 3571 469 3644 (itemque
491 3573 592 3643 eoram)
616 3570 677 3627 Erl.
702 3578 732 3627 et
755 3568 831 3644 Spir.
854 3572 915 3626 item
938 3569 1046 3626 babere
1069 3578 1184 3638 narrat3
1208 3587 1245 3626 ex
1265 3567 1327 3627 Eri.

252 3664 390 3729 apparet,
414 3655 450 3711 de
473 3655 528 3711 hoc
551 3655 616 3711 loco
639 3655 787 3711 hominem
810 3654 908 3711 dicere
931 3654 1082 3723 debuiss03
1104 3664 1157 3723 est,
1180 3672 1239 3711 non
1262 3671 1330 3724 esse,

252 3750 370 3815 praeter
387 3740 464 3814 Spir.
486 3740 574 3795 etiam
588 3735 638 3808 Εξ.
667 3736 837 3818 [Accedunt
859 3734 1030 3818 nttncAB.]
1059 3738 1147 3814 (Cum
1171 3738 1328 3799 influet

252 3836 330 3882 esset
346 3826 415 3881 illud
431 3843 488 3881 esse
506 3825 576 3894 laic,
601 3823 694 3882 Gaius
711 3844 768 3881 esse
787 3824 920 3897 delerit.)
942 3821 1032 3904 [Tum
1051 3835 1090 3881 est
1106 3826 1175 3881 illud
1185 3825 1251 3895 AB,
1270 3842 1329 3882 non

252 3912 296 3978 id,
325 3910 403 3984 quod
433 3909 521 3964 etiam
544 3910 573 3965 in
598 3910 675 3984 Spir.
698 3909 790 3966 fuisse
813 3909 935 3977 dicitur3
964 3910 1014 3965 sed
1042 3920 1162 3966 coortum
1190 3909 1279 3967 etiam
1303 3909 1331 3966 B

252 3996 369 4051 omittit.
416 3993 511 4053 Credo
535 3995 660 4070 vestigia
683 3995 745 4050 veri
770 3995 897 4050 maxime
920 3995 948 4050 in
973 3994 1034 4051 Erl.
1058 4005 1085 4051 et
1107 3995 1185 4069 Spir.
1210 4003 1329 4052 servata

252 4099 331 4148 esse;
355 4079 527 4138 Ciceronem
551 4079 628 4136 enirn
651 4079 819 4154 scripsisse:
847 4080 919 4135 Hinc
941 4083 1040 4149 estitit,
1064 4082 1137 4153 quod
1158 4081 1233 4137 Zeno
1255 4074 1329 4159 cet]

252 4165 347 4221 Paulo
375 4176 442 4240 post
470 4167 538 4221 soles
565 4167 653 4221 dicere
675 4164 768 4223 Gzius
791 4184 828 4221 ex
852 4165 912 4222 Erl.
938 4174 967 4220 et
990 4165 1067 4240 Spir.
1092 4161 1155 4244 [B].
1200 4164 1327 4222 Eosdem

252 4251 332 4308 solos
355 4269 371 4306 e
394 4250 455 4306 suis
477 4250 560 4307 codd.
584 4254 661 4306 etiam
685 4251 793 4306 habere
815 4250 866 4306 ait.
911 4247 1010 4329 [Verbi
1031 4249 1124 4306 altero
1147 4250 1212 4307 loco
1236 4249 1261 4307 si
1280 4248 1329 4308 ci-

252 4356 320 4393 cero
343 4335 503 4400 omisisset,
533 4335 699 4411 scripsisset
721 4338 791 4403 eiam
821 4335 871 4392 sed
900 4353 935 4391 ne
964 4336 1006 4392 sic
1034 4335 1151 4409 quidem
1181 4335 1333 4411 posuisset

252 4424 308 4479 eine
324 4424 449 4496 faciendi
471 4423 595 4479 Zenonis.
642 4421 717 4478 Dico
741 4430 862 4496 propter
884 4416 1062 4499 Baiterum.]
