3030 5086
649 465 823 514 axeuasus
845 467 865 512 1.
1231 447 1295 514 tes

303 640 358 697 Ν.
383 639 524 695 Proxima
547 650 592 695 est
613 639 765 708 diiunctio,
790 636 865 712 qua'e
888 638 921 694 fit
943 638 1053 714 duplici
1077 639 1224 713 particula
1244 641 1295 696 vel.

221 725 291 781 Eam
317 724 469 781 Ernestius
492 725 664 781 dissolutam
688 743 751 782 esse
774 724 849 781 vidit
870 723 900 780 in
918 724 966 781 111
986 724 1021 780 de
1041 723 1124 783 Orat.
1146 726 1183 782 65
1198 736 1227 781 et
1240 726 1294 782 66:

218 810 276 866 Sed
297 820 475 884 utrumque
497 820 535 867 cst
557 816 584 867 in
607 812 656 875 lic,
680 811 754 884 quod
770 811 804 866 ab
823 811 880 879 boe,
903 830 982 884 quem
999 813 1164 880 instruimus,
1189 821 1294 868 oratore

217 898 295 952 valde
306 897 457 960 abborruit,
475 898 525 951 vei
541 897 615 969 quod
625 904 721 965 ornnes,
740 898 788 969 qui
803 901 937 970 sapientes
948 914 999 951 non
1010 899 1072 965 sint,
1091 916 1191 964 seruos,
1212 898 1293 953 latro·

219 1002 273 1038 nee.
293 983 389 1049 hostes,
407 985 515 1037 insanos
526 984 583 1037 esee
593 983 694 1051 dicum,
707 1000 790 1055 neque
801 991 889 1038 tamen
901 1000 1062 1055 quemquam
1073 1001 1130 1038 esec
1141 985 1295 1056 sapientem.

217 1067 293 1122 Tum
318 1067 456 1136 Crassus,
487 1085 573 1141 quam
597 1067 756 1123 absurdum
786 1067 841 1124 hoo
869 1067 908 1124 sit
936 1066 965 1122 iu
989 1077 1122 1136 oratore,
1151 1067 1294 1137 ostendit3

218 1151 322 1208 deinde
341 1152 518 1209 adulterum
537 1171 553 1208 e
570 1151 694 1221 duobus,
715 1170 789 1226 quae
807 1151 966 1210 abhorrere
984 1153 1021 1208 ab
1040 1160 1156 1209 oratore
1168 1152 1294 1220 dixerat,

220 1238 313 1292 venit:
337 1239 488 1308 Accedit,
512 1239 601 1312 quod
622 1243 751 1295 orationis
773 1240 852 1294 etium
871 1257 956 1311 pentes
979 1238 1075 1293 babent
1090 1241 1215 1310 sbrtucce
1233 1239 1296 1295 sub·

218 1325 262 1378 nte
284 1333 307 1378 et
329 1333 398 1379 certe
419 1333 534 1391 acutum,
558 1324 614 1388 sed,
639 1334 667 1379 ut
688 1327 715 1379 in
734 1333 848 1393 oratore,
872 1325 947 1390 ceila,
972 1327 1126 1380 inusitatum
1145 1332 1200 1380 cet.
1233 1321 1296 1403 [In-

161 1477 163 1481 4
218 1408 399 1465 credibiliter
432 1408 537 1483 ineptit
571 1404 762 1488 Ellendtius.]
818 1407 1008 1468 Simillimum
1043 1408 1139 1465 locum
1174 1409 1204 1464 in
1238 1409 1296 1466 aliu

218 1494 315 1568 specie
339 1512 427 1569 supra
450 1494 534 1569 posui
557 1494 584 1566 (I
604 1495 642 1563 A,
666 1494 702 1550 de
720 1494 785 1551 Fiu.
804 1495 904 1566 1,40).
951 1492 1102 1571 [Alterum
1127 1495 1295 1569 exemplum

218 1579 321 1635 harum
346 1579 553 1653 particularum
578 1589 623 1636 est
645 1579 682 1635 ad
700 1579 792 1637 Attic.
807 1580 864 1649 XI,
875 1581 902 1649 7,
918 1581 951 1635 5:
974 1581 1015 1636 uel
1037 1590 1064 1635 ut
1089 1611 1137 1634 -.
1173 1580 1296 1637 Alterum

218 1675 257 1719 cst
280 1675 349 1732 cet.;
373 1663 454 1741 nam]
478 1665 508 1721 11
532 1664 567 1720 de
591 1664 673 1723 Orat.
694 1666 754 1721 284
777 1667 818 1721 vel
834 1665 943 1740 (Appii)
968 1674 1063 1740 potest
1087 1683 1151 1721 csse
1174 1668 1242 1722 veltet
1265 1666 1295 1722 in

220 1750 355 1823 exemplo
379 1748 571 1827 proferendo,
602 1761 633 1806 ut
656 1750 765 1807 nullam
789 1751 1031 1826 significationem
1057 1747 1162 1807 lrabeat
1185 1761 1296 1808 cetero·

223 1853 287 1889 rum
311 1835 522 1910 exemplorum.
570 1832 739 1915 [Lucretius
755 1837 790 1904 V,
805 1837 866 1893 383
890 1836 932 1892 sic
955 1836 1045 1892 dixit:
1068 1837 1108 1893 ccl
1129 1855 1188 1892 cam
1210 1839 1251 1892 sol
1273 1846 1297 1893 et

221 1939 305 1994 cuper
322 1924 405 1976 orunis
421 1921 548 1978 Omnibus
565 1929 649 1996 epotis
667 1922 820 1994 ltunroribue
842 1925 1039 1996 exsuperariut,
1065 1933 1096 1977 ut
1118 1920 1297 1996 significaret

220 2005 342 2061 alterum
369 2007 494 2077 modum,
518 2025 576 2080 quo
600 2017 698 2081 posset
721 2017 868 2064 certamen
892 2007 968 2063 finiri
987 2009 1040 2079 (uel
1056 2007 1115 2063 crine
1138 2008 1180 2064 bie
1203 2009 1297 2063 boner

220 2096 306 2146 enoria
330 2094 440 2163 uicerit),
464 2092 498 2148 de
522 2111 579 2166 quo
603 2093 662 2148 elia
685 2092 780 2149 forma
802 2093 924 2168 exponit
948 2112 974 2148 v.
989 2096 1047 2149 411
1063 2087 1142 2171 sqq]

309 2178 343 2234 V.
374 2177 470 2247 Idem,
500 2177 578 2250 quod
608 2178 636 2234 in
660 2188 707 2234 aut
730 2212 769 2220 -
792 2189 840 2235 out
863 2189 893 2236 et
916 2181 954 2235 uei
979 2211 1015 2219 —
1041 2180 1093 2246 vel,
1124 2177 1295 2236 Ciceronem
1389 2221 1390 2224 η

220 2262 323 2317 saltem
347 2263 437 2319 sernel
461 2263 489 2318 in
513 2266 568 2319 siue
583 2296 617 2305 -
632 2266 686 2320 siue
708 2264 765 2320 sibi
788 2263 972 2339 permisisse,
996 2282 1060 2319 cum
1084 2262 1222 2319 dilemma
1245 2283 1296 2338 po·

220 2357 310 2416 neret,
335 2347 363 2402 in
388 2349 475 2405 Tusc.
499 2348 524 2414 I,
550 2349 587 2404 97
612 2359 642 2404 et
665 2350 713 2411 98,
737 2358 769 2405 ut
792 2368 845 2424 pro
868 2349 961 2405 altero
984 2353 1039 2404 eive
1061 2348 1147 2404 aliam
1171 2347 1296 2405 formam

219 2432 360 2488 orationis
389 2450 407 2488 a
433 2438 475 2489 ein
498 2433 685 2508 incipientem
710 2434 915 2501 substitueret,
945 2449 972 2490 et
1002 2432 1127 2489 fortasse
1155 2434 1243 2490 etiam
1267 2434 1296 2490 in

219 2518 312 2574 Acad.
333 2518 356 2574 1.
377 2519 404 2578 7,
428 2519 551 2592 exposui
575 2519 603 2574 in
627 2520 818 2576 annotatione
841 2520 878 2575 ad
900 2519 994 2586 1,20.
1030 2516 1108 2598 [biv.
1128 2520 1296 2590 XXXVII,

222 2604 270 2671 15,
296 2605 323 2671 2,
349 2601 416 2660 Gai.
442 2604 514 2660 Inst.
543 2605 597 2672 llI,
617 2606 666 2662 41.
696 2604 776 2667 Cic.
801 2605 838 2662 ad
862 2607 924 2662 Au.
946 2606 1013 2674 VII,
1034 2605 1062 2674 3,
1083 2606 1100 2660 2
1125 2623 1216 2680 prave
1239 2605 1297 2661 huc

223 2683 372 2767 trahitur]

305 2774 357 2829 Vl.
383 2774 542 2848 Superiora
566 2775 594 2830 in
620 2775 772 2850 particulis
795 2786 887 2833 erant.
924 2775 1057 2833 Similem
1081 2775 1225 2831 rationem
1245 2774 1296 2830 he·

220 2857 289 2913 bent
307 2861 377 2914 eliste
395 2871 424 2914 et
442 2861 517 2915 triten.
542 2878 606 2915 cum
630 2860 660 2915 in
685 2860 837 2935 partiendo
860 2861 1055 2934 geminantur,
1080 2860 1244 2934 acciditque
1267 2860 1296 2916 iu

145 2949 150 2957 ‘
220 2942 256 3000 iis
280 2943 366 3000 idem.
413 2945 479 3001 Non
505 2945 569 3000 dico
593 2964 670 3001 nunc
695 2944 967 3019 pervagatissimanr
991 2945 1072 3002 illam
1094 2944 1296 3001 commutatio·

220 3046 296 3097 nem,
321 3047 385 3085 cum
410 3049 462 3104 pro
487 3030 630 3086 vocabulo
654 3031 780 3105 repetito
803 3030 881 3087 aliud
903 3030 998 3087 simile
1018 3031 1213 3100 substituitur,
1237 3050 1297 3086 ser·

221 3124 288 3169 rata
312 3115 453 3171 orationis
477 3114 573 3171 forma
596 3117 655 3189 (ulii
678 3148 717 3156 -
740 3117 877 3189 quidum),
907 3116 1060 3185 sedeam,
1090 3135 1154 3172 uum
1184 3116 1295 3174 nullum

220 3217 308 3255 unum
333 3200 476 3257 eiusmodi
501 3201 674 3257 vocabulum
698 3201 831 3274 sequitur
854 3212 882 3257 et
906 3201 1000 3257 oratio
1018 3201 1046 3256 in
1066 3201 1154 3257 aliam
1171 3201 1296 3259 formam

220 3287 417 3353 convertitur,
448 3298 479 3342 ut
502 3287 537 3342 de
562 3287 646 3343 Finn.
671 3287 701 3355 I,
727 3288 781 3344 66:
814 3287 911 3344 Tribm
933 3290 1014 3359 ipitm·
1036 3289 1121 3343 modis
1144 3290 1218 3343 uideo
1240 3307 1297 3346 esse

219 3389 236 3425 α
256 3375 355 3427 rtoetris
377 3373 410 3428 de
432 3374 549 3428 amicitia
571 3375 746 3447 disputatum.
781 3373 839 3428 Alii
860 3382 914 3428 cet.
955 3372 1094 3445 Sequitur
1117 3371 1153 3427 de
1176 3372 1221 3441 iis,
1245 3373 1296 3446 qui

218 3457 313 3531 primo
339 3458 423 3513 modo
447 3458 656 3532 disputassent,
681 3459 768 3533 longa
791 3458 953 3532 expositio;
978 3468 1037 3514 turn
1062 3458 1186 3514 alterurn
1203 3477 1296 3533 genus

220 3546 234 3610 §
260 3543 297 3598 69
328 3542 518 3600 describitur:
553 3544 623 3600 Sunt
655 3554 742 3600 uectem
771 3545 882 3617 quidum
911 3545 1043 3618 Epicurei
1069 3553 1142 3611 cet,
1177 3544 1296 3600 tertium

219 3638 314 3683 autem
340 3633 353 3696 5
374 3630 427 3684 7οι
453 3632 639 3692 Stridentem,
663 3634 711 3703 qni
733 3631 823 3685 dicant
845 3638 900 3686 cet.
948 3629 1034 3702 Quod
1057 3627 1128 3686 Otto
1152 3628 1296 3686 eiusmodi

218 3713 415 3769 anacoluthon
455 3733 512 3770 non
552 3715 768 3789 neglegentiae,
809 3714 859 3770 sed
893 3714 949 3770 arti
988 3715 1129 3787 imputat,
1169 3731 1296 3789 agnosco

218 3798 466 3872 superstitionem.
513 3802 572 3856 Ars
601 3801 681 3856 nulla
710 3810 753 3856 est
782 3799 811 3855 in
840 3800 973 3856 oratione
1002 3799 1043 3855 ita
1072 3800 1225 3870 mutanda,
1255 3808 1295 3869 ut,

217 3884 267 3956 qui
292 3885 414 3958 primam
439 3886 605 3959 partitionis
628 3885 871 3962 significationem
901 3885 1025 3960 diligens
1049 3885 1142 3941 lector
1163 3885 1295 3942 animad·
1363 3886 1367 3898 '

219 3970 353 4039 verterit,
382 3982 486 4045 postea
508 3989 572 4027 cum
597 3972 730 4028 molestia
753 3970 931 4045 decipiatur;
960 3971 1069 4028 variari
1099 3970 1192 4026 oratio
1223 3971 1296 4026 vita·

217 4054 310 4127 rique,
335 4055 359 4111 si
383 4066 480 4112 tamen
498 4056 618 4112 vitanda
641 4067 712 4125 erat,
736 4056 867 4112 eiusdem
889 4055 1002 4113 formae
1026 4056 1163 4131 repetitio
1179 4066 1296 4131 poterat

217 4140 280 4195 sine
304 4141 368 4197 istis
391 4143 573 4217 ambagibus.
619 4141 782 4200 Contentus
812 4140 902 4216 igitur
925 4140 1030 4201 Cicero
1060 4142 1114 4199 erit
1144 4141 1296 4216 ignoscen-

218 4225 289 4281 tium
314 4227 472 4299 uequitate,
495 4246 583 4303 quam
607 4228 690 4284 initio
709 4227 735 4284 ei
753 4227 854 4282 deberi
872 4227 1068 4296 ostendimus;
1091 4228 1207 4285 laudem
1225 4227 1297 4284 alibi

218 4311 323 4368 iustius
347 4313 481 4386 reperiet.
528 4314 639 4373 Similis
663 4313 730 4370 huic
756 4321 799 4368 est
822 4311 905 4369 locus
928 4314 958 4370 in
983 4314 1116 4370 breviore
1140 4315 1295 4371 verborum

219 4397 372 4471 complexu
402 4397 434 4456 Il
459 4399 495 4456 N.
520 4400 556 4456 D.
584 4400 641 4457 122
666 4410 696 4455 et
722 4398 794 4455 123:
829 4399 919 4472 Atque
947 4403 1027 4457 etium
1053 4401 1199 4456 aliorum
1222 4398 1297 4472 (ani-
