<?xml version="1.0" encoding="UTF-8"?>
<!DOCTYPE html PUBLIC "-//W3C//DTD XHTML 1.0 Transitional//EN"
    "http://www.w3.org/TR/xhtml1/DTD/xhtml1-transitional.dtd">
<html xmlns="http://www.w3.org/1999/xhtml" xml:lang="en" lang="en">
 <head>
  <title>
</title>
<meta http-equiv="Content-Type" content="text/html;charset=utf-8" />
  <meta name='ocr-system' content='tesseract 3.04.00' />
  <meta name='ocr-capabilities' content='ocr_page ocr_carea ocr_par ocr_line ocrx_word'/>
</head>
<body>
  <div class='ocr_page' id='page_1' title='image "./mtulliiciceroni35cicegoog/mtulliiciceroni35cicegoog_0790.png"; bbox 0 0 3030 5086; ppageno 0'>
   <div class='ocr_carea' id='block_1_1' title="bbox 418 448 1283 533">
    <p class='ocr_par' dir='ltr' id='par_1_1' title="bbox 418 448 1283 533">
     <span class='ocr_line' id='line_1_1' title="bbox 418 448 1283 533; baseline -0.003 -14"><span class='ocrx_word' id='word_1_1' title='bbox 418 473 461 518; x_wconf 82' lang='lat' dir='ltr'>un</span> <span class='ocrx_word' id='word_1_2' title='bbox 486 472 565 518; x_wconf 71' lang='lat' dir='ltr'>niun.</span> <span class='ocrx_word' id='word_1_3' title='bbox 590 471 652 516; x_wconf 83' lang='lat' dir='ltr'>nra.</span> <span class='ocrx_word' id='word_1_4' title='bbox 678 473 698 517; x_wconf 82' lang='lat' dir='ltr'>r</span> <span class='ocrx_word' id='word_1_5' title='bbox 721 471 793 516; x_wconf 70' lang='lat' dir='ltr'>can.</span> <span class='ocrx_word' id='word_1_6' title='bbox 818 473 852 517; x_wconf 82' lang='lat' dir='ltr'>rs.</span> <span class='ocrx_word' id='word_1_7' title='bbox 869 471 1000 533; x_wconf 72' lang='lat' dir='ltr'>(sn-ss.)</span> <span class='ocrx_word' id='word_1_8' title='bbox 1182 452 1245 517; x_wconf 88' lang='grc'>699</span> <span class='ocrx_word' id='word_1_9' title='bbox 1280 448 1283 453; x_wconf 79' lang='grc'><strong>’</strong></span> 
     </span>
    </p>
   </div>
   <div class='ocr_carea' id='block_1_2' title="bbox 122 635 1283 1332">
    <p class='ocr_par' dir='ltr' id='par_1_2' title="bbox 122 635 1283 1332">
     <span class='ocr_line' id='line_1_2' title="bbox 122 635 1245 721; baseline -0.004 -15"><span class='ocrx_word' id='word_1_10' title='bbox 122 690 125 696; x_wconf 76' lang='lat'>.</span> <span class='ocrx_word' id='word_1_11' title='bbox 167 650 224 717; x_wconf 80' lang='lat' dir='ltr'>est,</span> <span class='ocrx_word' id='word_1_12' title='bbox 248 642 278 705; x_wconf 93' lang='lat' dir='ltr'>in</span> <span class='ocrx_word' id='word_1_13' title='bbox 301 641 378 721; x_wconf 88' lang='lat' dir='ltr'>ipsis</span> <span class='ocrx_word' id='word_1_14' title='bbox 402 641 504 719; x_wconf 69' lang='lat' dir='ltr'>rebus</span> <span class='ocrx_word' id='word_1_15' title='bbox 527 657 608 721; x_wconf 90' lang='lat' dir='ltr'>quae</span> <span class='ocrx_word' id='word_1_16' title='bbox 630 640 792 704; x_wconf 88' lang='lat' dir='ltr'>discuntur</span> <span class='ocrx_word' id='word_1_17' title='bbox 814 646 846 703; x_wconf 85' lang='lat' dir='ltr'>et</span> <span class='ocrx_word' id='word_1_18' title='bbox 867 635 1109 720; x_wconf 79' lang='lat' dir='ltr'>cognoscuntur,</span> <span class='ocrx_word' id='word_1_19' title='bbox 1132 637 1245 702; x_wconf 87' lang='lat' dir='ltr'>invita-</span> 
     </span>
     <span class='ocr_line' id='line_1_3' title="bbox 167 742 1245 832; baseline -0.003 -25"><span class='ocrx_word' id='word_1_20' title='bbox 167 754 273 809; x_wconf 85' lang='lat' dir='ltr'>menta</span> <span class='ocrx_word' id='word_1_21' title='bbox 294 743 411 821; x_wconf 89' lang='lat' dir='ltr'>inesse,</span> <span class='ocrx_word' id='word_1_22' title='bbox 440 742 552 823; x_wconf 90' lang='lat' dir='ltr'>quibus</span> <span class='ocrx_word' id='word_1_23' title='bbox 579 743 620 806; x_wconf 87' lang='lat' dir='ltr'>ad</span> <span class='ocrx_word' id='word_1_24' title='bbox 643 742 823 807; x_wconf 87' lang='lat' dir='ltr'>discendum</span> <span class='ocrx_word' id='word_1_25' title='bbox 847 742 1157 832; x_wconf 85' lang='lat' dir='ltr'>cognoscendumque</span> <span class='ocrx_word' id='word_1_26' title='bbox 1179 758 1245 804; x_wconf 91' lang='lat' dir='ltr'>mo·</span> 
     </span>
     <span class='ocr_line' id='line_1_4' title="bbox 166 841 1244 932; baseline -0.002 -23"><span class='ocrx_word' id='word_1_27' title='bbox 166 864 303 911; x_wconf 83' lang='lat' dir='ltr'>veantur.</span> <span class='ocrx_word' id='word_1_28' title='bbox 353 846 403 908; x_wconf 78' lang='lat'>53.</span> <span class='ocrx_word' id='word_1_29' title='bbox 431 847 487 932; x_wconf 66' lang='lat' dir='ltr'>Ac⁴</span> <span class='ocrx_word' id='word_1_30' title='bbox 506 851 628 909; x_wconf 89' lang='lat' dir='ltr'>veteres</span> <span class='ocrx_word' id='word_1_31' title='bbox 661 844 787 925; x_wconf 87' lang='lat' dir='ltr'>quidem</span> <span class='ocrx_word' id='word_1_32' title='bbox 815 841 990 923; x_wconf 87' lang='lat' dir='ltr'>philosophi</span> <span class='ocrx_word' id='word_1_33' title='bbox 1019 842 1050 907; x_wconf 96' lang='lat' dir='ltr'>in</span> <span class='ocrx_word' id='word_1_34' title='bbox 1080 842 1244 907; x_wconf 88' lang='lat' dir='ltr'>beatorum</span> 
     </span>
     <span class='ocr_line' id='line_1_5' title="bbox 166 944 1244 1026; baseline -0.003 -15"><span class='ocrx_word' id='word_1_35' title='bbox 166 947 275 1011; x_wconf 88' lang='lat' dir='ltr'>insulis</span> <span class='ocrx_word' id='word_1_36' title='bbox 298 944 419 1025; x_wconf 87' lang='lat' dir='ltr'>fingunt</span> <span class='ocrx_word' id='word_1_37' title='bbox 441 945 542 1026; x_wconf 87' lang='lat' dir='ltr'>quahs</span> <span class='ocrx_word' id='word_1_38' title='bbox 564 944 670 1010; x_wconf 85' lang='lat' dir='ltr'>futura</span> <span class='ocrx_word' id='word_1_39' title='bbox 693 946 734 1010; x_wconf 90' lang='lat' dir='ltr'>sit</span> <span class='ocrx_word' id='word_1_40' title='bbox 756 946 820 1008; x_wconf 89' lang='lat' dir='ltr'>vita</span> <span class='ocrx_word' id='word_1_41' title='bbox 843 944 1044 1025; x_wconf 81' lang='lat' dir='ltr'>sapientium,</span> <span class='ocrx_word' id='word_1_42' title='bbox 1067 964 1146 1026; x_wconf 89' lang='lat' dir='ltr'>quos</span> <span class='ocrx_word' id='word_1_43' title='bbox 1169 963 1244 1008; x_wconf 90' lang='lat' dir='ltr'>cura</span> 
     </span>
     <span class='ocr_line' id='line_1_6' title="bbox 167 1047 1283 1127; baseline -0.002 -14"><span class='ocrx_word' id='word_1_44' title='bbox 167 1049 249 1114; x_wconf 89' lang='lat' dir='ltr'>omni</span> <span class='ocrx_word' id='word_1_45' title='bbox 265 1048 423 1125; x_wconf 89' lang='lat' dir='ltr'>liberatos,</span> <span class='ocrx_word' id='word_1_46' title='bbox 440 1047 556 1111; x_wconf 86' lang='lat' dir='ltr'>nullum</span> <span class='ocrx_word' id='word_1_47' title='bbox 574 1047 784 1111; x_wconf 89' lang='lat' dir='ltr'>necessarium</span> <span class='ocrx_word' id='word_1_48' title='bbox 796 1047 878 1110; x_wconf 87' lang='lat' dir='ltr'>vitae</span> <span class='ocrx_word' id='word_1_49' title='bbox 895 1047 1011 1111; x_wconf 90' lang='lat' dir='ltr'>cultum</span> <span class='ocrx_word' id='word_1_50' title='bbox 1027 1055 1083 1111; x_wconf 90' lang='lat' dir='ltr'>aut</span> <span class='ocrx_word' id='word_1_51' title='bbox 1098 1054 1244 1127; x_wconf 89' lang='lat' dir='ltr'>paratum</span> <span class='ocrx_word' id='word_1_52' title='bbox 1261 1048 1283 1112; x_wconf 77' lang='grc' dir='ltr'><strong><em>ὃ</em></strong></span> 
     </span>
     <span class='ocr_line' id='line_1_7' title="bbox 167 1149 1243 1231; baseline 0 -18"><span class='ocrx_word' id='word_1_53' title='bbox 167 1151 369 1231; x_wconf 78' lang='lat' dir='ltr'>requirentes</span> <span class='ocrx_word' id='word_1_54' title='bbox 392 1149 467 1213; x_wconf 86' lang='lat' dir='ltr'>nihil</span> <span class='ocrx_word' id='word_1_55' title='bbox 489 1149 575 1213; x_wconf 89' lang='lat' dir='ltr'>ahud</span> <span class='ocrx_word' id='word_1_56' title='bbox 596 1158 724 1214; x_wconf 91' lang='lat' dir='ltr'>acturos</span> <span class='ocrx_word' id='word_1_57' title='bbox 741 1157 861 1230; x_wconf 77' lang='lat' dir='ltr'>putant</span> <span class='ocrx_word' id='word_1_58' title='bbox 885 1149 943 1213; x_wconf 90' lang='lat' dir='ltr'>nisi</span> <span class='ocrx_word' id='word_1_59' title='bbox 962 1159 996 1213; x_wconf 92' lang='lat' dir='ltr'>ut</span> <span class='ocrx_word' id='word_1_60' title='bbox 1013 1167 1104 1213; x_wconf 91' lang='lat' dir='ltr'>omne</span> <span class='ocrx_word' id='word_1_61' title='bbox 1120 1159 1243 1228; x_wconf 89' lang='lat' dir='ltr'>tempus</span> 
     </span>
     <span class='ocr_line' id='line_1_8' title="bbox 166 1251 1242 1332; baseline -0.002 -16"><span class='ocrx_word' id='word_1_62' title='bbox 166 1252 351 1332; x_wconf 87' lang='lat' dir='ltr'>inquirondo</span> <span class='ocrx_word' id='word_1_63' title='bbox 384 1268 422 1314; x_wconf 91' lang='lat' dir='ltr'>ac</span> <span class='ocrx_word' id='word_1_64' title='bbox 449 1251 596 1315; x_wconf 87' lang='lat' dir='ltr'>discendo</span> <span class='ocrx_word' id='word_1_65' title='bbox 628 1251 660 1314; x_wconf 91' lang='lat' dir='ltr'>iu</span> <span class='ocrx_word' id='word_1_66' title='bbox 690 1261 821 1315; x_wconf 88' lang='lat' dir='ltr'>naturae</span> <span class='ocrx_word' id='word_1_67' title='bbox 849 1251 1023 1330; x_wconf 81' lang='lat' dir='ltr'>cognitione</span> <span class='ocrx_word' id='word_1_68' title='bbox 1051 1258 1242 1316; x_wconf 82' lang='lat' dir='ltr'>consumant.</span> 
     </span>
    </p>
   </div>
   <div class='ocr_carea' id='block_1_3' title="bbox 157 1453 1244 1654">
    <p class='ocr_par' dir='ltr' id='par_1_3' title="bbox 157 1453 1244 1654">
     <span class='ocr_line' id='line_1_9' title="bbox 240 1453 1243 1520; baseline 0.001 -18"><span class='ocrx_word' id='word_1_69' title='bbox 240 1461 258 1504; x_wconf 85' lang='lat' dir='ltr'>l.</span> <span class='ocrx_word' id='word_1_70' title='bbox 282 1454 356 1503; x_wconf 75' lang='lat' dir='ltr'>inodo</span> <span class='ocrx_word' id='word_1_71' title='bbox 379 1463 452 1502; x_wconf 80' lang='lat' dir='ltr'>mente</span> <span class='ocrx_word' id='word_1_72' title='bbox 471 1454 492 1501; x_wconf 88' lang='lat' dir='ltr'>E</span> <span class='ocrx_word' id='word_1_73' title='bbox 546 1458 568 1503; x_wconf 83' lang='lat'>³.</span> <span class='ocrx_word' id='word_1_74' title='bbox 593 1454 712 1502; x_wconf 83' lang='lat' dir='ltr'>beatorum</span> <span class='ocrx_word' id='word_1_75' title='bbox 735 1453 827 1518; x_wconf 75' lang='lat' dir='ltr'>quidem</span> <span class='ocrx_word' id='word_1_76' title='bbox 851 1453 933 1503; x_wconf 64' lang='lat' dir='ltr'>smalh</span> <span class='ocrx_word' id='word_1_77' title='bbox 953 1454 973 1505; x_wconf 92' lang='lat' dir='ltr'>C</span> <span class='ocrx_word' id='word_1_78' title='bbox 1026 1461 1049 1506; x_wconf 79' lang='lat' dir='ltr'>t.</span> <span class='ocrx_word' id='word_1_79' title='bbox 1074 1464 1162 1504; x_wconf 74' lang='lat' dir='ltr'>nutura</span> <span class='ocrx_word' id='word_1_80' title='bbox 1186 1457 1243 1520; x_wconf 88' lang='lat' dir='ltr'>(pro</span> 
     </span>
     <span class='ocr_line' id='line_1_10' title="bbox 157 1521 1244 1588; baseline -0.001 -16"><span class='ocrx_word' id='word_1_81' title='bbox 157 1521 258 1588; x_wconf 80' lang='lat' dir='ltr'>sutura)</span> <span class='ocrx_word' id='word_1_82' title='bbox 277 1523 368 1572; x_wconf 81' lang='lat' dir='ltr'>ELPR</span> <span class='ocrx_word' id='word_1_83' title='bbox 386 1521 527 1572; x_wconf 79' lang='lat' dir='ltr'>nuturneC</span> <span class='ocrx_word' id='word_1_84' title='bbox 561 1523 694 1586; x_wconf 80' lang='lat' dir='ltr'>sapientum</span> <span class='ocrx_word' id='word_1_85' title='bbox 713 1522 733 1569; x_wconf 89' lang='lat' dir='ltr'>P</span> <span class='ocrx_word' id='word_1_86' title='bbox 780 1528 802 1569; x_wconf 78' lang='lat'>5.</span> <span class='ocrx_word' id='word_1_87' title='bbox 822 1522 886 1572; x_wconf 83' lang='lat' dir='ltr'>ournt&#39;</span> <span class='ocrx_word' id='word_1_88' title='bbox 901 1538 952 1572; x_wconf 83' lang='lat' dir='ltr'>om.</span> <span class='ocrx_word' id='word_1_89' title='bbox 971 1523 991 1570; x_wconf 88' lang='lat' dir='ltr'>P</span> <span class='ocrx_word' id='word_1_90' title='bbox 1036 1528 1060 1575; x_wconf 84' lang='grc'>6.</span> <span class='ocrx_word' id='word_1_91' title='bbox 1078 1542 1129 1573; x_wconf 80' lang='lat' dir='ltr'>esse</span> <span class='ocrx_word' id='word_1_92' title='bbox 1147 1533 1244 1573; x_wconf 85' lang='lat' dir='ltr'>acturos</span> 
     </span>
     <span class='ocr_line' id='line_1_11' title="bbox 166 1590 865 1654; baseline 0 -14"><span class='ocrx_word' id='word_1_93' title='bbox 166 1591 256 1642; x_wconf 83' lang='lat' dir='ltr'>LPCR</span> <span class='ocrx_word' id='word_1_94' title='bbox 291 1600 315 1640; x_wconf 83' lang='lat' dir='ltr'>ut</span> <span class='ocrx_word' id='word_1_95' title='bbox 333 1606 382 1641; x_wconf 90' lang='lat' dir='ltr'>om.</span> <span class='ocrx_word' id='word_1_96' title='bbox 402 1592 423 1641; x_wconf 87' lang='lat' dir='ltr'>C</span> <span class='ocrx_word' id='word_1_97' title='bbox 442 1600 484 1639; x_wconf 86' lang='lat' dir='ltr'>aut</span> <span class='ocrx_word' id='word_1_98' title='bbox 502 1591 524 1638; x_wconf 85' lang='lat' dir='ltr'><strong>E</strong></span> <span class='ocrx_word' id='word_1_99' title='bbox 562 1593 583 1638; x_wconf 86' lang='lat' dir='ltr'>t.</span> <span class='ocrx_word' id='word_1_100' title='bbox 603 1592 626 1639; x_wconf 85' lang='lat' dir='ltr'>t&#39;a</span> <span class='ocrx_word' id='word_1_101' title='bbox 644 1590 779 1654; x_wconf 82' lang='lat' dir='ltr'>quaerendo</span> <span class='ocrx_word' id='word_1_102' title='bbox 798 1590 865 1641; x_wconf 82' lang='lat' dir='ltr'>PCR</span> 
     </span>
    </p>
   </div>
   <div class='ocr_carea' id='block_1_4' title="bbox 159 1779 1244 4499">
    <p class='ocr_par' dir='ltr' id='par_1_4' title="bbox 163 1779 1244 2710">
     <span class='ocr_line' id='line_1_12' title="bbox 252 1779 1244 1854; baseline 0.004 -18"><span class='ocrx_word' id='word_1_103' title='bbox 252 1781 301 1836; x_wconf 85' lang='lat'>53.</span> <span class='ocrx_word' id='word_1_104' title='bbox 330 1783 419 1854; x_wconf 80' lang='lat' dir='ltr'>qualis</span> <span class='ocrx_word' id='word_1_105' title='bbox 446 1784 547 1854; x_wconf 85' lang='lat' dir='ltr'>sutura</span> <span class='ocrx_word' id='word_1_106' title='bbox 580 1781 627 1853; x_wconf 81' lang='lat' dir='ltr'>sit)</span> <span class='ocrx_word' id='word_1_107' title='bbox 657 1781 747 1838; x_wconf 84' lang='lat' dir='ltr'>Recte</span> <span class='ocrx_word' id='word_1_108' title='bbox 775 1780 817 1838; x_wconf 87' lang='lat' dir='ltr'>sic</span> <span class='ocrx_word' id='word_1_109' title='bbox 846 1779 979 1840; x_wconf 79' lang='lat' dir='ltr'>Clericus</span> <span class='ocrx_word' id='word_1_110' title='bbox 1007 1782 1056 1852; x_wconf 90' lang='lat' dir='ltr'>(ad</span> <span class='ocrx_word' id='word_1_111' title='bbox 1084 1782 1244 1840; x_wconf 83' lang='lat' dir='ltr'>Aeschinis</span> 
     </span>
     <span class='ocr_line' id='line_1_13' title="bbox 165 1865 1242 1940; baseline 0.003 -17"><span class='ocrx_word' id='word_1_112' title='bbox 165 1866 293 1924; x_wconf 87' lang='lat' dir='ltr'>Axioch.</span> <span class='ocrx_word' id='word_1_113' title='bbox 312 1868 361 1939; x_wconf 78' lang='lat'>17)</span> <span class='ocrx_word' id='word_1_114' title='bbox 374 1877 402 1923; x_wconf 89' lang='lat' dir='ltr'>et</span> <span class='ocrx_word' id='word_1_115' title='bbox 415 1866 471 1922; x_wconf 92' lang='lat' dir='ltr'>Th.</span> <span class='ocrx_word' id='word_1_116' title='bbox 487 1865 638 1923; x_wconf 87' lang='lat' dir='ltr'>Bentleius</span> <span class='ocrx_word' id='word_1_117' title='bbox 657 1865 886 1923; x_wconf 89' lang='lat' dir='ltr'>emendaverunt</span> <span class='ocrx_word' id='word_1_118' title='bbox 904 1867 942 1935; x_wconf 73' lang='lat' dir='ltr'>id,</span> <span class='ocrx_word' id='word_1_119' title='bbox 960 1867 1039 1940; x_wconf 91' lang='lat' dir='ltr'>quod</span> <span class='ocrx_word' id='word_1_120' title='bbox 1050 1867 1081 1923; x_wconf 92' lang='lat' dir='ltr'>iu</span> <span class='ocrx_word' id='word_1_121' title='bbox 1093 1866 1176 1924; x_wconf 90' lang='lat' dir='ltr'>codd.</span> <span class='ocrx_word' id='word_1_122' title='bbox 1190 1875 1242 1927; x_wconf 83' lang='lat' dir='ltr'>est.</span> 
     </span>
     <span class='ocr_line' id='line_1_14' title="bbox 165 1950 1243 2026; baseline 0.002 -19"><span class='ocrx_word' id='word_1_123' title='bbox 165 1961 272 2019; x_wconf 73' lang='lat' dir='ltr'>reaturo,</span> <span class='ocrx_word' id='word_1_124' title='bbox 296 1953 512 2026; x_wconf 85' lang='lat' dir='ltr'>probatumque</span> <span class='ocrx_word' id='word_1_125' title='bbox 532 1950 655 2008; x_wconf 83' lang='lat' dir='ltr'>Darisio</span> <span class='ocrx_word' id='word_1_126' title='bbox 678 1962 707 2008; x_wconf 89' lang='lat' dir='ltr'>et</span> <span class='ocrx_word' id='word_1_127' title='bbox 730 1951 867 2008; x_wconf 82' lang='lat' dir='ltr'>Ernestio</span> <span class='ocrx_word' id='word_1_128' title='bbox 890 1961 1008 2009; x_wconf 85' lang='lat' dir='ltr'>secutus</span> <span class='ocrx_word' id='word_1_129' title='bbox 1031 1950 1161 2010; x_wconf 89' lang='lat' dir='ltr'>Orellius</span> <span class='ocrx_word' id='word_1_130' title='bbox 1183 1965 1243 2022; x_wconf 78' lang='lat' dir='ltr'>est3</span> 
     </span>
     <span class='ocr_line' id='line_1_15' title="bbox 165 2035 1242 2112; baseline 0.001 -20"><span class='ocrx_word' id='word_1_131' title='bbox 165 2055 232 2093; x_wconf 90' lang='lat' dir='ltr'>nam</span> <span class='ocrx_word' id='word_1_132' title='bbox 256 2045 284 2092; x_wconf 90' lang='lat' dir='ltr'>et</span> <span class='ocrx_word' id='word_1_133' title='bbox 307 2035 437 2093; x_wconf 87' lang='lat' dir='ltr'>futurum</span> <span class='ocrx_word' id='word_1_134' title='bbox 461 2046 577 2111; x_wconf 85' lang='lat' dir='ltr'>ternpus</span> <span class='ocrx_word' id='word_1_135' title='bbox 596 2038 707 2110; x_wconf 67' lang='lat' dir='ltr'>(sutem</span> <span class='ocrx_word' id='word_1_136' title='bbox 730 2041 773 2104; x_wconf 75' lang='lat' dir='ltr'>cit,</span> <span class='ocrx_word' id='word_1_137' title='bbox 797 2056 855 2092; x_wconf 89' lang='lat' dir='ltr'>uon</span> <span class='ocrx_word' id='word_1_138' title='bbox 878 2041 924 2109; x_wconf 79' lang='lat' dir='ltr'>sit)</span> <span class='ocrx_word' id='word_1_139' title='bbox 947 2038 1078 2112; x_wconf 88' lang='lat' dir='ltr'>postulat</span> <span class='ocrx_word' id='word_1_140' title='bbox 1101 2038 1140 2106; x_wconf 78' lang='lat' dir='ltr'>id,</span> <span class='ocrx_word' id='word_1_141' title='bbox 1165 2038 1242 2112; x_wconf 92' lang='lat' dir='ltr'>quod</span> 
     </span>
     <span class='ocr_line' id='line_1_16' title="bbox 164 2121 1243 2196; baseline 0.003 -19"><span class='ocrx_word' id='word_1_142' title='bbox 164 2121 305 2196; x_wconf 76' lang='lat' dir='ltr'>sequitur.</span> <span class='ocrx_word' id='word_1_143' title='bbox 323 2133 443 2193; x_wconf 81' lang='lat' dir='ltr'>acturus,</span> <span class='ocrx_word' id='word_1_144' title='bbox 462 2132 490 2179; x_wconf 90' lang='lat' dir='ltr'>et</span> <span class='ocrx_word' id='word_1_145' title='bbox 507 2121 691 2196; x_wconf 80' lang='lat' dir='ltr'>ineptissime</span> <span class='ocrx_word' id='word_1_146' title='bbox 707 2122 826 2179; x_wconf 78' lang='lat' dir='ltr'>additur</span> <span class='ocrx_word' id='word_1_147' title='bbox 842 2133 941 2179; x_wconf 67' lang='lat' dir='ltr'>reaturo</span> <span class='ocrx_word' id='word_1_148' title='bbox 958 2141 993 2179; x_wconf 94' lang='lat' dir='ltr'>eo</span> <span class='ocrx_word' id='word_1_149' title='bbox 1011 2124 1099 2180; x_wconf 84' lang='lat' dir='ltr'>etiam</span> <span class='ocrx_word' id='word_1_150' title='bbox 1117 2122 1192 2193; x_wconf 77' lang='lat' dir='ltr'>loco,</span> <span class='ocrx_word' id='word_1_151' title='bbox 1211 2133 1243 2180; x_wconf 92' lang='lat' dir='ltr'>ut</span> 
     </span>
     <span class='ocr_line' id='line_1_17' title="bbox 165 2206 1242 2282; baseline 0.003 -19"><span class='ocrx_word' id='word_1_152' title='bbox 165 2206 263 2282; x_wconf 85' lang='lat' dir='ltr'>magni</span> <span class='ocrx_word' id='word_1_153' title='bbox 286 2206 323 2262; x_wconf 90' lang='lat' dir='ltr'>ad</span> <span class='ocrx_word' id='word_1_154' title='bbox 346 2207 522 2263; x_wconf 83' lang='lat' dir='ltr'>sententiam</span> <span class='ocrx_word' id='word_1_155' title='bbox 547 2207 686 2264; x_wconf 88' lang='lat' dir='ltr'>momenti</span> <span class='ocrx_word' id='word_1_156' title='bbox 709 2225 773 2263; x_wconf 87' lang='lat' dir='ltr'>esse</span> <span class='ocrx_word' id='word_1_157' title='bbox 796 2207 945 2278; x_wconf 83' lang='lat' dir='ltr'>videatur,</span> <span class='ocrx_word' id='word_1_158' title='bbox 975 2209 1071 2282; x_wconf 88' lang='lat' dir='ltr'>qualis</span> <span class='ocrx_word' id='word_1_159' title='bbox 1100 2208 1167 2265; x_wconf 90' lang='lat' dir='ltr'>talis</span> <span class='ocrx_word' id='word_1_160' title='bbox 1196 2226 1242 2266; x_wconf 87' lang='lat' dir='ltr'>se·</span> 
     </span>
     <span class='ocr_line' id='line_1_18' title="bbox 164 2291 1242 2369; baseline 0.002 -21"><span class='ocrx_word' id='word_1_161' title='bbox 164 2291 307 2368; x_wconf 90' lang='lat' dir='ltr'>pientium</span> <span class='ocrx_word' id='word_1_162' title='bbox 320 2291 381 2349; x_wconf 84' lang='lat' dir='ltr'>vita</span> <span class='ocrx_word' id='word_1_163' title='bbox 399 2293 438 2350; x_wconf 90' lang='lat' dir='ltr'>sit</span> <span class='ocrx_word' id='word_1_164' title='bbox 455 2302 569 2362; x_wconf 81' lang='lat' dir='ltr'>natura,</span> <span class='ocrx_word' id='word_1_165' title='bbox 588 2292 639 2348; x_wconf 89' lang='lat' dir='ltr'>sed</span> <span class='ocrx_word' id='word_1_166' title='bbox 657 2302 721 2348; x_wconf 82' lang='lat' dir='ltr'>arte</span> <span class='ocrx_word' id='word_1_167' title='bbox 733 2302 783 2349; x_wconf 90' lang='lat' dir='ltr'>aut</span> <span class='ocrx_word' id='word_1_168' title='bbox 796 2293 882 2368; x_wconf 90' lang='lat' dir='ltr'>culpa</span> <span class='ocrx_word' id='word_1_169' title='bbox 894 2293 981 2350; x_wconf 85' lang='lat' dir='ltr'>aliter</span> <span class='ocrx_word' id='word_1_170' title='bbox 992 2303 1090 2369; x_wconf 85' lang='lat' dir='ltr'>egunt.</span> <span class='ocrx_word' id='word_1_171' title='bbox 1124 2293 1242 2367; x_wconf 84' lang='lat' dir='ltr'>Qualis·</span> 
     </span>
     <span class='ocr_line' id='line_1_19' title="bbox 164 2377 1242 2454; baseline 0.001 -20"><span class='ocrx_word' id='word_1_172' title='bbox 164 2394 288 2450; x_wconf 89' lang='lat' dir='ltr'>cumque</span> <span class='ocrx_word' id='word_1_173' title='bbox 305 2377 368 2433; x_wconf 89' lang='lat' dir='ltr'>vita</span> <span class='ocrx_word' id='word_1_174' title='bbox 390 2377 518 2453; x_wconf 79' lang='lat' dir='ltr'>fingitur,</span> <span class='ocrx_word' id='word_1_175' title='bbox 542 2389 647 2434; x_wconf 87' lang='lat' dir='ltr'>natura</span> <span class='ocrx_word' id='word_1_176' title='bbox 670 2378 738 2434; x_wconf 91' lang='lat' dir='ltr'>talis</span> <span class='ocrx_word' id='word_1_177' title='bbox 761 2396 826 2435; x_wconf 89' lang='lat' dir='ltr'>esse</span> <span class='ocrx_word' id='word_1_178' title='bbox 843 2378 971 2454; x_wconf 83' lang='lat' dir='ltr'>fingitur.</span> <span class='ocrx_word' id='word_1_179' title='bbox 1018 2377 1111 2437; x_wconf 88' lang='lat' dir='ltr'>Gzius</span> <span class='ocrx_word' id='word_1_180' title='bbox 1131 2379 1242 2445; x_wconf 80' lang='lat' dir='ltr'>„Nota-</span> 
     </span>
     <span class='ocr_line' id='line_1_20' title="bbox 164 2462 1241 2538; baseline 0.001 -19"><span class='ocrx_word' id='word_1_181' title='bbox 164 2468 230 2519; x_wconf 85' lang='lat' dir='ltr'>tur“</span> <span class='ocrx_word' id='word_1_182' title='bbox 243 2462 340 2535; x_wconf 90' lang='lat' dir='ltr'>iuquit</span> <span class='ocrx_word' id='word_1_183' title='bbox 353 2463 535 2538; x_wconf 83' lang='lat' dir='ltr'>„sapientiae</span> <span class='ocrx_word' id='word_1_184' title='bbox 553 2463 761 2519; x_wconf 80' lang='lat' dir='ltr'>conveniens“.</span> <span class='ocrx_word' id='word_1_185' title='bbox 796 2463 915 2534; x_wconf 73' lang='lat' dir='ltr'>Mirum,</span> <span class='ocrx_word' id='word_1_186' title='bbox 929 2464 958 2520; x_wconf 92' lang='lat' dir='ltr'>ni</span> <span class='ocrx_word' id='word_1_187' title='bbox 971 2464 1127 2532; x_wconf 77' lang='lat' dir='ltr'>tinxerunt,</span> <span class='ocrx_word' id='word_1_188' title='bbox 1146 2464 1241 2537; x_wconf 87' lang='lat' dir='ltr'>qualis</span> 
     </span>
     <span class='ocr_line' id='line_1_21' title="bbox 163 2547 1241 2623; baseline 0.001 -19"><span class='ocrx_word' id='word_1_189' title='bbox 163 2547 338 2623; x_wconf 90' lang='lat' dir='ltr'>sapientium</span> <span class='ocrx_word' id='word_1_190' title='bbox 363 2549 425 2605; x_wconf 90' lang='lat' dir='ltr'>vita</span> <span class='ocrx_word' id='word_1_191' title='bbox 452 2566 510 2604; x_wconf 90' lang='lat' dir='ltr'>non</span> <span class='ocrx_word' id='word_1_192' title='bbox 538 2547 701 2622; x_wconf 89' lang='lat' dir='ltr'>sapientiae</span> <span class='ocrx_word' id='word_1_193' title='bbox 723 2548 902 2605; x_wconf 87' lang='lat' dir='ltr'>conveniens</span> <span class='ocrx_word' id='word_1_194' title='bbox 924 2558 1010 2606; x_wconf 88' lang='lat' dir='ltr'>esset.</span> <span class='ocrx_word' id='word_1_195' title='bbox 1055 2548 1241 2623; x_wconf 77' lang='lat' dir='ltr'>Quamquam</span> 
     </span>
     <span class='ocr_line' id='line_1_22' title="bbox 163 2631 882 2710; baseline 0 -21"><span class='ocrx_word' id='word_1_196' title='bbox 163 2632 310 2708; x_wconf 92' lang='lat' dir='ltr'>quomodo</span> <span class='ocrx_word' id='word_1_197' title='bbox 334 2642 432 2708; x_wconf 88' lang='lat' dir='ltr'>potest</span> <span class='ocrx_word' id='word_1_198' title='bbox 453 2632 528 2689; x_wconf 88' lang='lat' dir='ltr'>illud</span> <span class='ocrx_word' id='word_1_199' title='bbox 551 2651 586 2689; x_wconf 86' lang='lat' dir='ltr'>ea</span> <span class='ocrx_word' id='word_1_200' title='bbox 608 2651 680 2689; x_wconf 89' lang='lat' dir='ltr'>voce</span> <span class='ocrx_word' id='word_1_201' title='bbox 704 2631 882 2710; x_wconf 84' lang='lat' dir='ltr'>significari?</span> 
     </span>
    </p>

    <p class='ocr_par' dir='ltr' id='par_1_5' title="bbox 160 2718 1241 3883">
     <span class='ocr_line' id='line_1_23' title="bbox 248 2718 1241 2793; baseline 0.004 -21"><span class='ocrx_word' id='word_1_202' title='bbox 248 2729 296 2774; x_wconf 82' lang='lat' dir='ltr'>out</span> <span class='ocrx_word' id='word_1_203' title='bbox 313 2718 458 2793; x_wconf 82' lang='lat' dir='ltr'>paratam)</span> <span class='ocrx_word' id='word_1_204' title='bbox 476 2719 542 2774; x_wconf 92' lang='lat' dir='ltr'>Hoc</span> <span class='ocrx_word' id='word_1_205' title='bbox 559 2737 666 2775; x_wconf 87' lang='lat' dir='ltr'>nomeu</span> <span class='ocrx_word' id='word_1_206' title='bbox 684 2737 779 2793; x_wconf 88' lang='lat' dir='ltr'>neque</span> <span class='ocrx_word' id='word_1_207' title='bbox 802 2737 820 2774; x_wconf 86' lang='lat' dir='ltr'>a</span> <span class='ocrx_word' id='word_1_208' title='bbox 837 2718 979 2777; x_wconf 81' lang='lat' dir='ltr'>Cicerone</span> <span class='ocrx_word' id='word_1_209' title='bbox 1002 2737 1097 2793; x_wconf 91' lang='lat' dir='ltr'>neque</span> <span class='ocrx_word' id='word_1_210' title='bbox 1120 2718 1157 2775; x_wconf 93' lang='lat' dir='ltr'>ab</span> <span class='ocrx_word' id='word_1_211' title='bbox 1175 2718 1241 2776; x_wconf 91' lang='lat' dir='ltr'>aliis</span> 
     </span>
     <span class='ocr_line' id='line_1_24' title="bbox 163 2803 1241 2880; baseline 0 -20"><span class='ocrx_word' id='word_1_212' title='bbox 163 2803 249 2860; x_wconf 91' lang='lat' dir='ltr'>huius</span> <span class='ocrx_word' id='word_1_213' title='bbox 272 2805 378 2861; x_wconf 87' lang='lat' dir='ltr'>aetatis</span> <span class='ocrx_word' id='word_1_214' title='bbox 400 2804 594 2880; x_wconf 86' lang='lat' dir='ltr'>scriptoribus</span> <span class='ocrx_word' id='word_1_215' title='bbox 617 2804 744 2879; x_wconf 92' lang='lat' dir='ltr'>positum</span> <span class='ocrx_word' id='word_1_216' title='bbox 768 2803 928 2877; x_wconf 76' lang='lat' dir='ltr'>reperitur,</span> <span class='ocrx_word' id='word_1_217' title='bbox 957 2804 1015 2860; x_wconf 88' lang='lat' dir='ltr'>nisi</span> <span class='ocrx_word' id='word_1_218' title='bbox 1043 2804 1120 2878; x_wconf 93' lang='lat' dir='ltr'>quod</span> <span class='ocrx_word' id='word_1_219' title='bbox 1144 2804 1241 2861; x_wconf 80' lang='lat' dir='ltr'>Sellu-</span> 
     </span>
     <span class='ocr_line' id='line_1_25' title="bbox 163 2889 1240 2964; baseline 0 -20"><span class='ocrx_word' id='word_1_220' title='bbox 163 2889 236 2946; x_wconf 90' lang='lat' dir='ltr'>stins</span> <span class='ocrx_word' id='word_1_221' title='bbox 264 2891 376 2946; x_wconf 80' lang='lat' dir='ltr'>militum</span> <span class='ocrx_word' id='word_1_222' title='bbox 403 2901 428 2947; x_wconf 80' lang='lat' dir='ltr'>et</span> <span class='ocrx_word' id='word_1_223' title='bbox 455 2909 592 2946; x_wconf 76' lang='lat' dir='ltr'>urniorum</span> <span class='ocrx_word' id='word_1_224' title='bbox 616 2899 746 2963; x_wconf 85' lang='lat' dir='ltr'>paratam</span> <span class='ocrx_word' id='word_1_225' title='bbox 774 2908 827 2964; x_wconf 89' lang='lat' dir='ltr'>pro</span> <span class='ocrx_word' id='word_1_226' title='bbox 851 2889 1070 2964; x_wconf 87' lang='lat' dir='ltr'>comparatione</span> <span class='ocrx_word' id='word_1_227' title='bbox 1094 2889 1168 2946; x_wconf 86' lang='lat' dir='ltr'>dixit</span> <span class='ocrx_word' id='word_1_228' title='bbox 1192 2889 1240 2962; x_wconf 91' lang='lat' dir='ltr'>(de</span> 
     </span>
     <span class='ocr_line' id='line_1_26' title="bbox 164 2973 1238 3049; baseline -0.002 -17"><span class='ocrx_word' id='word_1_229' title='bbox 164 2973 295 3032; x_wconf 89' lang='lat' dir='ltr'>Sertorio</span> <span class='ocrx_word' id='word_1_230' title='bbox 315 2975 393 3049; x_wconf 87' lang='lat' dir='ltr'>apud</span> <span class='ocrx_word' id='word_1_231' title='bbox 412 2975 543 3033; x_wconf 89' lang='lat' dir='ltr'>Gellium</span> <span class='ocrx_word' id='word_1_232' title='bbox 556 2975 597 3042; x_wconf 83' lang='grc' dir='ltr'>ΙΙ,</span> <span class='ocrx_word' id='word_1_233' title='bbox 612 2975 666 3041; x_wconf 75' lang='lat' dir='ltr'>tt;</span> <span class='ocrx_word' id='word_1_234' title='bbox 689 2973 867 3031; x_wconf 83' lang='lat' dir='ltr'>Plutarchus</span> <span class='ocrx_word' id='word_1_235' title='bbox 886 2975 915 3031; x_wconf 90' lang='lat' dir='ltr'>in</span> <span class='ocrx_word' id='word_1_236' title='bbox 935 2975 1045 3032; x_wconf 85' lang='lat' dir='ltr'>Sertor.</span> <span class='ocrx_word' id='word_1_237' title='bbox 1064 2977 1120 3031; x_wconf 81' lang='lat' dir='ltr'>c.4</span> <span class='ocrx_word' id='word_1_238' title='bbox 1139 2974 1238 3030; x_wconf 87' lang='lat' dir='ltr'>datum</span> 
     </span>
     <span class='ocr_line' id='line_1_27' title="bbox 162 3045 1239 3134; baseline 0.002 -20"><span class='ocrx_word' id='word_1_239' title='bbox 162 3058 190 3114; x_wconf 90' lang='lat' dir='ltr'>ei</span> <span class='ocrx_word' id='word_1_240' title='bbox 212 3069 313 3116; x_wconf 87' lang='lat' dir='ltr'>narrat</span> <span class='ocrx_word' id='word_1_241' title='bbox 335 3048 522 3134; x_wconf 75' lang='grc' dir='ltr'><em>στρατιώτας</em></span> <span class='ocrx_word' id='word_1_242' title='bbox 548 3078 581 3115; x_wconf 83' lang='lat' dir='ltr'>re</span> <span class='ocrx_word' id='word_1_243' title='bbox 608 3053 776 3134; x_wconf 72' lang='grc' dir='ltr'><em>καταλέγειν</em></span> <span class='ocrx_word' id='word_1_244' title='bbox 803 3048 851 3113; x_wconf 74' lang='grc' dir='ltr'>καὶ</span> <span class='ocrx_word' id='word_1_245' title='bbox 882 3045 959 3114; x_wconf 76' lang='grc' dir='ltr'><strong><em>ὅπλα</em></strong></span> <span class='ocrx_word' id='word_1_246' title='bbox 981 3060 1162 3131; x_wconf 77' lang='grc' dir='ltr'>ποιεῖσθαι);</span> <span class='ocrx_word' id='word_1_247' title='bbox 1191 3059 1239 3116; x_wconf 88' lang='lat' dir='ltr'>hic</span> 
     </span>
     <span class='ocr_line' id='line_1_28' title="bbox 162 3143 1239 3201; baseline 0.001 -1"><span class='ocrx_word' id='word_1_248' title='bbox 162 3163 219 3201; x_wconf 93' lang='lat' dir='ltr'>non</span> <span class='ocrx_word' id='word_1_249' title='bbox 243 3145 278 3201; x_wconf 90' lang='lat' dir='ltr'>de</span> <span class='ocrx_word' id='word_1_250' title='bbox 299 3143 414 3200; x_wconf 88' lang='lat' dir='ltr'>actione</span> <span class='ocrx_word' id='word_1_251' title='bbox 438 3144 558 3200; x_wconf 87' lang='lat' dir='ltr'>dicitur.</span> <span class='ocrx_word' id='word_1_252' title='bbox 588 3143 639 3200; x_wconf 91' lang='lat' dir='ltr'>sed</span> <span class='ocrx_word' id='word_1_253' title='bbox 667 3144 703 3199; x_wconf 92' lang='lat' dir='ltr'>de</span> <span class='ocrx_word' id='word_1_254' title='bbox 726 3144 920 3200; x_wconf 90' lang='lat' dir='ltr'>instrumento</span> <span class='ocrx_word' id='word_1_255' title='bbox 944 3153 971 3200; x_wconf 88' lang='lat' dir='ltr'>et</span> <span class='ocrx_word' id='word_1_256' title='bbox 993 3144 1082 3199; x_wconf 89' lang='lat' dir='ltr'>rebus</span> <span class='ocrx_word' id='word_1_257' title='bbox 1106 3162 1239 3201; x_wconf 85' lang='lat' dir='ltr'>necesss-</span> 
     </span>
     <span class='ocr_line' id='line_1_29' title="bbox 161 3227 1239 3308; baseline 0.001 -23"><span class='ocrx_word' id='word_1_258' title='bbox 161 3229 228 3297; x_wconf 80' lang='lat' dir='ltr'>riis,</span> <span class='ocrx_word' id='word_1_259' title='bbox 257 3227 418 3308; x_wconf 91' lang='lat' dir='ltr'>[quomodo</span> <span class='ocrx_word' id='word_1_260' title='bbox 443 3229 545 3285; x_wconf 78' lang='lat' dir='ltr'>Livius</span> <span class='ocrx_word' id='word_1_261' title='bbox 568 3230 614 3297; x_wconf 79' lang='lat' dir='ltr'>X,</span> <span class='ocrx_word' id='word_1_262' title='bbox 639 3230 693 3298; x_wconf 76' lang='lat'>41,</span> <span class='ocrx_word' id='word_1_263' title='bbox 720 3229 737 3284; x_wconf 89' lang='lat'>3</span> <span class='ocrx_word' id='word_1_264' title='bbox 766 3231 861 3285; x_wconf 82' lang='lat' dir='ltr'>occulti</span> <span class='ocrx_word' id='word_1_265' title='bbox 883 3239 1012 3305; x_wconf 81' lang='lat' dir='ltr'>paratum</span> <span class='ocrx_word' id='word_1_266' title='bbox 1036 3232 1110 3285; x_wconf 83' lang='lat' dir='ltr'>socri</span> <span class='ocrx_word' id='word_1_267' title='bbox 1131 3230 1239 3304; x_wconf 79' lang='lat' dir='ltr'>posuit,</span> 
     </span>
     <span class='ocr_line' id='line_1_30' title="bbox 161 3311 1240 3393; baseline 0.001 -23"><span class='ocrx_word' id='word_1_268' title='bbox 161 3314 186 3370; x_wconf 89' lang='lat' dir='ltr'>si</span> <span class='ocrx_word' id='word_1_269' title='bbox 209 3314 360 3371; x_wconf 90' lang='lat' dir='ltr'>codicibus</span> <span class='ocrx_word' id='word_1_270' title='bbox 382 3311 553 3393; x_wconf 89' lang='lat' dir='ltr'>credimus].</span> <span class='ocrx_word' id='word_1_271' title='bbox 599 3314 667 3370; x_wconf 89' lang='lat' dir='ltr'>Non</span> <span class='ocrx_word' id='word_1_272' title='bbox 698 3314 761 3371; x_wconf 89' lang='lat' dir='ltr'>siue</span> <span class='ocrx_word' id='word_1_273' title='bbox 784 3333 873 3371; x_wconf 86' lang='lat' dir='ltr'>causa</span> <span class='ocrx_word' id='word_1_274' title='bbox 896 3315 986 3389; x_wconf 83' lang='lat' dir='ltr'>igitur</span> <span class='ocrx_word' id='word_1_275' title='bbox 1008 3314 1170 3372; x_wconf 85' lang='lat' dir='ltr'>Lambinus</span> <span class='ocrx_word' id='word_1_276' title='bbox 1192 3314 1240 3371; x_wconf 92' lang='lat' dir='ltr'>hic</span> 
     </span>
     <span class='ocr_line' id='line_1_31' title="bbox 162 3399 1239 3474; baseline 0 -18"><span class='ocrx_word' id='word_1_277' title='bbox 162 3417 278 3473; x_wconf 88' lang='lat' dir='ltr'>quoque</span> <span class='ocrx_word' id='word_1_278' title='bbox 306 3410 353 3455; x_wconf 84' lang='lat' dir='ltr'>aut</span> <span class='ocrx_word' id='word_1_279' title='bbox 375 3410 539 3474; x_wconf 81' lang='lat' dir='ltr'>apparatum</span> <span class='ocrx_word' id='word_1_280' title='bbox 561 3399 688 3474; x_wconf 89' lang='lat' dir='ltr'>scripsit.</span> <span class='ocrx_word' id='word_1_281' title='bbox 734 3399 793 3457; x_wconf 88' lang='lat' dir='ltr'>Sed</span> <span class='ocrx_word' id='word_1_282' title='bbox 822 3400 883 3457; x_wconf 87' lang='lat' dir='ltr'>fieri</span> <span class='ocrx_word' id='word_1_283' title='bbox 908 3411 1018 3474; x_wconf 76' lang='lat' dir='ltr'>potest,</span> <span class='ocrx_word' id='word_1_284' title='bbox 1047 3411 1080 3456; x_wconf 91' lang='lat' dir='ltr'>ut</span> <span class='ocrx_word' id='word_1_285' title='bbox 1103 3399 1239 3458; x_wconf 88' lang='lat' dir='ltr'>Ciceroni</span> 
     </span>
     <span class='ocr_line' id='line_1_32' title="bbox 161 3485 1237 3561; baseline -0.001 -19"><span class='ocrx_word' id='word_1_286' title='bbox 161 3487 248 3542; x_wconf 69' lang='lat' dir='ltr'>stultus</span> <span class='ocrx_word' id='word_1_287' title='bbox 275 3496 299 3542; x_wconf 82' lang='lat' dir='ltr'>et</span> <span class='ocrx_word' id='word_1_288' title='bbox 321 3494 441 3560; x_wconf 81' lang='lat' dir='ltr'>paratus</span> <span class='ocrx_word' id='word_1_289' title='bbox 464 3486 513 3561; x_wconf 87' lang='lat' dir='ltr'>(ex</span> <span class='ocrx_word' id='word_1_290' title='bbox 543 3485 656 3541; x_wconf 87' lang='lat' dir='ltr'>duobus</span> <span class='ocrx_word' id='word_1_291' title='bbox 679 3485 777 3541; x_wconf 81' lang='lat' dir='ltr'>verbis</span> <span class='ocrx_word' id='word_1_292' title='bbox 805 3485 1001 3560; x_wconf 89' lang='lat' dir='ltr'>simplicibus)</span> <span class='ocrx_word' id='word_1_293' title='bbox 1023 3485 1121 3560; x_wconf 89' lang='lat' dir='ltr'>aptius</span> <span class='ocrx_word' id='word_1_294' title='bbox 1144 3485 1237 3541; x_wconf 86' lang='lat' dir='ltr'>visum</span> 
     </span>
     <span class='ocr_line' id='line_1_33' title="bbox 161 3569 1238 3646; baseline 0 -19"><span class='ocrx_word' id='word_1_295' title='bbox 161 3570 200 3627; x_wconf 88' lang='lat' dir='ltr'>sit</span> <span class='ocrx_word' id='word_1_296' title='bbox 222 3588 310 3643; x_wconf 91' lang='lat' dir='ltr'>quam</span> <span class='ocrx_word' id='word_1_297' title='bbox 332 3572 420 3627; x_wconf 84' lang='lat' dir='ltr'>cultus</span> <span class='ocrx_word' id='word_1_298' title='bbox 442 3581 466 3627; x_wconf 85' lang='lat' dir='ltr'>et</span> <span class='ocrx_word' id='word_1_299' title='bbox 488 3581 655 3646; x_wconf 79' lang='lat' dir='ltr'>apparatus:</span> <span class='ocrx_word' id='word_1_300' title='bbox 679 3581 708 3626; x_wconf 89' lang='lat' dir='ltr'>et</span> <span class='ocrx_word' id='word_1_301' title='bbox 731 3570 858 3645; x_wconf 88' lang='lat' dir='ltr'>fingendi</span> <span class='ocrx_word' id='word_1_302' title='bbox 877 3570 1044 3628; x_wconf 88' lang='lat' dir='ltr'>huiusmodi</span> <span class='ocrx_word' id='word_1_303' title='bbox 1061 3569 1238 3627; x_wconf 87' lang='lat' dir='ltr'>substantivi</span> 
     </span>
     <span class='ocr_line' id='line_1_34' title="bbox 162 3654 1238 3730; baseline 0.002 -20"><span class='ocrx_word' id='word_1_304' title='bbox 162 3655 276 3712; x_wconf 86' lang='lat' dir='ltr'>veniam</span> <span class='ocrx_word' id='word_1_305' title='bbox 300 3654 387 3712; x_wconf 83' lang='lat' dir='ltr'>facile</span> <span class='ocrx_word' id='word_1_306' title='bbox 411 3656 509 3712; x_wconf 89' lang='lat' dir='ltr'>datam</span> <span class='ocrx_word' id='word_1_307' title='bbox 533 3674 605 3711; x_wconf 89' lang='lat' dir='ltr'>esse.</span> <span class='ocrx_word' id='word_1_308' title='bbox 629 3656 692 3711; x_wconf 85' lang='lat' dir='ltr'>dixi</span> <span class='ocrx_word' id='word_1_309' title='bbox 710 3655 747 3711; x_wconf 88' lang='lat' dir='ltr'>ad</span> <span class='ocrx_word' id='word_1_310' title='bbox 760 3656 813 3721; x_wconf 83' lang='lat' dir='ltr'>tv.</span> <span class='ocrx_word' id='word_1_311' title='bbox 829 3658 878 3712; x_wconf 79' lang='lat'>41.</span> <span class='ocrx_word' id='word_1_312' title='bbox 913 3657 1029 3712; x_wconf 81' lang='lat' dir='ltr'>Acturos</span> <span class='ocrx_word' id='word_1_313' title='bbox 1047 3675 1100 3730; x_wconf 88' lang='lat' dir='ltr'>pro</span> <span class='ocrx_word' id='word_1_314' title='bbox 1118 3675 1174 3712; x_wconf 82' lang='lat' dir='ltr'>esse</span> <span class='ocrx_word' id='word_1_315' title='bbox 1192 3675 1238 3712; x_wconf 84' lang='lat' dir='ltr'>uc-</span> 
     </span>
     <span class='ocr_line' id='line_1_35' title="bbox 161 3737 1238 3820; baseline 0.001 -23"><span class='ocrx_word' id='word_1_316' title='bbox 161 3750 235 3797; x_wconf 85' lang='lat' dir='ltr'>turos</span> <span class='ocrx_word' id='word_1_317' title='bbox 258 3740 352 3798; x_wconf 89' lang='lat' dir='ltr'>Gzius</span> <span class='ocrx_word' id='word_1_318' title='bbox 375 3760 411 3796; x_wconf 87' lang='lat' dir='ltr'>ex</span> <span class='ocrx_word' id='word_1_319' title='bbox 436 3741 511 3809; x_wconf 74' lang='lat' dir='ltr'>art..</span> <span class='ocrx_word' id='word_1_320' title='bbox 541 3740 618 3815; x_wconf 81' lang='lat' dir='ltr'>Spin.</span> <span class='ocrx_word' id='word_1_321' title='bbox 642 3737 710 3820; x_wconf 86' lang='lat' dir='ltr'>[B]</span> <span class='ocrx_word' id='word_1_322' title='bbox 735 3743 803 3798; x_wconf 83' lang='lat' dir='ltr'>Bas.</span> <span class='ocrx_word' id='word_1_323' title='bbox 854 3742 888 3798; x_wconf 94' lang='lat' dir='ltr'>In</span> <span class='ocrx_word' id='word_1_324' title='bbox 913 3740 992 3799; x_wconf 88' lang='lat' dir='ltr'>Gud.</span> <span class='ocrx_word' id='word_1_325' title='bbox 1020 3750 1145 3815; x_wconf 88' lang='lat' dir='ltr'>utroque</span> <span class='ocrx_word' id='word_1_326' title='bbox 1175 3749 1238 3798; x_wconf 87' lang='lat' dir='ltr'>erat</span> 
     </span>
     <span class='ocr_line' id='line_1_36' title="bbox 160 3836 357 3883; baseline 0 0"><span class='ocrx_word' id='word_1_327' title='bbox 160 3836 268 3883; x_wconf 83' lang='lat' dir='ltr'>acturos</span> <span class='ocrx_word' id='word_1_328' title='bbox 291 3845 357 3883; x_wconf 80' lang='lat' dir='ltr'>ease.</span> 
     </span>
    </p>

    <p class='ocr_par' dir='ltr' id='par_1_6' title="bbox 159 3906 1238 4499">
     <span class='ocr_line' id='line_1_37' title="bbox 246 3906 1238 3990; baseline 0.001 -23"><span class='ocrx_word' id='word_1_329' title='bbox 246 3913 405 3986; x_wconf 79' lang='lat' dir='ltr'>inquirendo</span> <span class='ocrx_word' id='word_1_330' title='bbox 426 3931 459 3968; x_wconf 85' lang='lat' dir='ltr'>uc</span> <span class='ocrx_word' id='word_1_331' title='bbox 481 3909 620 3986; x_wconf 77' lang='lat' dir='ltr'>discendo)</span> <span class='ocrx_word' id='word_1_332' title='bbox 644 3910 694 3969; x_wconf 86' lang='lat' dir='ltr'>Sic</span> <span class='ocrx_word' id='word_1_333' title='bbox 711 3920 789 3967; x_wconf 83' lang='lat' dir='ltr'>recte</span> <span class='ocrx_word' id='word_1_334' title='bbox 807 3911 894 3967; x_wconf 90' lang='lat' dir='ltr'>etiarn</span> <span class='ocrx_word' id='word_1_335' title='bbox 909 3911 986 3986; x_wconf 87' lang='lat' dir='ltr'>Spir.</span> <span class='ocrx_word' id='word_1_336' title='bbox 999 3906 1063 3990; x_wconf 90' lang='lat' dir='ltr'>[B]</span> <span class='ocrx_word' id='word_1_337' title='bbox 1087 3909 1238 3986; x_wconf 84' lang='lat' dir='ltr'>ediditque</span> 
     </span>
     <span class='ocr_line' id='line_1_38' title="bbox 161 3994 1238 4070; baseline -0.002 -16"><span class='ocrx_word' id='word_1_338' title='bbox 161 3994 270 4065; x_wconf 80' lang='lat' dir='ltr'>Gzius3</span> <span class='ocrx_word' id='word_1_339' title='bbox 293 3997 399 4054; x_wconf 83' lang='lat' dir='ltr'>vitiose</span> <span class='ocrx_word' id='word_1_340' title='bbox 416 3997 492 4054; x_wconf 88' lang='lat' dir='ltr'>enirn</span> <span class='ocrx_word' id='word_1_341' title='bbox 511 3997 745 4069; x_wconf 78' lang='lat' dir='ltr'>coniungebatur</span> <span class='ocrx_word' id='word_1_342' title='bbox 762 4000 787 4052; x_wconf 81' lang='lat' dir='ltr'>iu</span> <span class='ocrx_word' id='word_1_343' title='bbox 806 3998 959 4070; x_wconf 81' lang='lat' dir='ltr'>quaerendo</span> <span class='ocrx_word' id='word_1_344' title='bbox 976 4000 1002 4053; x_wconf 78' lang='lat' dir='ltr'>in</span> <span class='ocrx_word' id='word_1_345' title='bbox 1020 4007 1134 4052; x_wconf 70' lang='lat' dir='ltr'>iacturae</span> <span class='ocrx_word' id='word_1_346' title='bbox 1150 4000 1238 4070; x_wconf 79' lang='lat' dir='ltr'>coppi·</span> 
     </span>
     <span class='ocr_line' id='line_1_39' title="bbox 160 4079 1238 4157; baseline 0 -19"><span class='ocrx_word' id='word_1_347' title='bbox 160 4085 241 4151; x_wconf 81' lang='lat' dir='ltr'>tr&#39;onc3</span> <span class='ocrx_word' id='word_1_348' title='bbox 273 4100 350 4139; x_wconf 90' lang='lat' dir='ltr'>nuuc</span> <span class='ocrx_word' id='word_1_349' title='bbox 378 4081 520 4157; x_wconf 84' lang='lat' dir='ltr'>gerundia</span> <span class='ocrx_word' id='word_1_350' title='bbox 548 4081 728 4157; x_wconf 73' lang='lat' dir='ltr'>significant,</span> <span class='ocrx_word' id='word_1_351' title='bbox 760 4082 905 4154; x_wconf 89' lang='lat' dir='ltr'>quomodo</span> <span class='ocrx_word' id='word_1_352' title='bbox 934 4082 963 4138; x_wconf 88' lang='lat' dir='ltr'>in</span> <span class='ocrx_word' id='word_1_353' title='bbox 992 4081 1044 4138; x_wconf 86' lang='lat' dir='ltr'>illa</span> <span class='ocrx_word' id='word_1_354' title='bbox 1072 4079 1238 4155; x_wconf 79' lang='lat' dir='ltr'>cognitione</span> 
     </span>
     <span class='ocr_line' id='line_1_40' title="bbox 159 4167 1238 4242; baseline 0 -18"><span class='ocrx_word' id='word_1_355' title='bbox 159 4176 275 4242; x_wconf 87' lang='lat' dir='ltr'>tempus</span> <span class='ocrx_word' id='word_1_356' title='bbox 303 4178 502 4224; x_wconf 89' lang='lat' dir='ltr'>consumatur.</span> <span class='ocrx_word' id='word_1_357' title='bbox 555 4168 586 4222; x_wconf 83' lang='lat' dir='ltr'>[u</span> <span class='ocrx_word' id='word_1_358' title='bbox 617 4176 685 4222; x_wconf 89' lang='lat' dir='ltr'>ante</span> <span class='ocrx_word' id='word_1_359' title='bbox 715 4169 868 4241; x_wconf 83' lang='lat' dir='ltr'>quaerendo</span> <span class='ocrx_word' id='word_1_360' title='bbox 896 4168 954 4224; x_wconf 92' lang='lat' dir='ltr'>iam</span> <span class='ocrx_word' id='word_1_361' title='bbox 984 4167 1238 4242; x_wconf 81' lang='lat' dir='ltr'>lllorgensternius</span> 
     </span>
     <span class='ocr_line' id='line_1_41' title="bbox 159 4251 1238 4328; baseline 0 -20"><span class='ocrx_word' id='word_1_362' title='bbox 159 4251 225 4308; x_wconf 87' lang='lat' dir='ltr'>tolli</span> <span class='ocrx_word' id='word_1_363' title='bbox 248 4252 390 4309; x_wconf 86' lang='lat' dir='ltr'>voluerat.</span> <span class='ocrx_word' id='word_1_364' title='bbox 436 4251 522 4324; x_wconf 85' lang='lat' dir='ltr'>Quod</span> <span class='ocrx_word' id='word_1_365' title='bbox 551 4251 621 4308; x_wconf 90' lang='lat' dir='ltr'>olim</span> <span class='ocrx_word' id='word_1_366' title='bbox 650 4251 679 4307; x_wconf 91' lang='lat' dir='ltr'>in</span> <span class='ocrx_word' id='word_1_367' title='bbox 708 4251 793 4326; x_wconf 89' lang='lat' dir='ltr'>epist.</span> <span class='ocrx_word' id='word_1_368' title='bbox 822 4253 858 4309; x_wconf 91' lang='lat' dir='ltr'>ad</span> <span class='ocrx_word' id='word_1_369' title='bbox 882 4251 973 4310; x_wconf 90' lang='lat' dir='ltr'>Orell.</span> <span class='ocrx_word' id='word_1_370' title='bbox 1000 4273 1026 4328; x_wconf 95' lang='lat' dir='ltr'>p.</span> <span class='ocrx_word' id='word_1_371' title='bbox 1049 4252 1107 4308; x_wconf 79' lang='lat'>112</span> <span class='ocrx_word' id='word_1_372' title='bbox 1131 4253 1238 4328; x_wconf 82' lang='lat' dir='ltr'>negavi</span> 
     </span>
     <span class='ocr_line' id='line_1_42' title="bbox 159 4334 1238 4413; baseline 0 -19"><span class='ocrx_word' id='word_1_373' title='bbox 159 4334 332 4395; x_wconf 90' lang='lat' dir='ltr'>Ciceronem</span> <span class='ocrx_word' id='word_1_374' title='bbox 362 4356 498 4412; x_wconf 88' lang='lat' dir='ltr'>umquam</span> <span class='ocrx_word' id='word_1_375' title='bbox 528 4337 625 4393; x_wconf 80' lang='lat' dir='ltr'>dicere</span> <span class='ocrx_word' id='word_1_376' title='bbox 659 4347 761 4411; x_wconf 85' lang='lat' dir='ltr'>tempus</span> <span class='ocrx_word' id='word_1_377' title='bbox 791 4341 909 4394; x_wconf 81' lang='lat' dir='ltr'>consumi</span> <span class='ocrx_word' id='word_1_378' title='bbox 935 4358 964 4394; x_wconf 85' lang='lat' dir='ltr'>re</span> <span class='ocrx_word' id='word_1_379' title='bbox 992 4356 1046 4413; x_wconf 87' lang='lat' dir='ltr'>pro</span> <span class='ocrx_word' id='word_1_380' title='bbox 1075 4356 1125 4405; x_wconf 83' lang='lat' dir='ltr'>eo,</span> <span class='ocrx_word' id='word_1_381' title='bbox 1160 4338 1238 4411; x_wconf 91' lang='lat' dir='ltr'>quod</span> 
     </span>
     <span class='ocr_line' id='line_1_43' title="bbox 159 4422 1238 4499; baseline 0.001 -20"><span class='ocrx_word' id='word_1_382' title='bbox 159 4432 205 4479; x_wconf 87' lang='lat' dir='ltr'>est</span> <span class='ocrx_word' id='word_1_383' title='bbox 231 4429 259 4479; x_wconf 83' lang='lat' dir='ltr'>in</span> <span class='ocrx_word' id='word_1_384' title='bbox 282 4443 326 4491; x_wconf 77' lang='lat' dir='ltr'>re,</span> <span class='ocrx_word' id='word_1_385' title='bbox 354 4432 433 4480; x_wconf 89' lang='lat' dir='ltr'>recte</span> <span class='ocrx_word' id='word_1_386' title='bbox 456 4422 532 4485; x_wconf 77' lang='lat' dir='ltr'>dixi:</span> <span class='ocrx_word' id='word_1_387' title='bbox 562 4441 628 4478; x_wconf 85' lang='lat' dir='ltr'>nem</span> <span class='ocrx_word' id='word_1_388' title='bbox 659 4422 708 4496; x_wconf 91' lang='lat' dir='ltr'>qui</span> <span class='ocrx_word' id='word_1_389' title='bbox 732 4440 749 4478; x_wconf 91' lang='lat' dir='ltr'>a</span> <span class='ocrx_word' id='word_1_390' title='bbox 772 4423 910 4499; x_wconf 86' lang='lat' dir='ltr'>Zumptio</span> <span class='ocrx_word' id='word_1_391' title='bbox 934 4423 983 4498; x_wconf 85' lang='lat' dir='ltr'>(ad</span> <span class='ocrx_word' id='word_1_392' title='bbox 1007 4424 1093 4481; x_wconf 86' lang='lat' dir='ltr'>Verr.</span> <span class='ocrx_word' id='word_1_393' title='bbox 1118 4423 1160 4490; x_wconf 83' lang='lat' dir='ltr'>V,</span> <span class='ocrx_word' id='word_1_394' title='bbox 1186 4424 1238 4495; x_wconf 81' lang='grc'>64)</span> 
     </span>
    </p>
   </div>
   <div class='ocr_carea' id='block_1_5' title="bbox 0 0 1520 5086">
    <p class='ocr_par' dir='ltr' id='par_1_7' title="bbox 0 0 1520 5086">
     <span class='ocr_line' id='line_1_44' title="bbox 0 0 1520 5086; baseline 0 2"><span class='ocrx_word' id='word_1_395' title='bbox 0 0 1520 5086; x_wconf 95' lang='lat' dir='ltr'> </span> 
     </span>
    </p>
   </div>
  </div>
 </body>
</html>
