3030 5086
255 470 318 534 638
644 487 688 531 nu
712 486 843 534 armeus
866 488 937 533 sos.

255 672 325 719 cere
348 653 461 732 omnia,
483 661 518 718 ut
539 654 765 734 adipiscamur,
789 673 870 735 quae
892 656 1060 719 secundum
1083 664 1226 721 naturam
1250 660 1344 733 sunt,

254 757 375 821 etiamsi
397 774 436 820 ea
458 774 519 819 uon
543 774 762 837 assequamur,
791 756 823 820 id
845 775 915 821 esse
937 765 969 820 et
990 756 1153 822 honestum
1176 766 1208 822 et
1228 757 1343 822 solum

254 876 312 938 per
335 876 368 921 sa
391 858 596 937 expetendum
620 864 651 921 et
673 857 772 922 solum
795 858 910 922 bonum
932 857 1029 922 Stoici
1051 858 1164 922 dicunt

339 958 425 1023 VIII.
449 961 499 1022 21.
524 958 584 1023 Sex
606 959 700 1039 igitur
721 959 781 1023 hae
804 968 877 1023 sunt
898 959 1054 1040 simplices
1076 960 1258 1025 desummo
1277 960 1341 1025 bo-

216 1065 364 1127 onorum
387 1060 600 1141 malorumque
623 1061 803 1140 sententiae,
826 1062 907 1125 duae
929 1061 997 1126 sine
1015 1067 1158 1142 patrono,
1181 1068 1341 1143 quattuor

328 1236 346 1278 l.
365 1231 412 1277 sint
431 1230 519 1280 LPCR
556 1235 578 1280 2
597 1230 643 1278 cti
660 1231 749 1280 LPCR
790 1236 813 1280 ³.
835 1231 897 1280 Post
914 1231 1065 1295 expetendum
1085 1234 1143 1280 add.
1162 1241 1183 1281 et
1200 1249 1339 1296 assequen-

254 1298 348 1346 dumL
384 1305 405 1347 4,
425 1297 466 1346 dee
485 1299 505 1346 lt}
541 1297 658 1362 simplices
677 1299 766 1350 emh
801 1316 890 1348 surrrmo
908 1299 974 1349 EPC

253 1455 325 1510 diois
349 1455 467 1512 nomine
490 1454 640 1526 abutens),
665 1474 718 1511 nec
740 1465 853 1523 tamen,
883 1456 953 1529 quia
975 1456 1246 1530 interpretationem
1272 1475 1337 1512 non

252 1540 415 1610 addiderat,
434 1541 589 1615 quisquam
607 1551 724 1614 praeter
736 1540 885 1597 Bromium
904 1542 1079 1598 sententiam
1098 1542 1161 1597 eius
1172 1540 1339 1598 intellexit.

252 1625 414 1696 (Davisius.
438 1627 488 1700 qui
511 1625 591 1681 solus
615 1626 761 1682 montione
785 1626 921 1700 dignatus
944 1636 998 1695 est,
1022 1626 1156 1683 ascribit:
1179 1627 1338 1699 Absurde.)

251 1711 391 1784 Plerique
414 1711 501 1780 enim,
525 1710 595 1784 quid
619 1710 694 1766 inter
717 1710 889 1767 vitationem
909 1721 938 1767 ot
955 1711 1143 1767 evitationem
1162 1711 1337 1780 interesset,

251 1814 308 1852 non
333 1805 499 1852 tenuerunt.
534 1797 638 1869 Itaque
657 1796 763 1870 partim
781 1795 913 1852 codicum
937 1796 1110 1870 scripturam
1135 1796 1216 1852 miris
1234 1797 1339 1853 modis

251 1880 400 1953 explicare
423 1891 581 1949 conantur,
611 1901 642 1936 ue
670 1899 722 1955 pro
751 1901 845 1938 ne-
869 1883 976 1955 quidem
997 1880 1175 1956 accipientes
1197 1880 1247 1953 (de
1270 1900 1337 1956 que

251 1965 312 2020 dixi
330 1965 367 2020 ad
380 1965 404 2032 I,
419 1966 480 2037 39),
499 1975 531 2021 ut
542 1964 735 2023 Gernlrardus
751 1967 781 2023 in
796 1966 948 2023 Addeudis
967 1966 1036 2022 edit.
1054 1965 1118 2025 Cat.
1130 1965 1201 2023 Mai.
1214 1986 1242 2041 p.
1257 1967 1337 2036 320,

250 2069 336 2123 quem
360 2048 432 2108 Otto
456 2051 602 2124 sequitur:
627 2051 669 2107 Ne
691 2061 746 2107 tum
768 2053 876 2126 quidem
899 2055 1059 2126 quisquam,
1083 2055 1109 2108 si
1129 2054 1206 2108 etiam
1229 2055 1338 2108 evitare

249 2138 366 2192 dotorem
386 2147 490 2210 posset,
515 2137 598 2191 loric
621 2138 720 2192 doloris
742 2141 964 2194 evitationem
986 2136 1104 2208 (sentin'
1127 2155 1180 2211 pro
1202 2139 1339 2194 vitatione

249 2240 313 2276 eam
338 2221 429 2276 subici
438 2218 463 2294 i)
489 2240 539 2296 per
566 2241 594 2278 so
622 2225 647 2277 in
675 2222 754 2277 rebus
780 2224 933 2296 eopetendis
951 2224 1068 2297 putauit.
1114 2223 1169 2293 At,
1198 2240 1216 2279 o
1241 2221 1336 2287 bone,

249 2305 351 2380 paucis
374 2307 508 2362 versibus
531 2317 599 2362 ante
622 2306 725 2364 Cicero
749 2308 894 2376 narravit,
926 2307 1000 2363 hauc
1030 2310 1194 2364 eoitutimrem
1216 2309 1336 2377 doloris,

246 2391 278 2447 id
302 2400 355 2460 est,
380 2392 555 2448 vacuitatem
570 2392 782 2466 Hieronymum
802 2410 946 2448 summum
970 2391 1078 2448 bonum
1102 2400 1229 2467 putasse.
1263 2392 1337 2456 Alii

248 2486 345 2532 autem
370 2477 544 2550 scripturam
570 2486 693 2546 mutant,
717 2485 750 2533 ut
772 2477 914 2533 Davisius
936 2496 973 2533 ex
998 2477 1043 2534 El.
1068 2477 1178 2551 (priore
1200 2476 1336 2550 scilieet)

249 2560 342 2617 dedit:
361 2565 414 2618 nisi
428 2566 508 2617 etiam
524 2565 626 2618 evenire
635 2572 736 2636 posset.
771 2562 804 2619 ld
823 2562 940 2636 quidem
959 2562 1095 2619 omnibus
1113 2580 1205 2636 paene
1217 2561 1335 2632 evenit,

248 2659 281 2702 ut
303 2645 432 2702 dolorem
456 2647 565 2715 vitent;
588 2658 620 2703 ut
637 2648 757 2713 evitent,
781 2667 838 2704 non
856 2647 1008 2721 contingit.
1043 2646 1172 2705 Orellius
1189 2647 1335 2704 altiorem

248 2732 339 2788 latere
364 2742 447 2805 putat
469 2733 665 2808 corruptelam
690 2743 720 2788 et
742 2733 817 2789 hano
839 2732 1013 2790 sententiam
1038 2732 1164 2806 requiri:
1190 2724 1364 2800 ,etiamsi‘

248 2815 353 2872 evitari
376 2835 433 2873 non
452 2828 551 2892 posset
569 2818 683 2874 dolor“.
716 2818 751 2875 ld
770 2828 879 2874 rectum
898 2826 985 2886 esset,
1008 2817 1032 2873 si
1050 2816 1208 2873 affirmatio
1226 2817 1334 2874 huius·

249 2902 325 2957 modi
351 2903 552 2975 praecederet:
584 2903 663 2964 tua,
694 2907 743 2976 qui
768 2906 918 2959 vitationem
946 2906 1046 2960 doloris
1068 2906 1155 2976 :psam
1175 2921 1227 2976 per
1249 2921 1278 2960 se
1303 2906 1334 2959 iu

247 2988 321 3042 bonis
340 2997 458 3061 portaret.
494 2987 630 3044 Aliorum
654 3005 768 3043 errores
792 2988 905 3047 omitto.
931 2984 1032 3067 [etiam
1058 2987 1168 3044 Handii
1190 2987 1221 3044 in
1235 2988 1330 3046 Tura,

247 3073 291 3130 IV
316 3092 343 3147 p.
359 3066 423 3149 71].

333 3177 402 3232 quoe
424 3158 568 3213 secuudum
591 3168 716 3212 :tutorum
739 3156 814 3230 sunt)
839 3156 887 3212 Sic
910 3158 997 3213 etiam
1022 3177 1037 3214 e
1057 3157 1133 3232 Spir.
1148 3153 1202 3237 [B]
1219 3156 1333 3229 Gaius,

246 3253 275 3300 et
298 3242 340 3299 ita
362 3251 406 3298 est
429 3247 443 3312 §
471 3243 517 3297 19.
562 3242 637 3298 Tum
662 3245 712 3298 etsi
732 3262 763 3298 ea
786 3242 903 3298 codices
925 3242 1085 3299 deteriores
1108 3245 1171 3314 (sex
1196 3242 1331 3312 Davisii,

245 3322 315 3401 Εξχ,
333 3327 410 3395 Gzii,
428 3326 560 3402 exceptis
573 3326 650 3402 Spir.
665 3322 720 3405 [B]
734 3335 762 3383 et
776 3327 851 3398 Eri.)
869 3335 902 3397 et¹
916 3327 1025 3383 multae
1041 3325 1107 3382 edd.
1119 3326 1222 3399 (Crat,
1236 3327 1332 3397 Viet,

246 3413 345 3484 Dan).
384 3413 473 3470 laum
498 3430 561 3468 esso
584 3412 639 3467 hac
662 3412 832 3469 definitione
854 3413 1045 3485 Antipatrum
1069 3413 1257 3479 Tarsensem,
1282 3413 1331 3470 vi·
1426 3425 1428 3428 ‘

246 3497 342 3554 dinrus
364 3497 402 3552 ad
425 3494 482 3566 ΙΙΙ,
503 3498 556 3561 tt,
581 3497 632 3571 qui
655 3515 720 3554 cunr
744 3497 897 3556 Carneade
920 3498 997 3553 vixit
1019 3496 1108 3571 paulo
1130 3495 1256 3554 fortasse
1281 3497 1330 3554 in·

244 3581 336 3639 ferior
362 3593 469 3640 aetate.
515 3583 594 3639 Fieri
623 3592 734 3657 potest,
764 3592 796 3638 ut
824 3582 881 3639 iam
911 3582 1051 3657 magister
1078 3581 1142 3638 eius
1164 3582 1331 3658 Diogenes,

245 3668 294 3741 qui
318 3668 381 3742 ipse
404 3667 504 3723 eadem
528 3676 632 3725 contra
656 3667 850 3725 Academicos
873 3667 1034 3724 certamina
1062 3666 1210 3723 sustinens
1238 3666 1329 3725 novis

245 3752 420 3826 quibusdam
449 3752 584 3810 formulis
607 3755 760 3823 utebatur,
790 3754 818 3809 in
848 3754 923 3808 hane
950 3769 1067 3827 quoque
1095 3751 1232 3808 inciderit
1256 3751 1327 3824 (cir.

244 3838 281 3894 ad
304 3839 359 3903 IV,
388 3838 445 3909 14).

330 3922 401 3996 Cap.
417 3923 501 3990 VllI,
516 3923 565 3979 21.
585 3925 619 3978 de
635 3942 739 3978 stimmo
757 3923 895 3996 donorum)
914 3921 964 3979 Sio
981 3940 1018 3977 ex
1031 3922 1058 3978 R
1074 3932 1104 3978 et
1121 3921 1171 3978 alii
1189 3930 1219 3977 et
1230 3919 1326 3987 Crat„
1356 3934 1362 3943 ·

243 4008 491 4081 restitueruntque
506 4007 575 4065 Ern.
590 4018 619 4063 et
631 4006 724 4065 Gaius
742 4027 757 4064 e
775 4007 869 4064 tribus
886 4006 969 4064 codd.
982 4006 1108 4063 Davisii.
1121 4005 1178 4064 Ox.
1194 4005 1228 4074 E,
1241 4006 1326 4081 Spir.

243 4088 308 4171 [B],
325 4091 404 4150 Gud.
418 4093 446 4160 2,
466 4093 548 4161 Bas.;
568 4093 661 4150 Acad.
675 4094 716 4157 ΙΙ,
733 4094 805 4149 129:
823 4093 863 4147 od
879 4111 945 4166 quos
964 4093 1131 4147 othonorum
1149 4093 1327 4149 etmalorum

242 4197 346 4233 monna
365 4181 507 4250 reseratur.
553 4178 664 4236 Contra
687 4180 843 4233 desummo
865 4177 991 4233 bonorum
1014 4195 1051 4233 ex
1075 4176 1207 4242 Oltam,
1231 4176 1326 4249 Vict,

242 4263 341 4332 ceteri,
360 4271 389 4319 et
401 4263 443 4319 sie
455 4264 516 4322 Erl.
530 4274 558 4320 et
573 4281 628 4337 mg.
641 4261 721 4321 Crat.
756 4261 870 4319 Deinde
883 4281 919 4319 ex
932 4262 993 4319 Erl.
1007 4258 1052 4341 [et
1064 4256 1103 4341 B]
1119 4260 1195 4319 effici
1209 4271 1327 4338 potest:

242 4351 313 4404 (irrue
335 4351 391 4405 sine
410 4359 534 4424 patrono,
558 4350 685 4422 defossae
706 4358 833 4422 quattuor
856 4348 927 4422 (vid.
950 4347 987 4404 ad
1010 4348 1034 4414 Ι,
1053 4348 1115 4419 57),
1139 4347 1190 4404 sed
1207 4347 1328 4406 ineerta

241 4450 288 4489 ree
306 4442 360 4490 est.
394 4433 465 4490 Mox
482 4434 646 4509 Calliphonti
661 4432 835 4492 Schuetzius
852 4433 964 4508 primus
982 4432 1077 4503 dedit:
1094 4432 1153 4488 vid.
1165 4432 1202 4489 ad
1215 4432 1256 4503 ΙΙ,
1271 4432 1326 4492 et.
