3030 5086
286 464 349 529 266
676 483 721 528 nn
744 481 874 529 aramus
897 482 968 529 non.

286 649 490 715 occultatione
501 650 666 731 proposita
683 658 739 714 aut
748 650 931 730 impunitate
943 656 997 715 aut
1009 650 1154 716 licentia?
1187 654 1237 717 74.
1255 652 1361 733 Quid?

285 752 374 831 illud,
398 752 572 833 Torquate,
595 752 686 833 quale
709 753 834 818 tandem
857 753 992 831 videtur,
1015 759 1046 818 te
1068 753 1128 817 isto
1150 754 1289 832 nomine,
1311 754 1360 818 in·

285 855 384 937 genio,
407 853 515 936 gloria,
538 871 619 934 quae
640 852 725 934 facis,
750 873 831 935 quae
852 855 978 934 cogitas,
1002 873 1082 935 quae
1104 856 1274 935 contendis,
1297 873 1360 937 quo

287 956 415 1034 referas
437 956 524 1021 cuius
547 954 593 1020 rei
615 974 711 1021 cansa
732 955 891 1038 perficere,
912 975 993 1037 quae
1015 957 1148 1035 conaris,
1170 957 1262 1035 velis,
1285 957 1361 1039 quid

247 1058 436 1140 boptimum
460 1058 593 1138 denique
619 1057 651 1121 in
674 1058 739 1122 vita
761 1059 892 1135 iudices,
924 1077 985 1122 non
1012 1059 1131 1125 audere
1152 1059 1184 1123 in
1206 1068 1361 1126 conventu

286 1162 411 1226 dicere?
440 1159 524 1241 Quid
541 1160 621 1223 enirn
633 1160 745 1225 mereri
756 1160 841 1239 velis,
860 1161 921 1224 iarn
938 1178 1007 1224 cum
1020 1161 1238 1241 magistratum
1254 1160 1361 1226 inieris

286 1263 364 1329 etin
381 1263 555 1327 contionem
572 1263 752 1327 ascenderis
769 1262 831 1343 (est
848 1262 929 1326 enirn
940 1262 996 1326 tibi
1007 1261 1199 1341 edicendum,
1217 1281 1298 1344 quae
1316 1263 1361 1328 sis

286 1365 509 1431 observaturus
531 1364 571 1428 in'
585 1364 652 1428 iure
675 1364 815 1441 dicendo,
838 1371 870 1428 et
891 1363 1025 1428 fortasse
1047 1363 1150 1443 etiarn,
1175 1364 1201 1428 si
1224 1365 1280 1429 tibi
1301 1366 1362 1431 erit

229 1551 231 1567 Ι
286 1468 400 1544 visum,
428 1466 547 1546 aliquid
569 1467 608 1531 do
630 1465 796 1530 maioribus
825 1465 886 1530 tuis
909 1467 1002 1530 etde
1024 1465 1145 1546 teipso
1168 1466 1251 1532 dices
1274 1485 1362 1532 more

229 1569 270 1634 10
286 1569 461 1647 maiorum),
485 1603 525 1612 —
543 1567 616 1648 quid
633 1567 782 1632 mercoris
800 1567 903 1648 igitur,
925 1575 960 1630 ut
976 1568 1070 1646 dicus,
1094 1577 1125 1633 te
1147 1568 1179 1632 in
1202 1587 1238 1634 eo
1260 1569 1361 1650 magi·

357 1795 377 1838 1.
404 1788 468 1853 quod
495 1789 515 1837 ll
583 1793 605 1838 t.
633 1787 697 1851 quoti
726 1786 834 1852 optimum
867 1785 1032 1854 [A]EPMCR
1096 1794 1118 1838 8.
1148 1805 1234 1838 merere
1261 1804 1309 1839 om.
1339 1789 1361 1838 Ε

286 1860 333 1976 ram
349 1866 461 1976 timisi,
476 1858 542 1976 liggr
581 1860 602 1905 t.
622 1855 791 1906 coartencionem
811 1856 831 1904 F.
885 1860 908 1904 8.
931 1865 1069 1906 servaturus
1088 1857 1108 1908 C
1162 1861 1185 1906 9.
1203 1857 1251 1908 tab
1269 1872 1318 1908 om.
1341 1857 1361 1908 C

286 2143 337 2192 aut
360 2135 435 2192 Dav.
459 2133 614 2191 scriberet:
648 2151 700 2206 quo
727 2133 903 2200 atlultcm'um,
938 2150 990 2207 quo
1017 2142 1155 2206 stuprum,
1190 2152 1242 2207 quo
1270 2133 1361 2204 libido,

286 2220 407 2277 moleste
427 2218 515 2275 etiarn
538 2218 595 2275 loci
618 2217 737 2274 notione
760 2217 789 2273 in
812 2217 936 2292 singulis
958 2217 1046 2274 rebus
1068 2218 1203 2293 repetita.

371 2315 419 2361 aret
440 2305 611 2361 occultatione
637 2313 685 2359 aret
712 2305 867 2377 impunitate
896 2313 943 2359 aut
971 2301 1089 2380 licentia)
1118 2303 1164 2360 Ex
1193 2303 1238 2360 his
1267 2303 1362 2360 tribus

287 2390 344 2447 duo
368 2389 532 2464 posteriora
554 2406 612 2445 non
635 2387 677 2444 ita
700 2387 776 2444 inter
798 2406 829 2444 se
853 2386 999 2457 differunt,
1023 2396 1055 2444 ut
1077 2387 1142 2462 ipsa
1164 2406 1183 2445 a
1199 2387 1309 2463 prim03
1333 2398 1364 2444 et

286 2494 375 2551 supra
397 2475 463 2549 (71)
486 2474 543 2531 duo
567 2482 664 2535 erent.
696 2491 753 2529 non
777 2473 848 2534 tria.
876 2476 962 2530 celare
990 2482 1020 2529 et
1047 2475 1151 2547 trraqnis
1174 2474 1267 2549 opibus
1295 2474 1361 2530 obti-

286 2579 360 2630 cerm
391 2578 486 2633 neque
508 2577 586 2615 nova
609 2558 729 2633 partitio
752 2558 800 2615 hic
822 2558 916 2616 altero
938 2568 986 2614 ortt
1008 2557 1071 2614 fieri
1094 2566 1193 2633 potest
1214 2557 1245 2615 in
1268 2559 1363 2616 tribus

286 2645 479 2704 substantivis
502 2643 756 2718 (quemadmodum
781 2643 827 2713 fit,
856 2653 890 2700 ut
916 2643 971 2699 hoc
999 2651 1079 2712 utar,
1108 2662 1161 2718 pro
1185 2643 1282 2703 Sestio
1307 2643 1363 2701 24:

286 2738 312 2788 ai
329 2750 418 2805 parco
435 2749 521 2804 puero
543 2739 590 2785 aut
613 2732 637 2784 si
658 2729 784 2785 imbecillo
800 2732 859 2785 cerri
874 2738 921 2784 atet
938 2729 1041 2798 debito,
1065 2737 1103 2797 et,
1127 2728 1152 2785 si
1170 2729 1233 2784 fieri
1251 2739 1362 2804 posset,

287 2815 379 2874 nihilo
403 2814 505 2890 magis,
528 2814 599 2888 quid
622 2814 776 2871 interesset
799 2814 871 2871 certi
891 2813 1078 2883 discriminis,
1102 2821 1258 2872 constaret.
1293 2813 1362 2873 Non

286 2900 520 2977 improbabiliter
541 2899 632 2974 igitur
654 2899 815 2955 Lambinus
836 2919 869 2956 ac
891 2901 1003 2956 licentio.

374 2987 423 3044 74.
448 2987 516 3060 quid
537 2983 676 3059 optimmn)
695 2984 834 3057 Plerique
852 2984 989 3040 mendose
1012 2983 1167 3041 ediderunt
1188 2985 1275 3057 quotl3
1299 3001 1361 3042 cor·

265 3080 405 3130 rexerat
428 3071 588 3136 Manutius,
612 3079 673 3125 tum
697 3069 837 3127 Davisius
860 3089 876 3126 e
900 3070 967 3126 Par.
993 3068 1025 3137 33
1049 3068 1108 3127 vid.
1132 3069 1169 3126 ad
1192 3070 1216 3138 1,
1243 3070 1290 3127 18.

371 3159 425 3213 iam
447 3155 520 3230 curri)
549 3156 588 3212 Tu
611 3154 723 3211 addunt
745 3155 832 3211 etiam
856 3155 902 3212 El.
926 3150 1045 3227 (uteri),
1070 3154 1181 3225 bland,
1204 3166 1258 3231 χψ,
1282 3155 1362 3227 Bas,

288 3240 415 3309 Gud.1;
439 3250 614 3315 receperunt
632 3240 709 3296 Vict.
733 3250 761 3296 et
781 3241 858 3300 Dav.
904 3240 1019 3298 Vitiose
1042 3240 1181 3300 abundat.
1227 3241 1288 3297 Iam
1310 3240 1363 3296 ed·

287 3328 419 3384 verbium
442 3325 603 3402 significat,
627 3343 686 3381 non
707 3325 794 3401 longe
817 3326 920 3382 abesse
943 3333 1098 3399 praeturae
1121 3325 1266 3383 ineundae
1289 3333 1363 3382 tern-

288 3430 357 3487 pus,
386 3422 419 3468 ut
446 3411 475 3468 in
501 3412 582 3468 Brut.
610 3411 684 3467 171:
714 3411 773 3466 Iam
795 3412 940 3483 intelleqes,
968 3429 1028 3467 cum
1056 3414 1083 3466 in
1109 3409 1229 3468 Gallium
1250 3413 1362 3482 veneria,

287 3494 331 3578 [et
353 3516 442 3572 supra
459 3497 484 3566 I,
498 3496 548 3566 37,
571 3494 648 3553 infra
666 3496 722 3567 lll,
736 3497 785 3553 40.
823 3495 925 3552 Livius
938 3496 962 3564 I,
975 3495 1025 3564 23,
1040 3495 1072 3551 9:
1098 3497 1200 3552 Memor
1221 3506 1285 3566 esto,
1308 3498 1364 3552 iam

286 3602 346 3641 cum
368 3588 472 3656 ar'qnum
491 3601 599 3656 papiae
621 3581 714 3650 dabis,
738 3576 819 3660 cet.].
864 3579 938 3648 Cur,
967 3579 1046 3637 dicat
1072 3579 1194 3654 aliquis,
1223 3579 1279 3638 hoc
1301 3588 1381 3638 tam'

287 3665 418 3743 puerile?
453 3667 562 3723 Videat
584 3665 679 3736 modo,
703 3684 775 3739 quas
799 3665 994 3741 proprietates
1013 3665 1254 3723 concurrentibus
1272 3665 1364 3741 parti·

287 3752 360 3810 culis
388 3756 440 3808 ianr
463 3771 522 3809 cum
549 3759 579 3808 et
605 3770 665 3808 cum
687 3754 740 3807 lam
762 3751 898 3807 Handius
920 3750 1049 3808 ascribat
1072 3752 1158 3808 Tura.
1182 3752 1230 3808 ΙΙΙ
1253 3771 1281 3826 p.
1302 3751 1362 3808 118

287 3838 316 3895 in
339 3837 453 3911 aliquot
475 3837 561 3906 locis,
585 3836 615 3892 in
638 3836 745 3910 quibus
768 3836 838 3909 quid
861 3846 952 3906 esset,
976 3836 1054 3910 quod
1077 3854 1094 3892 a
1117 3835 1363 3913 pervagatissimo

286 3942 341 3980 usu
364 3923 445 3979 vocis
467 3926 521 3979 iam
543 3922 728 3991 abhorreret,
759 3919 869 3978 frustra
891 3920 1062 3996 intellegere
1085 3921 1193 3978 studui.
1238 3922 1364 3979 Praetor

287 4009 456 4081 Torquatus
479 4006 536 4064 fuit
558 4025 584 4063 a.
607 4007 646 4063 49
670 4025 696 4063 a.
720 4005 805 4075 Chr.;
833 4006 892 4063 vid.
915 4025 1026 4081 argum.
1050 4006 1119 4063 libri
1142 4007 1166 4063 1.
1210 4005 1279 4064 Non
1302 4024 1362 4063 me·

287 4093 357 4149 mini
381 4093 451 4149 alibi
475 4092 561 4161 tradi,
585 4101 748 4167 praetorem
772 4091 801 4148 in
825 4092 962 4148 contione
985 4091 1113 4149 edixisse
1136 4101 1165 4148 et
1183 4091 1278 4150 edicto
1295 4109 1362 4150 ore·

286 4178 396 4234 tionem
421 4177 578 4235 addidisse.

372 4274 400 4319 ut
427 4265 518 4333 dicos,
550 4262 586 4336 tc)
611 4261 660 4321 Sic
683 4280 784 4319 ornnes
808 4262 896 4318 etiam
920 4260 988 4320 Gzii
1011 4261 1097 4322 codd.
1127 4271 1157 4319 et
1185 4280 1222 4318 ex
1245 4262 1272 4319 R
1294 4261 1361 4320 edd.

286 4349 429 4423 quaedam
464 4358 587 4407 veteres.
640 4348 712 4404 Mox
746 4347 833 4403 etiam
869 4345 947 4405 Gud.
979 4350 992 4405 l
1028 4351 1129 4422 inquit,
1163 4358 1196 4404 ut
1228 4346 1365 4406 volueret
