3030 5086
356 566 361 575 ¹
412 504 454 548 ar
479 503 557 549 ninii.
581 503 643 548 ura.
667 504 690 548 11
713 503 786 550 car.
807 508 828 548 a
848 499 982 565 (rr-rr.)
1177 484 1236 548 155

160 679 291 751 quenter
313 671 371 734 dici
395 671 474 735 solet
496 690 516 734 a
538 671 634 748 vobis,
658 689 720 733 non
742 670 921 748 intellegere
944 689 1015 748 nos,
1038 688 1131 750 quarn
1154 669 1236 733 dicat

158 773 322 853 Epicurus
336 773 534 854 voluptatem.
569 773 661 852 Quod
682 773 807 853 quidem
830 772 904 835 mint
926 773 954 836 si
976 773 1102 853 quando
1120 772 1236 835 dictum

158 882 206 939 est
228 876 290 953 (est
312 885 414 938 autem
438 875 553 938 dictum
575 893 637 938 non
657 893 771 954 parum
784 876 907 954 saepe),
930 874 989 939 etsi
1007 874 1083 937 satis
1101 874 1235 938 clemens

157 995 226 1040 sum
249 977 280 1039 in
303 977 503 1056 disputando,
526 984 629 1041 tamen
652 977 807 1040 interdum
830 975 915 1039 soleo
934 975 1094 1040 subirasci.
1129 976 1235 1055 Egone

158 1097 218 1141 nou
247 1079 406 1157 intellego,
437 1079 512 1158 quid
540 1079 581 1142 sit
609 1070 696 1156 ἡδονή
726 1077 859 1154 Graece,
892 1077 1005 1142 Latine
1033 1077 1274 1160 voluptaslb

158 1189 260 1242 utram
273 1180 399 1243 tandem
411 1181 548 1261 lingnam
561 1181 685 1247 nescio?
712 1180 832 1244 Deinde
846 1180 898 1260 qui
911 1179 953 1257 fit,
971 1188 1007 1243 ut
1017 1198 1074 1260 ego
1089 1179 1233 1257 nesciam

158 1280 385 1356 sciantoiunes,
397 1282 581 1363 quicumque
592 1281 737 1362 Epicurei
749 1300 819 1346 esse
830 1282 1005 1369 voluerint?
1035 1282 1125 1361 Quod
1140 1280 1235 1344 vestri

230 1491 248 1532 1.
269 1485 326 1548 quid
343 1492 400 1549 (pro
419 1487 543 1548 quarrdE
579 1485 647 1548 Epic.
667 1484 771 1534 dicatu
809 1491 830 1534 2.
850 1484 908 1532 aar'bt'
923 1484 1051 1547 quandoid
1087 1491 1111 1532 4.
1131 1484 1153 1531 in
1172 1483 1234 1547 dap.

158 1555 247 1603 sumL
286 1553 354 1620 [solet
373 1553 420 1620 A']
460 1561 482 1604 b.
501 1554 660 1604 baedonued
699 1559 720 1605 6.
740 1555 857 1602 utruan.
896 1552 1068 1619 [lrbqwnd']
1107 1552 1149 1616 qui
1164 1553 1235 1600 sicli

159 1622 218 1686 qaid
233 1622 264 1670 sit
283 1625 305 1670 R
343 1627 363 1669 7.
385 1623 505 1670 coiecerunt
526 1621 733 1690 [AJLPMCROr.
771 1622 847 1669 nostri
864 1623 884 1668 E

158 1815 337 1884 inuidiosum),
361 1812 439 1886 quod
462 1813 580 1869 sustulit
603 1812 759 1871 Gruterus.
804 1812 897 1868 Erant
919 1811 971 1867 illa
995 1811 1084 1867 verba
1106 1811 1135 1867 in
1160 1810 1248 1866 Pell·
1313 1810 1315 1814 ⁴

158 1898 272 1964 ceteris,
299 1897 477 1956 Davisianis.
501 1897 580 1955 Oxx·
604 1899 686 1971 Ηχψ,
710 1897 833 1956 Gaianis
857 1897 979 1971 reliquis
1002 1896 1104 1953 tribus.

243 1986 350 2055 infirme,
362 1982 528 2057 suspectum)
542 1982 752 2053 SicPall.1‚3,
766 1983 844 2057 Spir.
860 1984 984 2056 (saeuae),
997 1977 1063 2060 [B,]
1075 2001 1133 2056 mg.
1146 1981 1236 2049 Crat,

158 2063 181 2137 ξ,
205 2068 392 2141 restituitque
405 2066 493 2127 Grut.
529 2067 603 2126 Cum
626 2079 777 2143 asspectum
795 2068 948 2124 transisset
970 2068 1001 2124 in
1024 2069 1167 2123 subiectum
1186 2070 1236 2142 (χ),

158 2154 225 2209 hinc
254 2153 362 2209 factum
392 2164 450 2209 est:
483 2156 612 2227 reparatae
640 2156 784 2210 subiectum
812 2153 854 2226 (in
883 2153 1068 2223 Davisianis‚
1104 2151 1183 2210 Gud.
1207 2153 1236 2221 2,

158 2240 250 2308 Bas),
274 2239 303 2294 in
327 2239 393 2294 aliis
412 2239 618 2313 praepositum
640 2250 665 2295 et
682 2240 724 2311 (in
739 2239 815 2295 Pall.
833 2237 949 2306 ceteris,
973 2238 998 2294 si
1023 2238 1162 2294 modoad
1182 2238 1237 2293 hoc

159 2323 305 2381 Gruterus
328 2324 469 2390 attendit,
493 2336 522 2379 et
545 2323 670 2382 fortasse
694 2325 807 2380 dnobus
831 2323 910 2382 Oxx.
936 2333 965 2379 et
988 2323 1068 2381 Gud.
1097 2324 1140 2396 1),
1164 2341 1236 2396 quo·

159 2410 245 2465 modo
273 2419 341 2464 ante
370 2408 530 2466 Gruterum
560 2411 710 2466 edebatur.
756 2401 916 2483 Suspectum
939 2409 1058 2465 Brsmio
1087 2426 1143 2463 non
1174 2409 1236 2482 plu·

158 2496 257 2551 cebat.
292 2495 369 2568 quod
400 2495 495 2551 nunus
529 2506 605 2551 esset
639 2514 727 2569 quam
755 2497 869 2568 infame;
903 2494 953 2550 sed
988 2504 1067 2549 recte
1095 2491 1236 2549 infamiae

157 2580 284 2637 nominis
307 2580 400 2653 ipsius
423 2580 540 2636 additur
563 2581 700 2668 suspicis,
724 2599 810 2654 quam
835 2580 870 2635 de
888 2579 1056 2635 hominibus
1074 2578 1193 2634 excitat.

243 2667 384 2739 voluerint)
419 2664 530 2722 Omnes
559 2666 649 2721 edunt
682 2669 834 2734 voluerunt,
869 2665 905 2720 de
939 2664 1089 2720 codicibus
1123 2672 1236 2732 tacent;

158 2751 249 2807 tacuit
283 2751 371 2807 etiam
406 2752 441 2807 de
471 2752 530 2807 Erl.
565 2749 624 2830 [eui
655 2751 825 2825 adiungitur
854 2747 893 2828 B]
923 2750 1025 2807 Gaius.
1079 2749 1127 2805 nd
1161 2749 1237 2804 hanc

158 2854 274 2910 quoque
303 2845 417 2911 partem
445 2838 588 2893 orationis
617 2837 744 2911 pertinet
767 2836 811 2892 vis
843 2835 1005 2904 sententiae
1029 2834 1185 2909 pendentis
1208 2844 1239 2890 st

159 2933 271 2977 tantum
296 2922 450 2995 cogitatas.

247 3007 327 3073 (dated
350 3011 432 3062 uestri
453 3009 571 3079 quidem)
586 3008 753 3062 Pronomen
776 3008 849 3078 qrtod
872 3024 937 3060 cum
951 3003 1056 3063 Cicero
1074 3003 1238 3060 rettulisset

157 3092 194 3147 ad
217 3092 256 3160 id,
281 3092 358 3165 quod
381 3092 545 3147 involutum
569 3104 632 3148 erat
655 3091 776 3147 inillis:
799 3095 894 3156 sciant,
919 3095 1130 3164 quicumque-
1149 3091 1237 3145 >nolae-

156 3180 210 3232 rint
243 3181 288 3247 (ut
315 3177 452 3233 voluntas
486 3177 627 3245 sufficiat,
662 3176 736 3231 nihil
770 3195 844 3250 opus
879 3176 917 3231 sit
951 3176 1089 3248 discere),
1124 3174 1238 3229 addidit

157 3263 349 3337 epexegesin,
380 3262 556 3336 explicatius
585 3262 661 3318 idem
685 3261 879 3336 subiungens,
911 3262 979 3318 ar'dil
1000 3280 1067 3335 opus
1091 3279 1148 3316 esse
1171 3267 1236 3327 cet,

157 3348 312 3404 notissima
335 3348 429 3422 figura
452 3349 499 3418 (ad
524 3349 605 3404 Fam.
631 3348 722 3412 XIII,
741 3350 797 3403 40:
820 3350 845 3403 si
865 3349 922 3401 ulla
944 3366 1001 3402 mea
1024 3348 1099 3420 apud
1122 3355 1146 3401 te
1167 3365 1237 3400 com·

157 3435 291 3489 mendatio
313 3436 405 3489 ualuit.
429 3436 501 3506 qnod
518 3437 572 3489 scio
588 3435 686 3488 inultas
699 3435 848 3507 plurimum
865 3435 995 3500 vulteisse3
1018 3431 1071 3487 cfr.
1086 3431 1123 3486 ad
1135 3432 1160 3495 Ι,
1176 3432 1237 3501 67).

158 3519 271 3575 'samen
306 3519 463 3574 haeserunt
492 3519 633 3574 Davisius
664 3530 693 3573 et
722 3517 889 3585 Ernestius;
925 3517 1059 3573 Bremius
1089 3516 1237 3595 causalem

159 3603 331 3677 particulam
357 3605 487 3677 putabat
511 3604 740 3678 respondet-ique
758 3603 903 3677 superiori
923 3601 1157 3677 interrogationi,
1178 3619 1236 3656 non
1312 3670 1315 3675 Ι
1402 3657 1403 3660 ,

157 3707 228 3744 sane
252 3701 321 3763 apto
344 3708 500 3763 responso;
532 3689 625 3746 Gaius
648 3697 759 3752 autem,
788 3689 837 3761 qui
863 3688 935 3744 nihil
959 3707 1015 3743 non
1040 3687 1132 3743 elficit
1155 3687 1236 3742 inau-

158 3774 226 3830 ditis
249 3775 458 3848 particularum
483 3774 746 3850 significationibus
775 3775 851 3847 quod
876 3774 959 3829 docet
984 3791 1047 3828 esse
1076 3773 1168 3846 qrcoad
1190 3773 1237 3827 doc

158 3868 187 3915 et
215 3862 321 3933 quidem
350 3879 413 3916 esse
437 3881 509 3916 sone.
561 3861 606 3916 Ne
636 3859 816 3916 Matthiaeus
846 3859 962 3932 quidem
993 3867 1070 3913 recte
1098 3857 1171 3912 haee
1198 3857 1236 3912 ab

157 3945 224 4009 illo,
248 3945 325 4018 quod
349 3945 424 4001 dixi.
449 3946 639 4020 epexegetico
663 3964 769 4018 genere
793 3945 935 4002 diiunxit.
960 3954 991 3998 ut
1014 3944 1088 4016 quod
1110 3953 1188 3998 esset
1209 3945 1236 3997 in

157 4050 213 4103 qua
235 4050 279 4090 re.
309 4049 396 4103 quam
425 4031 668 4105 significationem
699 4049 756 4085 non
786 4030 882 4085 habet.
928 4030 1056 4085 'l‘antum
1080 4027 1236 4090 interdurn,

158 4125 188 4171 ut
213 4116 241 4170 in
267 4118 352 4170 Verr.
370 4117 394 4180 Ι,
411 4120 468 4173 119
494 4118 591 4189 (quem
616 4115 711 4170 locum
735 4116 761 4171 is
783 4114 867 4186 citat)
890 4116 964 4187 quod
986 4114 1071 4170 initio
1094 4112 1236 4168 orationis

157 4202 194 4257 ad
223 4211 315 4257 totum
350 4202 452 4257 referri
482 4202 612 4269 videtur,
648 4201 753 4256 deinde
787 4199 947 4273 explicatio
976 4198 1121 4254 subicitur
1148 4196 1237 4274 paulo

157 4288 318 4362 angustior.
378 4288 492 4343 Deinde
526 4286 696 4351 Ernestius,
730 4285 854 4341 ironiam
889 4303 947 4340 non
982 4281 1235 4350 animadvertens,

158 4373 286 4428 malebat
309 4374 348 4426 oet
370 4377 475 4446 optimi,
499 4371 575 4429 falsa
598 4371 758 4438 sententia,
782 4370 867 4444 quasi
893 4370 989 4426 minus
1011 4370 1048 4425 ab
1071 4369 1108 4425 iis
1131 4387 1236 4442 exper-

159 4458 279 4540 tandum
303 4456 401 4527 fuerit,
425 4458 502 4531 quod
525 4458 618 4533 ipsius
642 4456 759 4513 scholae
782 4456 909 4512 auctoris
932 4455 1081 4512 decretum
1105 4465 1177 4510 erat.
