3030 5086
271 457 337 523 370
662 475 708 521 na
730 473 862 522 rimans
884 474 956 520 nou.

273 650 335 722 ost,
364 643 458 723 plane
480 649 584 706 autem
607 653 639 707 et
660 642 825 724 perspicue
846 641 994 723 expedire
1021 660 1115 723 posse
1137 642 1220 707 docti
1248 650 1280 707 et
1301 642 1353 706 in·

272 744 447 826 tellegentis
469 744 536 808 viri.
610 826 612 830 ι

358 846 411 910 VI.
440 845 490 910 20.
521 845 764 925 Progrediamur
785 845 893 926 igitur,
920 845 1081 925 quoniam,
1103 845 1216 926 inquit,
1239 846 1278 910 ab
1300 845 1353 911 his

272 946 436 1028 principiis
448 952 580 1011 naturae
592 946 801 1025 discessimus,
819 946 931 1027 quibus
944 965 1117 1028 congruere
1127 947 1251 1026 debent,
1267 965 1353 1028 quae

232 1049 254 1115 b
272 1055 454 1129 sequuntur.
499 1048 646 1130 Sequitur
668 1057 773 1113 antem
789 1048 867 1113 haec
882 1048 984 1129 prima
1000 1048 1126 1113 divisio:
1149 1048 1354 1115 Aestimabile

272 1168 343 1216 esse
365 1151 474 1215 dicunt
495 1150 555 1232 (sic
577 1151 667 1239 enirn,
689 1158 725 1214 ut
747 1150 873 1231 opinor,
895 1149 1103 1230 appellemus)
1124 1150 1165 1227 id,
1187 1151 1273 1231 quod
1294 1157 1353 1215 aut

272 1251 376 1332 ipsum
398 1253 567 1317 secumdum
590 1259 734 1316 nutrirem
756 1253 799 1316 sit
819 1259 875 1316 aut
896 1251 959 1316 talc
982 1251 1058 1332 quid
1080 1250 1208 1331 efficiat,
1236 1257 1272 1316 ut
1299 1269 1351 1317 se-

270 1352 404 1419 lectione
425 1353 553 1435 dignum
575 1360 745 1434 propterea
767 1353 815 1432 sit,
838 1354 921 1434 quod
943 1353 1072 1434 aliquod
1093 1354 1216 1435 pondus
1234 1353 1353 1419 habeat

342 1562 363 1607 2.
384 1557 460 1606 nostri
476 1568 533 1621 (pro
551 1556 642 1620 orile
678 1562 701 1604 8.
722 1557 764 1620 qui
780 1555 831 1606 uiso
850 1559 907 1621 (pro
925 1557 1080 1619 pcrouramlss
1107 1557 1170 1607 {ult
1205 1565 1227 1609 4.
1247 1566 1352 1607 aarum

189 1671 192 1679 ,
272 1625 370 1674 dicimus
394 1626 413 1672 L
473 1630 496 1677 5,
516 1625 597 1689 prr'rua
620 1624 705 1674 diuuio
727 1625 786 1674 daec
811 1624 974 1676 LPMCROr
1029 1630 1050 1675 6.
1075 1623 1161 1675 dicitur
1182 1625 1350 1677 LPMCROr.

274 1693 375 1758 [opiam
394 1693 423 1760 Α]
462 1691 611 1757 appellamus
629 1708 716 1742 omnes
753 1698 774 1742 8,
796 1691 903 1758 [aliquod
920 1709 968 1745 om.
988 1693 1017 1758 A]

273 1866 352 1940 quod
373 1866 551 1942 generaliter
563 1866 668 1925 Cicero
691 1867 816 1936 dixerat,
839 1867 876 1922 ad
899 1866 1027 1941 speciale
1049 1865 1165 1932 transit,
1189 1883 1242 1922 nec
1264 1865 1352 1940 quid·

273 1969 359 2025 quam
384 1953 483 2008 obstat
504 1952 627 2008 alterum
652 1963 748 2021 uulua,
773 1950 850 2025 quod
873 1952 932 2008 alio
955 1950 1090 2008 refertur.
1125 1949 1165 2028 [B
1188 1949 1304 2027 autera]

359 2034 431 2111 Cap.
455 2036 515 2098 vl,
540 2039 589 2093 20.
629 2041 769 2110 quoniam,
797 2035 897 2110 iuquit)
926 2034 1057 2094 Offendit
1085 2037 1211 2092 scribam
1238 2035 1351 2093 codicis

272 2120 319 2178 El.
345 2124 357 2177 l
384 2140 443 2178 vox
465 2125 552 2195 iuquit
574 2122 684 2178 reiecta
706 2130 772 2196 post
795 2121 1030 2177 coniunctionem
1054 2121 1083 2176 in
1106 2120 1279 2177 sententiam
1304 2139 1351 2177 ss·

272 2206 457 2275 eundnriam3
481 2207 580 2280 itaque
599 2207 730 2281 scripsit:
752 2209 838 2280 iuquit
854 2210 989 2280 quoru'aru,
1013 2215 1189 2280 secutusque
1201 2207 1277 2263 Dav.
1295 2216 1351 2262 est.

273 2290 332 2349 Sed
355 2292 443 2348 otiam
462 2296 476 2361 ξ
493 2293 530 2348 10
548 2292 623 2348 dixit
641 2291 759 2349 Cicero:
782 2293 850 2352 uide,
873 2311 905 2348 rre
921 2295 1016 2364 maqis,
1039 2295 1159 2364 inquam,
1182 2310 1255 2347 non:
1278 2293 1349 2358 vade,

271 2380 390 2451 iuquam,
413 2396 446 2432 ue
466 2382 561 2449 maqis.
606 2376 731 2433 Paulum
754 2376 872 2432 diversa
894 2387 971 2447 sunt,
994 2395 1069 2450 qnae
1093 2375 1186 2451 Gaius
1207 2377 1287 2442 citat,
1310 2394 1350 2433 ex

272 2461 328 2518 hoc
351 2461 426 2517 libro
451 2465 465 2530 5
488 2462 525 2517 12
549 2463 641 2533 (bosus
663 2464 745 2534 ipitur
768 2463 866 2518 laudas
889 2472 913 2518 et
936 2464 1004 2518 darc
1026 2481 1124 2529 eorum,
1147 2465 1274 2534 inquam„
1289 2481 1350 2518 sen·

272 2549 380 2603 uatium
403 2550 480 2620 sequi
500 2565 548 2602 nos
569 2566 665 2614 censes,
681 2537 813 2621 oportere)
835 2555 866 2603 et
888 2566 926 2603 ex
949 2547 1042 2603 Aead.
1066 2546 1091 2614 1,
1118 2548 1170 2613 143
1193 2546 1351 2620 copulatae
1407 2570 1411 2576 ·

272 2631 349 2687 enim
380 2632 544 2688 sententiae
571 2641 653 2701 sunt,
682 2631 733 2687 sed
761 2640 858 2688 tamen
887 2631 1060 2698 ostendunt,
1089 2631 1164 2687 hanc
1187 2649 1287 2687 vocem
1310 2632 1350 2687 ab

272 2716 324 2773 illo
347 2716 421 2783 loco,
445 2717 495 2772 ubi
518 2717 654 2791 ponenda
675 2714 767 2772 fuisse
791 2717 925 2772 videatur
947 2716 1025 2773 intra
1047 2715 1173 2790 primum
1191 2716 1349 2772 verborum

170 2809 175 2816 '
272 2800 474 2874 complexum,
504 2801 575 2857 reici
603 2802 632 2857 in
657 2801 858 2875 posteriorem.
905 2798 980 2881 [cfr.
1004 2802 1033 2869 Ι,
1061 2801 1113 2869 15,
1143 2802 1180 2867 V,
1205 2802 1222 2857 5
1246 2810 1276 2857 et
1298 2801 1349 2857 85.

272 2885 404 2960 Longius
425 2885 528 2942 reiecit
550 2885 655 2943 Livius
678 2886 724 2954 11,
749 2887 803 2955 40,
829 2887 861 2950 5,
891 2887 979 2944 Corn.
1001 2887 1078 2961 Nep.
1101 2885 1193 2942 Phoc.
1220 2887 1246 2944 l.
1295 2884 1353 2952 Qui

272 2971 331 3028 ideo
353 2970 441 3027 etiam
465 2971 500 3028 Β.
544 2972 667 3028 Fuitne:
690 2974 815 3044 quoniam
838 2967 979 3050 quidemi]

359 3056 424 3112 boec
437 3059 529 3130 prr'rua
546 3058 653 3129 dr'oisr'o)
667 3057 732 3112 Hoc
750 3057 852 3112 ordina
871 3052 966 3135 [Am]
978 3054 1047 3113 Gaii
1064 3054 1149 3112 codd.
1168 3072 1280 3125 omnes,
1297 3073 1351 3112 ox·

273 3150 358 3214 cepto
371 3139 450 3199 Gud.
466 3142 493 3197 2.
530 3141 646 3198 Divisio
665 3141 736 3197 baec
749 3141 805 3197 hoe
818 3140 883 3197 loco
895 3142 1022 3215 ponitur,
1040 3150 1073 3196 nt
1090 3158 1143 3213 per
1159 3140 1350 3197 selectionem

272 3224 310 3281 ad
330 3225 448 3297 virtutis
465 3226 614 3282 notionem
632 3226 782 3298 veniatnr;
805 3237 930 3290 ceterae,
954 3243 1030 3299 quae
1047 3243 1112 3280 cum
1130 3243 1165 3280 ea
1181 3225 1350 3295 cohaerent,

272 3328 331 3366 non
349 3310 397 3367 hie
415 3310 609 3386 explicantur,
628 3311 679 3367 sed
697 3315 711 3380 ς
726 3312 765 3366 50
784 3320 814 3366 et
829 3311 982 3386 proximis,
1002 3310 1051 3367 ubi
1068 3308 1234 3367 differentia
1251 3328 1349 3367 rerum

273 3395 440 3469 exponitur.
486 3396 681 3452 Aestimabile
704 3386 835 3470 appellat
857 3395 969 3456 Cicero,
996 3394 1074 3468 quod
1097 3394 1140 3450 illi
1164 3386 1250 3462 ἀξίαν
1272 3387 1349 3469 ἔχον,

272 3479 498 3568 inaestimabile,
521 3481 600 3553 quod
622 3480 666 3537 illi
690 3473 822 3547 α’παξιάν
844 3474 918 3557 ἔχον.
954 3481 1065 3538 Sumere
1087 3487 1184 3535 curtem
1205 3489 1234 3535 et
1256 3482 1352 3551 euporo

273 3574 318 3620 est
329 3561 501 3639 λαμβανειν,
525 3557 704 3639 ἐκλέγεσθαι,
729 3567 825 3620 reicere
837 3556 1059 3639 ἀπεκλέγεσθαι.
1093 3565 1150 3621 His
1162 3564 1239 3621 enim
1252 3563 1351 3621 verbis

274 3648 367 3706 Stoici
396 3649 425 3704 in
455 3648 500 3704 his
527 3650 616 3705 rebus
639 3649 811 3717 utebantur3
840 3641 994 3722 αἱρεῖσθαι
1016 3652 1160 3724 (repetere)
1183 3660 1212 3705 et
1234 3636 1351 3723 φεύγειν

273 3734 311 3789 ad
340 3734 417 3790 bona
444 3744 474 3790 et
497 3733 575 3790 mala
597 3734 798 3808 pertinebant;
827 3733 886 3791 vid.
910 3734 956 3802 ΙΙ,
982 3734 1035 3795 38,
1060 3736 1114 3795 lv.
1139 3736 1193 3801 ⁴20,
1219 3736 1273 3795 60.
1298 3734 1349 3795 71.

275 3820 324 3888 72,
348 3819 386 3888 V,
411 3819 461 3885 88,
485 3819 523 3874 al.
546 3818 627 3893 Lips.
651 3819 770 3875 Manud.
794 3819 830 3874 ad
853 3818 924 3892 phil.
949 3819 1040 3876 Stoic.
1062 3819 1105 3887 ΙΙ,
1129 3820 1178 3874 23.

360 3905 531 3960 Aestimabile
558 3923 615 3960 cose
642 3904 746 3977 meunt)
777 3901 870 3983 [Hoe,
899 3904 977 3976 qnod
1004 3923 1149 3978 nusquam
1177 3911 1350 3961 annotatum

273 3996 351 4050 erat,
381 3988 518 4045 Baitorus
541 4009 578 4045 ex
603 3989 721 4046 ABErl.
744 3988 872 4044 restituit
900 4007 953 4062 pro
976 3991 1083 4047 dicitur.
1129 3988 1191 4046 cfr.
1214 3989 1351 4045 arbitran-

273 4083 317 4130 tur
339 4069 431 4151 §18.]

358 4161 397 4214 sic
413 4155 490 4228 aurire,
514 4169 543 4215 ut
560 4163 661 4233 opinor.
684 4161 860 4233 appelleruus)
872 4159 1036 4215 Manutium
1056 4167 1084 4214 et
1096 4158 1281 4224 Lambinum,
1299 4157 1350 4231 qui

174 4246 178 4251 ’
273 4241 421 4300 Graecum
451 4244 626 4300 vocabulum
656 4245 757 4300 deesse
786 4247 930 4318 putabant
960 4244 1165 4317 addebantque
1194 4242 1350 4300 barbaram

273 4346 373 4383 vocem
398 4318 533 4395 ἀξιωτόν,
557 4346 622 4384 curn
646 4320 732 4395 ἀξίαν
755 4322 822 4403 ἔχον
845 4330 998 4390 deberent.
1021 4339 1101 4385 recte
1124 4327 1265 4385 refutavit
1288 4329 1352 4385 Da·

273 4413 375 4469 visius.
411 4411 486 4469 Cato
509 4414 596 4480 enim,
620 4412 737 4471 Graeco
757 4415 874 4471 nomine
897 4429 953 4469 non
974 4423 1211 4483 commemorato,
1234 4423 1350 4469 tanturn
