3030 5086
220 447 283 513 820
639 462 812 511 excursus
835 464 878 509 tv.

220 635 306 694 facile
334 652 469 692 sensuum
513 633 676 728 integritati
705 633 919 727 adiungabetur
937 624 1119 731 κατάληψις,
1149 647 1182 694 ut
1210 637 1291 732 apud

221 720 379 782 Stobaeum
401 722 443 793 (p.
465 718 553 792 ltap
581 707 672 792 ὑγίεια
700 706 748 774 nai
772 710 925 794 αἴσθησις,
954 714 1026 795 λέγω
1056 710 1086 776 di
1113 712 1166 796 rip
1193 710 1289 777 κατά-

220 802 318 879 ληψιι.
361 805 452 860 Artea
480 811 577 860 eutem
608 819 627 859 a
654 802 796 862 Cicerone
824 805 941 882 adiungi
973 805 1047 878 (ΙΙΙ
1075 805 1139 878 18),
1168 824 1291 882 prorsus

221 889 318 959 miror,
343 906 418 963 quae
440 904 458 944 a
480 875 640 963 primorum
662 906 769 966 genere
792 889 876 946 valde
898 890 1088 949 abhorrent.¹
1097 888 1109 965 )
1154 893 1187 948 ln
1211 891 1290 948 libro

220 974 247 1029 V
268 973 392 1047 denique
414 973 452 1029 18
475 990 541 1031 cum
563 971 668 1032 Cicero
687 975 778 1049 ptimo
802 980 829 1032 ιἰι
850 979 937 1033 animo
960 974 1023 1031 vult
1045 992 1110 1032 esse
1132 980 1214 1050 queri
1233 979 1290 1032 vir-

219 1068 303 1115 tutum
334 1060 463 1133 ι’φιίιιιὶοι
496 1069 520 1116 ιι
551 1062 666 1124 semina,
700 1059 816 1118 incente
849 1061 960 1135 aliquid
987 1059 1143 1117 admiscuit
1171 1079 1208 1117 ex
1236 1060 1290 1118 illo

218 1141 314 1214 fonte,
344 1143 380 1200 da
408 1162 466 1218 quo
488 1143 583 1202 dicam
606 1145 693 1220 paulo
716 1154 792 1221 post.
838 1144 989 1202 Laudandi
1013 1153 1162 1219 postremo
1185 1145 1289 1207 Stoici.

218 1228 297 1303 quod
318 1229 499 1304 voluptatem
527 1248 585 1287 non
612 1230 643 1287 in
672 1231 709 1287 iie
731 1231 832 1300 rebus,
861 1248 984 1304 quarum
1013 1230 1050 1286 ab
1079 1230 1144 1306 ipso
1166 1231 1288 1289 animali

219 1331 288 1370 usus
310 1322 513 1389 quaereretur,
542 1315 749 1385 numerabant,
779 1315 830 1372 sed
859 1308 1031 1390 ἐπιγέννημα
1054 1333 1118 1373 esee
1141 1315 1288 1377 dicebant.

218 1398 274 1455 hoo
296 1408 354 1470 est,
383 1399 607 1473 subsequentem
630 1398 765 1457 affectum
787 1399 938 1469 animalis,
967 1417 999 1455 ee
1022 1401 1125 1475 primis
1147 1401 1206 1458 illis
1228 1401 1289 1459 frui

218 1483 370 1542 sentientia
392 1482 457 1558 (cir.
480 1495 577 1543 annot.
601 1484 638 1541 ad
660 1485 723 1549 ΙΙΙ,
750 1486 808 1558 17).
853 1483 912 1542 Sed
940 1484 1019 1557 quod
1042 1486 1228 1562 Aristippum
1259 1498 1289 1543 et

218 1569 377 1644 Epicurum
410 1569 539 1627 studiose
573 1577 776 1668 oppugnantes
810 1587 846 1625 ne
879 1569 956 1626 hunc
989 1570 1107 1642 quidem
1141 1572 1288 1648 voluptati

217 1656 313 1713 locum
336 1673 455 1731 prorens
477 1655 674 1712 concedebant
697 1646 736 1728 (εἰ
755 1642 815 1730 ἄρα
838 1646 942 1726 ἐστίν),
966 1673 1060 1729 nequa
1083 1657 1288 1726 ostendebant,

218 1741 365 1815 quomodo
392 1740 440 1797 hic
467 1738 588 1797 effectus
610 1758 675 1797 cum
698 1740 791 1796 altero
813 1738 864 1796 illo
887 1738 993 1796 affectu
1016 1741 1143 1798 hominis
1166 1761 1197 1799 sa
1220 1760 1286 1800 cnm

217 1844 331 1885 summa
353 1835 471 1897 natura,
502 1825 585 1883 cuine
607 1834 682 1882 assat
705 1824 866 1900 particeps,
890 1824 1012 1882 honeste
1034 1827 1148 1902 agendo
1171 1828 1288 1903 conspi-

216 1930 283 1969 rare
310 1910 463 1969 sentientis
485 1911 685 1987 copularetur,
714 1928 775 1966 ram
804 1908 995 1984 implicabant
1023 1911 1287 1987 relinquebantqna

220 1997 335 2055 arraudi
359 1997 466 2055 locum.

303 2083 352 2139 Ab
374 2082 428 2139 hec
450 2081 609 2157 primorum
633 2088 755 2136 naturae
776 2078 895 2135 notione
922 2079 1104 2153 aliquantum
1128 2082 1232 2152 dietat,
1261 2082 1287 2139 ei

218 2167 373 2244 diligenter
396 2165 612 2234 consideratur,
636 2183 680 2234 ee,
703 2182 778 2238 qnee
800 2163 830 2221 in
853 2163 938 2220 libro·
952 2179 1057 2238 quarto
1080 2167 1132 2238 (15
1157 2169 1234 2241 sqq.)
1257 2177 1286 2224 et

217 2253 320 2328 quinto
336 2253 390 2325 (at
406 2254 482 2327 sqq.)
504 2249 664 2308 Antiochia
691 2249 804 2307 ratione
832 2248 998 2323 explicatur
1022 2255 1114 2325 primu
1135 2255 1288 2310 constitutio

218 2338 280 2396 sive
313 2340 440 2394 institutio
471 2347 592 2393 naturae
643 2335 726 2392 Haec
755 2333 831 2391 enim
860 2342 953 2391 totum
982 2336 1111 2410 undique
1140 2337 1287 2394 bominem

166 2446 169 2451 ’
218 2423 414 2521 complectens
441 2439 506 2479 cum
535 2438 654 2495 corpus,
688 2430 749 2477 tum
785 2418 875 2476 multo
909 2420 1001 2517 magis
1034 2421 1163 2478 animum
1197 2430 1227 2479 et
1256 2423 1288 2478 in

219 2509 317 2566 animo
344 2507 466 2564 rationis
494 2505 717 2582 perfectionem,
751 2498 780 2562 id
808 2513 866 2573 est,
900 2505 1037 2562 virtutem
1066 2507 1289 2582 comprehendit

218 2594 285 2667 (IV,
312 2594 359 2663 17
383 2593 439 2662 41,
462 2593 500 2662 V,
525 2591 579 2660 86,
603 2590 668 2664 al.,)
690 2600 723 2647 nt
744 2607 793 2659 ea,
817 2589 872 2646 etsi
894 2589 924 2646 in
947 2590 1012 2665 ipeo
1034 2602 1100 2649 ortu
1123 2610 1180 2648 non
1204 2592 1287 2659 assit,

218 2687 315 2736 tamen
343 2697 380 2734 ex
410 2633 461 2733 illa
488 2676 694 2733 constitutione
720 2684 876 2732 enascatur
904 2684 933 2731 et
961 2676 1062 2732 eodem
1092 2677 1193 2746 modo,
1228 2693 1287 2750 quo

219 2773 326 2832 cetera,
349 2781 423 2837 qnae
445 2779 480 2817 ee
502 2762 697 2831 continentur,
720 2769 877 2836 appetatur
898 2771 1063 2817 autentum
1082 2762 1175 2818 multo
1193 2762 1288 2819 maius

219 2857 396 2906 momentum
419 2847 535 2906 habeat.
580 2847 614 2904 Iu
637 2846 691 2902 hac
713 2855 810 2903 tantan
833 2845 1041 2902 constitutione
1064 2846 1238 2921 explicanda
1258 2856 1289 2904 et

220 2934 257 2991 ed
279 2933 345 2990 finis
362 2934 503 2990 bonorum
522 2931 718 2989 definitionem
741 2931 936 3007 perducenda,
959 2932 1028 3004 quia
1050 2932 1079 2987 in
1103 2932 1197 3007 primo
1219 2943 1287 2990 ortu

220 3018 355 3076 animalis
387 3017 480 3092 magis
512 3016 753 3074 animadvertitur
784 3016 915 3091 corporis
949 3016 1049 3073 tuendi
1082 3034 1165 3083 cura,
1199 3017 1242 3075 ita
1268 3036 1287 3074 e

221 3104 329 3164 Stoicis
351 3101 526 3160 transfertur
553 3110 582 3158 et
608 3102 751 3159 retinetur
778 3101 937 3177 primorum
967 3111 1088 3158 naturae
1116 3103 1285 3177 appellatio,

221 3199 253 3247 ut
275 3208 310 3246 aa
330 3188 361 3245 in
384 3188 440 3244 fine
462 3188 499 3245 ad
522 3187 658 3244 virtutem
681 3187 877 3263 adiungantur
894 3187 959 3257 (IV,
973 3189 1022 3257 41,
1036 3188 1085 3257 43,
1099 3189 1151 3261 47)
1170 3189 1286 3261 sintque

221 3274 350 3350 corporis
374 3274 499 3348 bonust)
542 3273 646 3348 ltaque
669 3273 746 3347 qnod
774 3274 851 3349 apud
875 3272 991 3330 Stoicos
1018 3291 1133 3329 omnem
1162 3273 1285 3347 primam

220 3359 454 3418 conciliationem
478 3368 598 3415 naturae
620 3359 729 3434 explet,
752 3358 781 3415 id
803 3359 832 3415 in
856 3358 942 3414 huius
965 3358 1181 3415 constitutionis
1203 3368 1287 3433 parta

222 3463 279 3503 non
302 3444 430 3502 maxima
451 3455 594 3501 censetur.

307 3530 364 3588 Sed
394 3530 468 3587 hanc
491 3528 689 3586 diversitatem
712 3526 830 3595 Cicero,
859 3528 1037 3584 Antiochum
1061 3546 1200 3600 sequens,
1230 3547 1287 3585 non

224 3615 430 3675 animadvertit
452 3623 481 3670 et
503 3633 554 3689 per
577 3622 669 3671 totum
692 3613 798 3670 librum
821 3622 955 3687 quartum
981 3613 1020 3670 ita
1043 3613 1181 3687 disputat.
1204 3614 1288 3687 quasi

253 3851 275 3912 ¹)
294 3847 347 3900 Cir.
367 3849 435 3897 Stob.
455 3853 533 3912 p60:
552 3833 587 3897 tit
605 3842 710 3899 otide'ttto
728 3846 883 3919 ηχιιιιιὸις
902 3845 990 3899 οιδέικ

246 3919 270 3982 ²)
288 3918 344 3967 Hoc
362 3931 452 3980 genere
470 3918 544 3965 etiem
564 3927 667 3966 externe
686 3915 736 3966 feta
754 3907 938 3979 comprehendi,
958 3919 1051 3966 dictum
1070 3926 1107 3967 cet
1126 3919 1156 3965 ad
1175 3917 1226 3976 tlt,
1247 3922 1286 3968 43

288 3986 421 4047 Quomodo
439 3986 539 4049 quidem
557 3985 590 4043 V,
610 3988 641 4034 at
660 4000 713 4049 eqq.
733 3995 837 4035 externe
855 3986 1052 4036 constituuntur
1072 4001 1122 4036 non
1142 3988 1222 4048 megia
1241 3988 1287 4035 snb

287 4055 424 4120 primorum
452 4064 558 4104 naturae
585 4054 713 4104 notionem
745 4069 820 4118 quem
851 4055 896 4102 eub
927 4054 1001 4102 finem
1033 4057 1154 4104 honorum
1184 4055 1278 4104 cadunt

287 4124 373 4173 Animi
397 4126 476 4183 bone,
500 4138 565 4188 quea
586 4133 685 4188 praeter
708 4123 823 4171 virtutem
847 4132 929 4178 etant,
953 4123 978 4169 id
1002 4133 1051 4182 cet,
1077 4124 1170 4186 ingenii
1190 4124 1286 4180 Cicero.

288 4200 385 4257 praeter
402 4207 504 4257 pravam
522 4192 593 4242 illem
612 4192 637 4241 in
656 4192 688 4250 V,
701 4196 729 4239 ta
749 4191 970 4253 significationem,
996 4192 1021 4239 in
1040 4202 1131 4255 quarto
1149 4193 1287 4257 quintoque

288 4261 352 4311 libro
379 4274 458 4324 neque
485 4261 571 4326 primis
599 4270 745 4310 annumeret
769 4273 849 4323 neque
873 4260 992 4310 excludit.
1034 4260 1143 4311 Omnino
1165 4263 1230 4311 enim
1255 4263 1286 4310 ad

290 4329 513 4394 Peripateticorum
532 4339 642 4379 ratarum
664 4329 813 4394 tripertitam
836 4329 957 4377 bonorum
981 4329 1127 4380 divisionem
1151 4331 1211 4381 haec
1234 4342 1287 4380 tote

290 4398 426 4463 primorum
444 4398 514 4448 notio
532 4413 582 4447 non
602 4398 676 4447 facile
695 4397 939 4447 accommodebetur.
