3030 5086
368 1594 684 1688 nnnuouuou
715 1536 776 1685 uu
807 1595 1013 1689 aurnuns
1043 1597 1212 1740 nunti.

249 1893 366 2008 Tertia
397 1942 475 2008 haec
501 1942 610 2022 editio,
643 1961 724 2024 quae
756 1946 1055 2042 extranea-1873
1084 1945 1167 2026 typis
1194 1944 1327 2010 describi

253 2058 366 2130 coepta
393 2057 491 2114 totum
520 2049 676 2115 biennium
705 2059 737 2115 et
758 2051 876 2132 aliquot
897 2045 1020 2116 menses
1047 2051 1128 2115 inter
1149 2052 1327 2149 typotheta-

253 2176 323 2221 rum
345 2175 449 2221 moras
471 2155 587 2234 haesit,
615 2157 657 2222 ita
679 2157 810 2222 alteram
834 2153 950 2240 reddit,
979 2166 1013 2222 ut
1035 2158 1174 2239 singulae
1195 2159 1329 2239 paginae

253 2263 378 2345 paginis
401 2263 620 2343 respondeant
666 2262 728 2329 Sed
744 2271 847 2328 amen
870 2265 901 2329 in
919 2265 1076 2331 Ciceronis
1093 2266 1234 2329 oratioue
1256 2284 1328 2344 per·

255 2388 371 2451 pauca,
404 2388 534 2451 quonum
562 2370 594 2434 in
622 2369 703 2434 notis
730 2371 812 2434 ratio
840 2372 1017 2453 exponitur,
1050 2372 1080 2436 in
1111 2371 1193 2436 notis
1223 2371 1328 2452 plura,

256 2477 359 2541 omnia
375 2476 441 2541 iere
456 2496 556 2558 parva
574 2483 695 2541 mutata
710 2478 878 2559 limataque
895 2486 977 2558 suut,
999 2478 1149 2560 pleraque
1170 2479 1201 2542 in
1224 2497 1327 2543 exem·

254 2583 378 2664 plorum
399 2585 670 2662 grammaticorum
693 2584 783 2664 copia
805 2586 957 2665 augenda,
979 2604 1041 2649 uno
1064 2586 1156 2649 etiam
1179 2584 1328 2650 etaltera

255 2691 450 2756 detrahendo
471 2690 583 2770 posita,
605 2690 634 2753 in
659 2708 720 2769 quo
737 2708 852 2771 genere
868 2691 964 2756 multo
981 2692 1081 2756 maior
1098 2707 1174 2772 pars
1196 2690 1329 2755 debetur

256 2801 292 2862 0.
316 2798 469 2878 Siesbyeo.
518 2799 554 2862 Iu
588 2797 646 2863 hac
679 2798 867 2879 expolitione
900 2799 980 2862 ratio
1014 2799 1106 2862 etiarn
1140 2797 1248 2862 habita
1280 2804 1329 2861 est

255 2922 377 2980 eorum,
400 2922 480 2984 quae
501 2905 542 2968 ab
564 2904 633 2969 aliis
655 2912 805 2969 arrrrotata
828 2904 918 2968 nobis
940 2905 1155 2982 innotuerant,
1177 2906 1233 2969 sed
1255 2903 1328 2969 bre·

256 3012 349 3088 viter,
379 3010 516 3075 adhibita
539 3011 703 3076 Holsteinii
732 3030 854 3092 quoqne
883 3010 992 3075 horunr
1020 3009 1170 3074 librorum
1194 3012 1328 3075 editione

256 3119 354 3198 (lips,
380 3119 485 3197 1873).
535 3118 589 3185 De
610 3119 658 3182 bis
687 3117 813 3182 uberius
840 3117 890 3180 bic
916 3117 1038 3181 dicendi
1072 3136 1172 3198 neque
1205 3136 1260 3197 per
1293 3137 1328 3182 se

257 3243 350 3291 causa
377 3225 440 3289 ulla
467 3232 587 3304 estet,
616 3225 708 3289 naid
736 3223 840 3288 facere
862 3242 968 3301 coner,
996 3223 1142 3303 prohibet
1169 3225 1328 3288 oculorum

256 3332 336 3395 acies
358 3340 432 3395 ante
453 3331 573 3411 aliquot
594 3350 716 3395 menses
738 3331 782 3395 ita
805 3330 960 3409 hebetata,
983 3337 1078 3394 utne
1100 3331 1242 3412 plagulas
1259 3330 1327 3411 qui·

256 3440 326 3502 dem
348 3438 388 3502 ab
409 3438 633 3502 humanissimo
656 3440 765 3502 iuvene
783 3438 854 3501 Chr.
872 3437 1076 3501 Mikkelsenio
1095 3436 1327 3518 typothetarum

256 3546 413 3609 erroribus
441 3552 630 3625 expurgatas
658 3545 795 3623 relegere
826 3551 883 3608 aut
911 3544 1021 3608 saltern
1054 3543 1104 3607 hic
1135 3544 1197 3607 illio
1229 3544 1326 3623 inspi-

256 3671 325 3716 cere
362 3652 525 3732 potuerim.
582 3653 693 3731 Itaque
730 3651 792 3714 duo
831 3657 970 3726 tanturn,
1009 3670 1090 3732 quae
1128 3653 1168 3714 ad
1207 3651 1328 3714 codices

256 3765 410 3838 spectant,
444 3759 715 3823 comunemoranda
742 3765 823 3821 sunt.
878 3758 914 3820 In
944 3758 1049 3821 codice
1075 3756 1218 3821 Parisino
1252 3774 1328 3819 usus

256 3883 323 3928 surn
345 3864 400 3942 iis,
423 3883 503 3946 quae
525 3864 558 3928 C.
582 3864 752 3928 Thurotius
775 3865 805 3928 in
828 3864 922 3942 libro,
945 3864 997 3945 qui
1020 3863 1199 3928 inscribitur
1221 3863 1328 3927 Revue

256 3971 399 4052 critique,
424 3972 520 4048 1870,
542 3991 571 4052 p.
591 3973 631 4035 18
648 3990 715 4052 sqq.
743 3973 783 4035 de
804 3970 968 4051 scripturis
995 3970 1026 4033 in
1055 3971 1195 4050 spargine
1217 3969 1328 4049 positis

256 4079 399 4158 exposuit
424 4086 456 4142 et
481 4079 512 4142 in
541 4078 620 4142 libro
642 4079 749 4159 quinto
771 4078 811 4141 ab
833 4096 884 4155 eo,
913 4077 965 4157 qui
988 4077 1122 4142 codicem
1146 4076 1328 4152 contulerat,

256 4185 369 4250 delicta
396 4185 537 4248 correxit
587 4186 622 4249 ln
652 4184 758 4249 codice
785 4184 970 4265 Erlangensi
1000 4202 1070 4248 rnea
1097 4184 1195 4262 ipsius
1223 4182 1328 4262 gravis

257 4291 419 4355 oblivionis
446 4291 537 4372 culpa
563 4291 740 4356 accusanda
768 4297 824 4355 est.
869 4290 945 4355 Cum
973 4290 1054 4354 enirn
1083 4310 1111 4354 a.
1137 4290 1219 4354 1848
1247 4286 1327 4352 ‹lifti-

1107 4410 1123 4444 Λ
