3030 5086
272 461 337 527 842
687 480 861 528 excursus
885 481 939 527 vu.

272 651 401 708 certiora
423 668 555 727 promam
579 660 767 726 argumenta,
790 651 902 708 nullum
927 650 1031 711 Cicero
1054 653 1225 710 Aristotelis
1250 653 1354 710 decre·

274 745 351 805 tum,
375 736 453 811 quod
476 736 513 793 ad
536 735 628 811 ipsam
653 736 869 812 philosophiam
893 737 1066 812 pertineret,
1090 738 1179 813 paulo
1202 739 1353 814 copiosius

273 822 412 897 exposuit
439 831 491 878 aut
513 839 550 878 ex
573 831 653 879 certo
676 822 739 879 eins
762 821 837 879 libro
860 823 1013 898 repetivit;
1043 841 1139 898 pauca
1165 824 1284 880 omnino
1308 834 1354 880 at·

270 907 347 983 tigit,
371 907 445 963 aiios
468 925 594 981 sequens
617 925 674 963 non
698 907 761 964 sine
784 908 967 983 gravissimis
985 908 1143 975 erroribus,
1167 927 1241 982 quos
1261 927 1353 984 supra

270 993 308 1049 ad
331 992 387 1060 IV,
410 993 446 1048 12
470 991 580 1061 notavi,
604 992 727 1049 aiterum
751 993 780 1049 in
804 994 907 1067 quinta
929 1003 1044 1062 natura,
1067 993 1192 1050 aiterum
1216 993 1245 1050 in
1270 1003 1353 1050 ente·

273 1076 386 1134 lechiae
409 1077 539 1133 notione.
583 1079 630 1134 Ac
652 1096 689 1133 ne
712 1078 844 1153 singulas
867 1097 914 1135 res
936 1096 1163 1154 persequamur,
1187 1096 1252 1136 cum
1276 1079 1353 1136 ethi·

271 1179 337 1218 cam
368 1162 495 1219 maxime
518 1161 659 1238 attingat,
688 1161 828 1220 facillime
856 1164 912 1220 sibi
940 1164 978 1219 ab
1001 1164 1152 1221 Antiocho
1180 1158 1353 1239 persuaderi

271 1247 384 1322 patitur
412 1258 441 1304 et
468 1247 539 1304 alibi
568 1257 598 1303 et
620 1248 649 1303 in
673 1248 748 1305 libro
773 1250 801 1306 V
823 1248 859 1305 de
882 1248 1003 1316 linibus,
1035 1267 1084 1318 ea,
1113 1266 1188 1323 quae
1211 1249 1236 1305 is
1260 1250 1352 1305 tradi·

270 1332 376 1401 disset,
407 1333 473 1407 ipsa
495 1351 559 1389 esse
582 1332 773 1403 Aristotelia,
803 1342 833 1390 et
855 1334 884 1390 in
908 1352 943 1390 eo
966 1334 1007 1391 ita
1029 1334 1127 1390 ethica
1149 1333 1353 1392 Nicomachea

270 1418 419 1493 appellat,
443 1425 476 1474 ut
497 1418 570 1474 haec
593 1418 630 1474 ab
653 1419 802 1476 Antiocho
825 1436 966 1494 expressa
989 1428 1080 1494 putet.
1126 1418 1165 1475 Et
1187 1428 1301 1488 tamen,
1325 1419 1352 1477 si

272 1502 345 1559 illud
375 1503 542 1578 exceperis,
573 1512 603 1559 et
629 1503 707 1579 apud
731 1503 922 1562 Aristotelem
954 1513 983 1560 et
1010 1505 1088 1579 apud
1112 1503 1292 1562 Antiochum
1322 1513 1352 1561 et

273 1587 392 1644 virtutis
420 1599 450 1644 et
477 1588 609 1664 corporis
636 1599 724 1663 atque
752 1598 939 1646 externorum
969 1589 1112 1646 rationem
1147 1589 1175 1645 in
1206 1590 1349 1647 honorum

272 1691 386 1730 summa
409 1673 490 1741 duci,
520 1682 580 1729 tum
609 1673 783 1731 divisionem
807 1675 947 1731 virtutum
972 1674 1205 1732 voluntariarum
1233 1685 1263 1732 et
1291 1694 1350 1732 non

272 1758 505 1815 voluntariarum
529 1759 580 1831 (V,
606 1759 658 1834 36)
681 1760 718 1815 ab
741 1760 905 1818 Aristotele
934 1761 1088 1836 repetitam
1112 1779 1176 1816 esse
1199 1770 1228 1816 et
1252 1770 1349 1817 tamen

272 1844 427 1911 variatam,
445 1842 557 1899 nullum
577 1862 640 1901 esse
659 1845 810 1901 minimum
828 1845 906 1920 apud
924 1846 1104 1903 Antiochum
1123 1846 1261 1921 propriae
1278 1845 1349 1903 Ari·

272 1928 387 1986 stotelis
414 1928 528 1986 formae
556 1929 712 2004 vestigium
742 1949 920 2005 prorsusque
953 1931 1012 1987 alio
1048 1931 1132 1987 modo
1162 1947 1226 1987 cum
1258 1930 1351 1987 multa

272 2013 438 2073 Stoicorum
468 2014 632 2071 imitatione
660 2033 678 2071 e
706 2016 801 2090 prima
829 2026 952 2072 naturae
974 2015 1182 2072 constitutione
1206 2017 1349 2073 bonorum

271 2099 421 2156 notionem
453 2109 482 2156 et
510 2099 683 2156 divisionem
713 2101 795 2169 duci,
829 2109 888 2157 tam
919 2110 963 2158 est
993 2099 1196 2169 manifestum,
1231 2111 1263 2158 ut
1290 2100 1350 2158 dici

271 2184 345 2241 nihil
373 2184 409 2241 de
432 2203 467 2241 eo
490 2194 640 2260 oporteat,
669 2186 705 2242 de
733 2204 791 2260 quo
820 2204 920 2252 nemo,
949 2186 999 2260 qui
1022 2185 1194 2245 Ciceronem
1218 2186 1349 2261 legisset,

270 2270 359 2327 aliter
381 2270 569 2346 iudicaritl)
614 2273 660 2328 Ac
682 2271 707 2328 si
731 2270 796 2345 quis
819 2271 941 2340 dixerit,
971 2290 1027 2327 non
1057 2272 1097 2328 ita
1125 2271 1350 2340 commemorari

271 2355 480 2418 Nicomachea,
499 2363 531 2412 ut
549 2375 585 2412 ex
604 2356 640 2412 iis
658 2365 720 2412 tota
732 2357 793 2426 illa,
813 2374 889 2432 quae
906 2366 1055 2432 sequatur,
1073 2357 1285 2414 sententiarum
1298 2376 1350 2414 ex·

270 2441 379 2516 positio
402 2441 490 2497 ducta
506 2440 629 2509 dicatur,
653 2442 703 2498 sed
721 2452 834 2498 tantum
852 2442 882 2498 id
905 2442 1037 2511 iudicari,
1061 2443 1089 2498 in
1113 2441 1150 2498 iis
1167 2442 1351 2499 constantius

268 2543 357 2600 quam
376 2526 454 2600 apud
472 2526 708 2602 Theophrastum
728 2527 846 2585 virtutis
863 2527 922 2584 vim
941 2527 977 2584 ad
996 2528 1110 2584 beatam
1125 2527 1215 2584 vitam
1233 2546 1351 2603 semper

268 2610 453 2668 efficiendam
478 2610 612 2680 defendi,
642 2612 697 2669 hoc
719 2631 836 2688 quoque
859 2611 965 2669 laisum
990 2631 1071 2682 esse,
1095 2613 1245 2686 idemque,
1269 2613 1349 2687 quod

269 2696 494 2771 Theophrastus
506 2697 638 2765 docebat,
657 2698 694 2753 ab
707 2698 869 2755 Aristotele
889 2697 946 2755 dici
963 2697 1003 2754 ibi
1022 2697 1146 2755 ostendi.
1181 2699 1349 2755 Antiochus

270 2781 317 2839 hic
340 2800 457 2856 quoqne
482 2782 598 2839 Stoicus
621 2792 693 2839 erat.
738 2784 903 2852 Postremo,
928 2801 964 2839 ne
987 2783 1052 2858 quie
1075 2782 1168 2852 dicat,
1194 2783 1240 2840 hic
1264 2784 1349 2841 Piso·

269 2885 346 2936 nem,
370 2869 419 2941 qui
443 2867 622 2924 Antiochum
647 2879 796 2943 sequatur,
819 2869 917 2926 induci
941 2869 983 2924 ita
1005 2869 1195 2925 disserentem
1220 2869 1256 2925 de
1278 2869 1349 2926 Ari·

269 2952 384 3010 stotelis
413 2953 582 3018 sententiis,
617 2954 861 3028 quemadmodum
892 2954 955 3029 ipse
984 2954 1151 3011 Antiochus
1179 2953 1348 3022 dissereret,

267 3036 421 3096 Ciceronis
444 3037 523 3094 aliud
547 3036 638 3094 fuisse
662 3039 811 3108 iudicium,
834 3040 898 3115 ipse
921 3039 1026 3098 Cicero
1049 3039 1077 3095 in
1101 3039 1177 3096 libro
1201 3039 1232 3095 11
1255 3048 1284 3095 et
1303 3040 1348 3097 IV

270 3122 450 3181 Antiochum
485 3141 610 3197 sequens
639 3125 795 3182 Aristoteli
829 3124 971 3182 formulas
1005 3143 1055 3180 eas
1088 3123 1206 3194 tribuit,
1240 3125 1348 3199 qrribus

268 3226 429 3283 numquam
453 3217 607 3275 estuans,
631 3210 748 3284 dequo
771 3211 938 3284 expositum
962 3220 1006 3266 est
1029 3210 1057 3266 in
1082 3228 1208 3267 excursu
1231 3219 1346 3284 quarto.

269 3294 319 3351 Ab
343 3294 446 3349 horum
471 3293 561 3368 igitur
583 3295 775 3352 similitudine
799 3314 856 3352 non
874 3295 1022 3359 abhorret,
1045 3296 1122 3369 quod
1140 3295 1255 3365 Cicero,
1279 3313 1346 3364 nna,

265 3379 383 3452 opinor,
407 3379 534 3435 nominis
551 3376 610 3434 sois
627 3374 834 3456 Νικομαχείων
857 3380 1099 3456 interpretatione
1119 3381 1267 3455 deceptus,
1291 3381 1347 3437 hoc

268 3482 343 3540 opus
366 3464 426 3520 lilio
450 3464 566 3531 tribuit,
596 3483 772 3539 quamquam
802 3468 831 3523 in
856 3467 932 3523 hunc
955 3485 1083 3522 errorem
1107 3484 1164 3521 non
1189 3467 1251 3541 ipse
1274 3465 1347 3523 inci·

265 3547 355 3618 disse,
379 3549 429 3605 sed
453 3551 490 3607 ab
513 3549 580 3607 aliis
603 3550 739 3607 indoctus
761 3570 825 3608 esse
848 3551 978 3620 videtur,
1002 3551 1149 3624 quoniam,
1173 3551 1243 3625 quin
1267 3551 1345 3608 idem

267 3651 285 3690 a
309 3635 443 3711 Diogene
472 3635 590 3692 Labrtio
615 3636 701 3698 VIII,
725 3636 765 3692 88
794 3637 967 3694 commissus
994 3636 1046 3705 eit,
1076 3646 1247 3712 comparato
1275 3637 1347 3694 Ari·

266 3720 382 3778 stotelis
405 3721 469 3777 looo
492 3721 521 3777 in
545 3721 618 3795 ipsis
640 3721 756 3779 Nicom.
780 3722 821 3789 X,
846 3723 863 3777 2
887 3731 917 3778 et
940 3722 1043 3780 Ioann.
1068 3722 1258 3780 Stobeeensis
1281 3721 1345 3779 Ecl.

267 3907 496 3916 ——----

335 4009 414 4069 noa),
438 4007 480 4070 qui
500 4006 647 4056 Aristotelis
666 4008 804 4057 orationem
823 4022 923 4058 ararem
943 4023 973 4056 ac
992 4006 1092 4056 facilem
1112 4007 1188 4056 liuere
1206 4022 1256 4057 non
1276 4008 1345 4071 ipsos

334 4090 380 4124 nos
399 4075 492 4123 sentire
509 4075 572 4134 vult,
591 4077 634 4125 sed
654 4077 797 4125 nesciocui
817 4075 944 4126 Graeculo
964 4077 1015 4125 imo
1033 4077 1142 4126 credere.
1174 4076 1281 4125 Flumen
1300 4085 1345 4124 aut

335 4151 482 4192 ornamenta
500 4144 525 4192 in
545 4147 645 4210 scriptis
664 4145 836 4194 subtilioribus
850 4146 1002 4196 Aristoteles
1024 4160 1070 4194 nec
1088 4145 1164 4193 habet
1182 4159 1228 4193 nec
1245 4145 1345 4193 curarit

337 4213 434 4261 habere.

292 4278 315 4346 ¹)
335 4281 505 4330 Paucissimos
522 4282 582 4331 lllos
601 4282 683 4338 locos,
703 4282 744 4329 ubi
763 4283 839 4330 verba
857 4284 980 4345 quaedam
1000 4290 1045 4330 sut
1063 4282 1211 4330 sententiam
1230 4281 1341 4345 aliquam

334 4349 480 4398 Aristotelis
499 4364 642 4413 expressam
664 4350 770 4399 Ursinus
789 4351 882 4414 aliique
900 4360 1032 4416 putarant,
1057 4366 1089 4400 ne
1111 4351 1221 4414 speeiem
1240 4351 1341 4414 quidem

333 4418 392 4466 talis
410 4417 559 4468 imitationis
578 4419 677 4476 habere,
696 4419 722 4466 in
741 4420 905 4469 annotatione
922 4420 1029 4479 ostendi,
1048 4430 1077 4467 ut
1094 4423 1136 4469 84.
