3030 5086
285 504 347 568 718
674 520 718 565 ua
743 518 873 565 sturnus
896 518 967 563 eos.

284 687 450 769 splendore
473 688 583 751 ductos
606 687 802 750 immemores
825 685 921 750 fuisse
944 683 1111 748 utilitatum
1129 702 1268 760 suarum,
1292 700 1377 746 nos·

285 807 353 870 que,
376 807 444 852 cunr
468 806 505 851 ea
527 787 699 864 laudemus,
722 786 807 850 nulla
829 786 893 850 elia
914 804 950 851 re
969 785 1028 849 uisi
1045 785 1209 849 honestate
1227 782 1328 849 duci?

354 945 375 986 ⁵2.
396 938 462 988 ducti
479 939 500 987 E

283 1062 471 1133 arbitrantur),
495 1061 537 1117 sic
560 1060 705 1116 removeri
728 1070 834 1136 potest,
857 1069 890 1116 ut
912 1071 936 1116 et
958 1063 1012 1135 ipsi
1027 1059 1087 1115 siut
1103 1062 1157 1133 ipsi
1172 1078 1279 1133 qnoque
1298 1060 1370 1129 (sure

284 1150 416 1220 sponte);
440 1164 506 1201 nam
530 1155 554 1202 et
576 1148 633 1219 ipse
649 1142 742 1224 [quod
759 1146 836 1219 apud
855 1144 1027 1203 Ciceronem
1051 1142 1158 1219 legitur
1174 1143 1290 1201 incerta
1309 1142 1369 1199 lide

284 1249 337 1305 pro
351 1231 436 1288 Caec.
450 1230 500 1299 58,
513 1230 549 1285 ad
562 1231 625 1286 Att.
634 1230 688 1297 Ν,
703 1232 731 1297 5,
745 1231 762 1285 2
776 1239 803 1285 et
819 1228 905 1297 VIII,
919 1231 947 1297 7,
959 1225 989 1307 l]
1002 1228 1148 1304 signifieat
1159 1238 1276 1302 praeter
1287 1227 1368 1284 alios

283 1315 370 1372 etiam
385 1315 461 1370 hunc
473 1315 549 1370 idem
563 1313 669 1383 facere,
687 1334 754 1372 non.
769 1315 846 1370 huno
858 1332 911 1370 sua
924 1324 1037 1388 sponte,
1057 1323 1263 1388 praeterquam
1281 1310 1367 1387 quod

283 1400 320 1456 ab
340 1399 406 1455 aliis
430 1407 591 1467 moneatur,
615 1399 726 1472 aliquid
746 1398 852 1467 facere,
877 1407 909 1454 ut
932 1416 996 1455 cum
1020 1398 1158 1455 elicimus:
1181 1398 1317 1454 Roranlua
1341 1406 1367 1453 et

283 1488 340 1559 ipse
363 1484 442 1540 turba.
464 1494 541 1540 cetrae
563 1494 610 1540 est.
655 1485 701 1541 De
725 1484 815 1560 Legg.
840 1502 956 1558 quoque
979 1484 1009 1553 1,
1031 1484 1066 1539 31
1093 1480 1203 1539 frustra
1225 1481 1367 1539 Handius

284 1588 312 1645 p.
328 1570 388 1625 510
407 1568 465 1625 alio
488 1569 642 1626 traducere
665 1579 794 1625 conatur.
829 1570 975 1644 Apertum
999 1577 1044 1624 est
1065 1567 1153 1634 enim,
1176 1585 1241 1624 cum
1255 1566 1365 1625 Cicero

283 1653 444 1730 pravitates
468 1654 662 1710 communiter
684 1653 852 1722 nominarit,
876 1652 1096 1726 subiciatnrque
1118 1672 1179 1708 iram
1202 1662 1235 1719 et,
1259 1650 1317 1707 hcc
1340 1660 1367 1707 et

283 1738 526 1815 significationem
560 1739 669 1794 habere
703 1738 829 1813 plurium
859 1737 1077 1813 exemplorum,
1112 1755 1187 1811 quae
1220 1736 1365 1811 deiuccps

283 1833 507 1880 enumeraturus
524 1823 576 1891 sit3
600 1823 699 1896 itaque
711 1823 794 1879 huic:
818 1824 951 1897 voluptate
973 1826 1117 1897 capirortur
1133 1840 1221 1877 orienes
1238 1838 1364 1895 respon·

284 1909 347 1965 det:
370 1911 501 1981 sirniliqne
524 1910 629 1965 irracitia
651 1928 722 1964 more
738 1911 861 1981 Jupiter,
887 1917 961 1964 tum:
981 1917 1146 1982 propterque
1168 1907 1316 1963 honeetatia
1339 1916 1365 1962 et

280 1996 382 2067 pieriae
404 1994 609 2050 eirnr'litudinem.
654 1994 748 2049 Etiam
771 1993 902 2069 ineptum
926 2000 984 2060 est;
1013 1991 1086 2047 nihil
1115 1990 1192 2048 enim
1215 2000 1284 2047 ante
1310 2008 1365 2046 nc·

284 2078 424 2135 minatum
449 2089 502 2147 est,
526 2097 584 2152 quo
607 2077 739 2134 homiues
756 2077 920 2153 capiantur.
955 2078 1014 2151 (lle
1031 2077 1113 2134 ΚΡ,
1127 2077 1152 2141 1,
1167 2076 1205 2133 69
1226 2094 1279 2132 cur
1302 2093 1363 2131 non

284 2182 448 2230 numerem,
477 2172 610 2239 apparet.
654 2163 700 2219 Ne
728 2162 764 2218 de
787 2162 874 2219 huius
897 2162 1013 2237 quidem
1037 2161 1105 2218 libri
1128 2165 1143 2231 5
1168 2161 1207 2217 34
1230 2159 1365 2229 contid03

283 2267 349 2304 nam
374 2248 453 2303 etin
478 2258 535 2304 tem
561 2248 733 2322 propinquis.
757 2247 895 2303 membris
917 2265 965 2308 ea.
989 2265 1076 2321 quarn
1099 2264 1260 2322 exponam.
1284 2244 1365 2302 ratio

283 2333 379 2389 locum
404 2333 454 2388 vix
478 2333 567 2388 habet
596 2329 641 2411 [et
663 2326 858 2408 suspicionem
884 2340 981 2388 movet
1005 2327 1067 2409 B].)
1112 2330 1237 2389 Constat
1259 2329 1363 2405 igitur,

283 2417 454 2475 Ciceronem
484 2417 661 2491 aliquotiens
695 2418 724 2473 in
753 2416 866 2473 duabus
894 2415 1062 2484 sententiis,
1096 2433 1161 2473 eum
1184 2414 1367 2472 instituIsset

282 2502 431 2578 geminate
454 2502 599 2576 particula
616 2502 816 2559 diversitatem
834 2520 931 2559 rerum
950 2512 1061 2564 notare,
1084 2500 1271 2576 neglegentia
1288 2516 1365 2573 qua·

282 2588 347 2644 dam
372 2589 478 2660 (neque
502 2587 579 2643 enim
602 2596 681 2644 recte
704 2586 763 2658 m),
794 2586 878 2660 quasi
907 2585 1014 2661 prioris
1037 2585 1199 2661 particulae
1222 2584 1364 2656 oblitum,

281 2672 404 2728 alterum
430 2672 590 2728 membrum
609 2671 700 2746 priori
718 2671 864 2746 particula
880 2691 931 2745 que
948 2671 1145 2728 subiunxisse.
1180 2669 1286 2744 Neque
1304 2669 1364 2727 boc

281 2775 338 2812 non
362 2756 543 2813 simillimum
568 2765 612 2813 est
635 2758 691 2819 eis,
722 2775 797 2830 quae
827 2757 926 2813 multis
955 2756 1021 2813 aliis
1049 2755 1143 2812 modis
1171 2755 1201 2812 in
1224 2755 1363 2812 oratioue

281 2841 421 2917 bipertita
443 2842 575 2898 accidere
599 2841 765 2898 videbimus
788 2841 817 2897 in
841 2859 905 2900 exc.
930 2840 967 2897 ad
990 2842 1014 2910 1,
1039 2840 1094 2909 233
1119 2858 1154 2896 ae
1177 2858 1299 2915 prorsus
1322 2858 1362 2896 ex

281 2927 381 2983 codem
406 2945 513 2999 genere
536 2935 589 2995 est,
614 2944 678 2982 cum
702 2926 810 2982 <licitur
832 2926 977 2982 interdum
1002 2945 1085 3000 neque
1110 2958 1143 2967 -
1171 2944 1223 2999 que
1245 2925 1282 2997 (Ι,
1308 2925 1362 2989 48,

281 3011 337 3068 ΙΙΙ.
352 3012 369 3065 3
384 3009 497 3091 [Haud.
513 3013 557 3068 IV
569 3031 596 3086 p.
614 3006 716 3088 187]);
740 3030 805 3066 nam
825 3011 913 3067 etiem
932 3031 1015 3085 ireque
1032 3009 1120 3066 talem
1141 3009 1361 3084 separationem

281 3097 440 3172 significat,
465 3106 496 3152 ut
519 3095 658 3163 alterum,
683 3096 706 3152 si
731 3115 767 3151 ex
791 3096 926 3171 negative
951 3095 980 3151 in
1004 3094 1208 3151 affirmativam
1233 3092 1362 3150 formam

281 3181 437 3245 transitur,
468 3191 563 3237 lernen
588 3180 734 3255 particula
756 3191 780 3237 et
802 3181 912 3239 notari.
941 3198 998 3236 non
1029 3198 1081 3256 per
1109 3199 1161 3254 que
1187 3177 1278 3253 priori
1307 3178 1362 3234 ad·

280 3265 361 3341 iungi
385 3266 498 3323 debeat.
546 3265 655 3322 Eadem
679 3276 791 3335 arrtcm,
821 3284 880 3339 qna
902 3264 1021 3329 Cicero,
1049 3264 1184 3321 libertate
1215 3280 1286 3320 usus
1314 3272 1364 3320 est

281 3347 431 3430 [Catullus
456 3354 510 3416 64,
536 3351 611 3414 205,
637 3351 786 3427 Vergilius
809 3352 884 3407 Aen.
907 3351 969 3411 xl,
994 3346 1103 3428 2-3,]
1131 3348 1273 3407 Horatius
1297 3347 1363 3407 Set.

280 3436 311 3505 I,
336 3436 369 3504 3,
396 3436 453 3492 139
478 3436 546 3510 (nisi
576 3435 641 3511 quis
670 3446 698 3491 ut
726 3434 813 3492 scribi
844 3435 941 3503 malit;
970 3453 1037 3491 nam
1066 3435 1118 3491 illa
1145 3434 1262 3508 quidem
1292 3450 1362 3490 sen·

279 3521 385 3576 tentia:
414 3523 478 3576 elium
506 3531 533 3576 to
561 3540 609 3576 rac
636 3522 772 3595 superbis,
801 3522 872 3576 retello
897 3531 1007 3595 praeter
1038 3519 1191 3595 Crispinum
1218 3520 1361 3594 stipatore,

280 3607 345 3661 milri
370 3610 469 3661 etiem
496 3610 576 3661 enrici
602 3608 749 3679 iprrosceat,
783 3609 809 3662 ei
833 3607 902 3679 quid
924 3624 1055 3680 peccaro,
1090 3603 1274 3679 ineptissima
1304 3613 1362 3673 est,

280 3687 388 3769 [neque
412 3709 511 3746 eornm
535 3691 659 3747 artifieio
683 3691 725 3746 uti
749 3708 918 3765 possumus,
948 3691 998 3764 qui
1021 3709 1039 3746 a
1062 3709 1145 3763 neque
1167 3698 1192 3745 te
1213 3687 1362 3764 apodesin

279 3775 409 3850 incipere
432 3786 579 3832 statuunt.
609 3794 699 3850 prave
723 3775 886 3842 distractis,
915 3794 990 3848 <ptrue
1019 3774 1054 3831 ael
1083 3776 1146 3830 elram
1171 3768 1361 3851 pertiuent]),

280 3873 410 3916 atcerte
434 3859 593 3917 Suetonius
616 3861 686 3917 Ner.
713 3861 751 3916 33
775 3862 848 3932 (noni
879 3870 908 3916 et
937 3862 1039 3916 morari
1064 3879 1121 3916 enm
1149 3862 1218 3916 inter
1240 3859 1362 3916 homiues

279 3948 389 4015 desisse,
410 3947 543 4021 producto
557 3949 649 4020 prima
667 3946 780 4019 syllaba,
798 3946 944 4003 iocabatur.
963 3947 1114 4019 attritoque
1130 3946 1237 4001 decreta
1253 3952 1278 3999 et
1294 3962 1361 4000 con·

278 4035 370 4086 stitutu
394 4042 422 4087 ut
439 4034 586 4105 irrsipr'entis
608 4041 689 4104 utque
705 4033 785 4087 ‹lelirt'
802 4050 855 4104 pro
871 4034 956 4086 irritis
974 4030 1077 4102 lrabuit)
1095 4040 1123 4085 et
1142 4028 1263 4085 Tacitus
1278 4029 1362 4085 Anu.

278 4116 374 4181 XIII,
400 4117 416 4171 7
447 4115 534 4189 (il’ero
562 4125 590 4171 et
613 4119 769 4172 iuventutem
789 4119 930 4190 prosimos
955 4135 1007 4190 per
1029 4116 1184 4189 prouirreu'ns
1206 4116 1362 4187 quaesitam

278 4202 435 4275 supplendis
460 4202 576 4258 Orientis
605 4202 748 4273 leptorribus
776 4202 914 4257 admoneri
941 4203 1120 4274 lepionesque
1147 4202 1223 4274 ipsae
1242 4202 1363 4274 propius

278 4288 432 4341 elrrrrrm'om
461 4288 585 4342 collocari
611 4288 701 4357 iulet).
752 4287 833 4343 Haec
856 4286 947 4362 igitur·
968 4296 1048 4342 certe
1070 4294 1138 4341 sunt
1160 4295 1190 4340 ct
1212 4283 1361 4340 rationem

277 4370 401 4439 habent3
425 4369 497 4426 illud
516 4371 601 4427 valde
618 4371 761 4428 Incertum
780 4380 833 4442 est,
858 4390 927 4428 num
946 4370 1004 4428 duo
1022 4371 1139 4427 nomina
1157 4368 1199 4425 sic
1217 4385 1359 4443 umquam

278 4455 384 4512 Latina
402 4455 618 4519 coniunxerint,
636 4466 669 4513 ut
685 4456 830 4513 elicerent:
847 4458 938 4531 officia
954 4465 979 4513 et
989 4464 1097 4513 savara
1109 4455 1362 4530 praetermissaque
