3030 5086
217 477 322 543 XXIV
655 480 859 540 saturnum.

219 665 354 747 perisset
380 662 456 727 illud
477 662 620 744 Epirum,
648 660 753 729 verbis
769 661 919 742 propriae
939 662 1050 726 rainae
1076 652 1300 745 superscripsit

213 771 385 852 propriam.
430 773 540 853 Itaque
567 791 605 837 ex
632 772 693 837 hoo
714 770 821 837 codice
843 789 881 835 ea
903 776 1025 835 tantum
1047 771 1297 852 commemoravi,

220 898 301 961 quae
329 880 452 944 autad
480 878 726 944 confirmandum
755 877 871 943 codicis
898 877 1100 959 Erlangensis
1128 878 1299 943 aliorumve

221 988 371 1052 bonorum
394 987 604 1052 testimonium
626 985 825 1069 pertinebant
846 992 903 1049 aut
923 984 985 1049 alio
1007 985 1100 1049 modo
1123 986 1299 1066 cognitione

220 1094 315 1175 digna
336 1093 537 1173 videbantur,
567 1111 636 1159 eum
659 1092 846 1175 praesertim
868 1092 894 1157 is
917 1101 1014 1172 esset,
1042 1100 1078 1157 ut
1105 1099 1217 1176 postea
1244 1113 1298 1158 ex·

221 1221 344 1283 ponam,
367 1202 420 1284 qui
443 1201 529 1267 solus
551 1200 755 1283 perexiguum
777 1205 967 1265 momentum
989 1198 1116 1266 faceret

307 1308 467 1392 [Baiterus
495 1316 622 1389 praeter
649 1307 784 1373 Palatini
807 1310 822 1372 1
849 1308 906 1390 (Α)
929 1307 1113 1373 varietatem
1142 1308 1300 1390 evulgavit

221 1417 313 1482 etiam
336 1415 510 1497 scripturas
532 1416 646 1481 codicis
675 1414 816 1479 Vaticani
837 1434 867 1480 u.
889 1415 980 1494 1525,
1003 1414 1073 1479 olim
1094 1413 1237 1495 Palatini,
1259 1414 1300 1481 ab

221 1526 331 1590 eodem
349 1523 476 1589 Prieuio
499 1532 645 1588 accurate
667 1530 820 1588 enotatas.
867 1522 941 1586 Eius
964 1522 1093 1602 codicis,
1117 1541 1207 1603 quem
1230 1541 1300 1587 cum
1323 1560 1325 1562 v

221 1631 347 1697 Baitero
370 1631 397 1695 B
420 1631 558 1714 appello,
581 1631 798 1710 Erlangensis,
827 1637 863 1694 ut
883 1629 990 1694 statim
1013 1630 1146 1710 dicetur,
1169 1629 1301 1711 gemelli,

222 1739 396 1820 scripturae
418 1739 602 1804 varietatem
628 1756 691 1803 non
713 1738 822 1819 putavi
844 1737 996 1818 integram
1020 1737 1300 1817 transcribendam,

222 1848 279 1911 sed
301 1847 332 1910 in
356 1847 448 1923 notis,
470 1846 557 1910 initio
580 1845 714 1928 parcius,
738 1845 852 1910 deinde
868 1844 1068 1932 trequentius
1090 1844 1132 1909 ad
1148 1844 1212 1909 Erl.
1232 1844 1300 1910 eius

222 1954 408 2018 mentionem
431 1954 539 2031 adieci,
561 1953 591 2017 in
615 1959 727 2035 quarto
750 1961 783 2018 et
804 1953 912 2035 quinto
935 1952 1023 2030 libro,
1045 1952 1097 2017 ubi
1118 1951 1262 2016 Palatino
1282 1955 1298 2017 1

222 2078 374 2140 caremus,
392 2078 492 2142 prope
505 2066 703 2142 perpetuam,
720 2079 845 2140 semper
862 2059 986 2140 quidem
1006 2065 1165 2137 annotato,
1182 2059 1301 2141 siquid

222 2169 263 2233 ab
283 2186 320 2233 eo
337 2169 380 2233 ita
397 2168 587 2247 dissentiret,
607 2174 642 2232 ut
657 2168 706 2233 vel
723 2167 850 2232 minima
865 2160 939 2233 inde
955 2166 1092 2247 suspicio
1109 2173 1300 2231 nasceretur.

223 2276 334 2357 Itaque
356 2276 388 2339 in
410 2274 569 2356 prioribus
591 2273 679 2340 libris
708 2275 734 2339 si
764 2274 849 2339 solus
875 2275 907 2338 in
935 2274 1018 2339 notis
1041 2281 1302 2338 commemoratur

224 2384 479 2465 ponderaturquc
495 2381 706 2462 Erlangeosis,
723 2381 884 2447 sciendum
901 2389 958 2460 est,
975 2382 1151 2448 consentire
1167 2381 1301 2446 alterum

225 2491 325 2571 (velut
346 2491 376 2568 l,
398 2490 440 2554 39
471 2493 507 2552 ut
526 2487 592 2552 aaa
608 2491 710 2570 pars).
755 2489 816 2568 Qui
838 2489 942 2554 omnia
963 2488 1171 2554 minutissima
1193 2488 1302 2573 rimari

221 2597 314 2675 volet,
327 2616 346 2662 a
358 2597 485 2662 Baitero
495 2601 626 2679 petet.¹)
657 2596 801 2663 codicem
813 2597 905 2661 etiam
926 2595 1154 2679 Gloqovieusem
1165 2616 1192 2661 a.
1207 2598 1301 2677 1416,

223 2704 311 2769 cuius
344 2704 517 2786 scripturae
550 2705 735 2770 varietatem
762 2703 968 2770 Schneiderus
1002 2703 1034 2768 in
1070 2711 1303 2785 programmate

226 2811 466 2877 Vratislavieusi
489 2813 569 2879 1841
595 2813 706 2890 edidit,
737 2813 884 2877 Baiterus
908 2810 1094 2893 aliquotiens
1117 2828 1302 2877 commemo·

225 2918 321 2999 ravit,
349 2937 406 3000 ego
434 2917 500 2984 iere
527 2938 658 3000 prorsus
688 2919 810 2985 silentio
833 2918 1046 3002 praetermisi,
1073 2901 1157 3000 quod
1185 2918 1260 2983 nihil
1282 2938 1303 2984 a

225 3026 336 3092 ceteris
366 3026 573 3092 deterioribus
602 3026 743 3094 differret
768 3026 827 3092 nisi
856 3045 938 3092 nova
964 3028 1100 3108 quadam
1129 3035 1161 3092 et
1188 3026 1303 3091 audaci

225 3133 466 3215 interpolatione
494 3133 640 3215 bominis,
668 3141 704 3199 ut
730 3134 784 3199 illa
811 3141 929 3213 aetate,
959 3153 1021 3199 non
1050 3134 1182 3214 indocti,
1216 3135 1304 3199 cuius

226 3240 327 3306 forma
354 3260 392 3306 ex
419 3239 592 3306 Heindorfii
620 3241 757 3307 editione
784 3242 935 3307 librorum
963 3243 1003 3308 de
1031 3247 1145 3307 natura
1172 3243 1304 3308 deorum

227 3349 313 3430 (nam
335 3348 417 3413 idem
445 3355 494 3413 est
515 3349 627 3428 codex,
656 3368 718 3431 quo
746 3348 798 3414 ille
825 3368 901 3414 usus
929 3351 991 3430 est)
1019 3349 1161 3432 cognosci
1189 3357 1303 3432 potest.

227 3455 329 3522 Semel
350 3455 515 3521 etiterum
537 3456 746 3538 interpolator
767 3456 799 3521 in
823 3475 857 3521 re
879 3474 979 3538 parva
1001 3464 1033 3521 et
1049 3455 1129 3521 facili
1148 3456 1257 3521 incidit
1273 3456 1304 3520 in

227 3563 436 3629 coniecturam
458 3581 574 3641 veram,
596 3571 630 3627 ut
652 3563 691 3643 V,
713 3566 752 3629 31
778 3562 925 3646 (quom).]

314 3671 378 3752 §d
412 3670 542 3735 Codices
570 3669 719 3735 librorum
743 3669 902 3736 Ciceronis
930 3673 972 3736 de
996 3670 1124 3750 finibus,
1152 3677 1307 3752 quotquot

229 3778 294 3843 noti
318 3785 400 3857 sunt,
423 3796 484 3841 non
507 3796 565 3857 per
586 3777 729 3843 diversas
751 3777 866 3859 stirpes
889 3779 928 3844 ab
950 3778 1049 3860 ipsius
1071 3779 1228 3844 Ciceronis
1251 3785 1307 3843 aut

229 3884 390 3967 proximae
413 3884 441 3949 ei
464 3885 576 3950 aetatis
599 3885 827 3967 exemplaribus
849 3891 1003 3967 perpetua
1025 3888 1159 3967 quadam
1182 3905 1306 3952 succes·

229 3993 317 4058 sione
339 3993 521 4074 propagati,
550 3994 606 4058 sed
628 4011 735 4058 omnes
758 3993 797 4058 ab
819 4011 881 4057 uuo
903 3993 995 4075 longe
1017 3993 1171 4058 inferioris
1193 3993 1308 4059 aetatis

200 4178 205 4183 ι
228 4100 325 4179 libro,
347 4101 379 4164 in
402 4118 463 4181 quo
486 4100 548 4165 iam
570 4099 684 4166 iniuria
707 4101 855 4181 temporis
878 4101 1022 4166 affectum
1046 4099 1203 4165 Ciceronis
1226 4119 1306 4182 opus

259 4357 279 4417 ι)
300 4355 336 4421 lln
361 4358 408 4407 hac
432 4360 505 4408 tertia
529 4358 641 4407 edltlone
665 4361 690 4407 ln
710 4361 801 4421 prlmla
821 4358 893 4408 llbrls
913 4359 1009 4407 codicis
1031 4359 1048 4408 Β
1068 4361 1207 4422 sorlptnras
1226 4369 1308 4420 aequa

298 4443 375 4505 plene
393 4447 470 4505 atquo
489 4446 514 4492 ln
533 4446 672 4506 postremis
690 4438 830 4507 annotari]
