3030 5086
220 420 283 485 teo
649 438 823 487 excussus
846 438 865 484 1.

217 610 252 665 de
273 610 455 673 Denseletis.
479 611 514 666 de
538 609 607 667 iano
630 610 711 667 Iovis
735 610 800 670 Urii
823 629 955 668 seorsum
977 610 1121 687 adiungit.
1176 605 1321 689 [Obscu-

199 695 278 752 ,rius
294 695 455 752 involvitur
472 697 596 753 alterum
615 696 775 754 membrum
795 697 888 753 Aead.
907 696 947 765 11,
967 696 1016 764 99,
1040 697 1090 754 nbi
1115 696 1184 753 hie:
1211 695 1322 769 ltaque

216 791 240 837 et
263 782 385 838 sensibus
405 782 548 856 probantu
572 784 654 838 rnnnnttn
681 792 743 838 enin
765 782 842 857 quod
866 782 1036 857 respondet,
1068 783 1150 838 inest
1182 781 1215 839 in
1251 779 1320 836 hie:

218 866 273 937 Sin,
298 868 433 941 qnidqnid
454 868 581 924 occiderit
604 878 674 932 eet,
697 868 868 924 adiunctum
891 868 942 936 iis,
966 886 1040 942 quae
1063 868 1319 925 intervenerunt.

216 950 450 1021 clermont,
464 953 503 1008 63
516 954 626 1027 (Iteqne
642 963 666 1009 et
678 952 823 1013 Aeselnines
842 985 886 1008 -.
910 953 958 1008 En
972 953 1019 1010 hoe
1030 957 1122 1010 euenit.
1147 963 1179 1009 at
1190 955 1273 1024 eet.)
1287 961 1318 1009 et

218 1037 276 1093 ihtl.
290 1038 347 1103 ΙΙΙ,
361 1039 400 1095 28
413 1038 474 1110 (ubi
490 1036 599 1095 Bnkius
612 1048 636 1094 et
650 1039 724 1094 rrrale
737 1039 869 1107 tollebat,
888 1039 1024 1096 Baiterus
1037 1058 1094 1095 non
1109 1039 1189 1095 bene
1202 1035 1317 1094 defen·

218 1122 275 1185 dit;
294 1123 419 1180 alterum
432 1124 504 1180 latet
521 1123 549 1180 iu
567 1124 640 1180 illis:
662 1125 756 1198 [taque
772 1126 849 1199 opud
861 1124 1033 1198 Euripidem)
1046 1134 1075 1180 et
1089 1125 1183 1200 Legg.
1199 1124 1226 1191 Ι,
1243 1120 1316 1201 dh]

219 1208 264 1265 Ne
287 1209 380 1265 solunt
405 1207 577 1279 Ciceronem
600 1218 704 1265 testem
729 1210 861 1266 habeam.
885 1210 1005 1272 addam,
1034 1210 1112 1284 apud
1138 1209 1314 1283 Quintiliu-

219 1312 297 1363 uum,
316 1295 365 1368 qui
384 1295 545 1351 orationem
564 1294 789 1369 diligentissime
800 1293 984 1351 conformare
1000 1295 1084 1355 solet,
1104 1295 1184 1351 lianc
1202 1306 1313 1352 temen

219 1380 339 1454 liguram
364 1381 442 1448 ΧΙΙ,
472 1382 521 1439 10,
550 1382 585 1436 12
610 1392 639 1436 et
666 1381 701 1436 13
733 1380 790 1437 iam
819 1399 837 1436 a
860 1381 1038 1437 Buttrnanno
1066 1390 1203 1438 notatam
1230 1399 1312 1438 esse.

220 1464 351 1521 Eundem
381 1467 468 1521 etiam
500 1465 666 1540 negativam
697 1466 913 1540 copulationem
937 1469 1032 1540 (neque
1055 1499 1092 1508 -
1117 1471 1219 1540 ineante)
1246 1465 1309 1523 die·

218 1551 342 1606 solvisse
361 1537 538 1618 videbimu'm
562 1550 693 1624 reliquis,
717 1570 792 1625 quim
816 1552 881 1626 plus
905 1552 1013 1607 habant
1036 1551 1184 1615 licentiae,
1209 1551 1309 1610 absti-

219 1636 291 1691 nuit.
327 1636 462 1692 Poteram
487 1636 545 1692 alia
564 1637 731 1693 testimonia
749 1637 804 1711 ipsi
825 1636 941 1693 llandio
959 1645 1144 1710 extorquere.
1180 1634 1309 1718 [Livius

217 1739 335 1794 quoque
358 1721 400 1778 sie
417 1721 535 1796 scripsit
554 1723 690 1785 XXXII,
705 1723 731 1785 5,
746 1725 774 1792 t,
788 1723 941 1782 xxxltt.
956 1723 1004 1789 39,
1018 1725 1046 1789 4,
1060 1723 1175 1791 XLIV,
1191 1724 1246 1783 25.
1262 1716 1307 1803 3.]

306 1807 329 1862 Β
352 1807 556 1880 tpraeeedeute
580 1809 662 1880 ntorn).
692 1808 737 1864 De
757 1807 888 1866 Divinat.
905 1810 925 1877 Ι,
944 1810 999 1864 111
1020 1808 1157 1865 universe
1170 1808 1307 1882 Quintus

219 1890 323 1950 Cicero
346 1911 396 1949 eos
420 1904 638 1960 commemorat,
663 1893 713 1967 qui
736 1893 859 1950 seientia
882 1903 910 1949 et
933 1893 1066 1950 doctrina
1089 1892 1192 1951 futura
1215 1913 1306 1969 prae·

219 1977 351 2033 videant:
376 1978 480 2034 Horum
503 1988 564 2034 sinn
586 1981 701 2051 annana
723 1998 774 2034 non
797 1981 1017 2053 distrahamus,
1040 1980 1089 2035 aed
1111 1984 1228 2037 rationis
1253 1981 1305 2037 hn-

218 2083 321 2119 manae.
363 2064 454 2120 Addit
478 2064 628 2138 exempla:
651 2084 713 2120 annin
735 2075 765 2120 et
787 2075 912 2121 enatura
928 2068 1028 2138 fatiae
1048 2068 1250 2139 praesentiunt,
1277 2076 1306 2122 nt

215 2168 351 2222 aquaram
374 2152 504 2205 eltneiones
527 2160 550 2205 et
573 2152 789 2223 ‹letiapnntionenn
804 2152 931 2222 sectarunt
953 2152 1101 2224 aliqnando
1126 2153 1198 2207 caeli
1218 2160 1307 2225 atque

217 2244 359 2290 terruerim.
398 2236 493 2294 Unum
518 2235 572 2291 hoe
595 2246 640 2291 est
664 2235 851 2310 physicorum
868 2255 975 2310 genus;
999 2255 1045 2292 res
1064 2236 1149 2311 plura
1167 2236 1307 2311 postulat

219 2320 421 2395 promittitque
446 2321 589 2394 particula
611 2331 644 2380 et.
667 2321 713 2377 etri
738 2321 809 2377 hoec
832 2322 1023 2395 respondent:
1047 2323 1120 2377 Atii
1141 2333 1257 2379 aretem
1277 2326 1305 2379 in

219 2425 247 2460 re
265 2407 374 2479 petilian
397 2409 547 2473 enereitati,
578 2416 606 2461 nt
629 2408 662 2463 de
684 2407 840 2463 Atheniensi
861 2407 958 2464 Solone
979 2410 1143 2481 increpitans.
1174 2410 1306 2465 orientem

219 2493 385 2565 tyrannidem
409 2494 488 2547 nrnndto
510 2502 570 2547 erite
589 2494 765 2566 prospiciant.
812 2493 855 2548 De
879 2511 914 2549 eo
937 2493 1016 2558 loeo,
1045 2492 1094 2566 qui
1124 2492 1239 2569 legitur
1269 2493 1306 2550 de

219 2576 305 2635 Ostia.
331 2578 369 2641 ΙΙ,
394 2577 443 2642 33,
469 2576 539 2632 inire
565 2577 698 2634 Haudius
722 2576 852 2652 disputat
875 2598 902 2652 p.
917 2578 994 2643 509,
1018 2578 1047 2634 in
1071 2579 1155 2635 euius
1180 2597 1306 2635 enarre·

218 2662 299 2718 tione
322 2662 395 2718 nihil
419 2663 526 2738 agitet
549 2663 678 2736 diritque
694 2662 798 2720 Cicero
822 2683 962 2722 seorsurn.
985 2663 1061 2737 quod
1087 2664 1209 2721 minime
1228 2664 1305 2735 vult,

220 2748 392 2822 prudentiae
417 2768 468 2822 per
491 2766 521 2804 se
545 2748 598 2803 soli
623 2748 708 2804 tideus
733 2749 843 2804 haberi.
888 2750 922 2805 lu
947 2761 1046 2805 nostra
1069 2749 1193 2807 ratione.
1220 2760 1306 2825 post·

218 2851 305 2906 qnam
330 2834 440 2889 dietum
464 2844 522 2899 est,
546 2834 659 2889 duabus
682 2835 769 2891 rebus
792 2834 883 2901 eftiei,
915 2846 945 2892 ut
969 2835 1038 2891 fides
1062 2834 1222 2903 habeatur,
1250 2854 1305 2893 ex·

219 2919 368 2993 positurus
391 2918 510 2987 Cicero,
539 2920 609 2992 qnid
634 2931 756 2993 utraque
780 2920 925 2986 conferat,
954 2921 996 2976 sie
1018 2919 1137 2994 incipit:
1168 2921 1245 2977 nnn
1276 2932 1307 2979 et

219 3009 263 3061 iis
279 3007 363 3076 ²niden
382 3006 508 3060 habentne
525 3014 591 3072 cet„
615 3005 720 3060 deinde
738 3005 796 3061 alia
814 3004 908 3062 forma
920 3006 1062 3062 orationis
1074 3007 1171 3079 (lastis
1189 3017 1306 3064 cientem

216 3100 243 3146 et
258 3092 327 3162 ⁸fiilis
350 3091 499 3147 lnnnn'nibns
522 3093 591 3162 eet.)
615 3091 650 3146 de
675 3091 709 3146 iis
733 3091 839 3159 utitur,
863 3092 913 3164 qui
936 3091 1058 3148 alteram
1082 3091 1224 3149 virtutem
1251 3093 1307 3149 ha·

219 3175 315 3231 beant.
350 3177 452 3251 ''l'opia
466 3176 520 3231 93:
545 3176 633 3250 nltqne
656 3180 682 3231 in
705 3177 936 3233 deliberationibus
958 3185 1038 3233 etiarn
1055 3186 1078 3233 et
1097 3179 1307 3236 turnrlotionibne

219 3263 298 3317 iidenn
321 3265 436 3317 enisttmt
458 3272 554 3321 statne.
601 3261 756 3334 Quomodo
779 3262 833 3319 hoe
856 3264 922 3326 fiat,
953 3263 988 3319 de
1017 3262 1141 3337 siugulis
1170 3264 1306 3323 statibus

219 3347 397 3402 ostenditur:
422 3347 494 3403 nl'unn
517 3357 545 3404 et
568 3357 698 3420 nepantnr
720 3366 799 3422 saepe
822 3368 853 3404 en
869 3350 983 3421 satane,
1007 3367 1076 3422 qreoe
1098 3349 1133 3404 ab
1154 3351 1253 3423 oiiqno
1277 3355 1305 3406 in

217 3438 347 3489 renitentia
371 3435 442 3489 elicta
465 3443 527 3489 serint
542 3435 621 3505 sone,
645 3437 670 3488 a·
690 3442 738 3488 ant
760 3438 863 3490 narnatino
878 3436 944 3505 fieri
964 3453 1014 3489 rnen
1034 3443 1148 3508 possunt
1169 3445 1220 3491 ant
1243 3439 1307 3494 eine

219 3538 322 3573 ernnnnu
347 3520 505 3592 [difficultate
527 3540 578 3574 enon
597 3529 726 3592 posennt;
752 3523 778 3573 in
801 3539 856 3592 qna
878 3523 1102 3591 etnpntnnrenntatione
1125 3529 1214 3577 stritus
1236 3540 1306 3578 eore-

218 3606 354 3660 iernautis
384 3609 481 3660 emerit.
530 3604 612 3663 Unus
642 3604 688 3660 hie
721 3613 766 3660 est
795 3614 888 3661 status
923 3623 975 3660 nec
1003 3604 1111 3660 sultieit
1139 3605 1182 3673 ei,
1219 3606 1305 3680 quod

219 3688 349 3745 dixerat:
373 3693 451 3746 iidern
474 3699 585 3757 statius
599 3690 649 3745 sed
673 3700 785 3746 eeteros
808 3701 832 3746 et
855 3689 927 3746 illud
952 3690 1108 3764 protnittit3
1133 3690 1234 3764 itaque
1255 3711 1304 3749 se·

218 3775 332 3849 quitur:
356 3776 392 3831 At
414 3796 473 3832 enm
495 3776 602 3850 aliquid
623 3777 656 3831 de
680 3778 799 3839 anitiae,
824 3776 968 3844 benenate,
991 3783 1125 3849 (inquitate
1142 3777 1304 3847 nlr'ssenitnr,

218 3892 258 3901 -
271 3864 410 3916 innuerunt
432 3871 519 3917 statne
542 3872 589 3916 rint
611 3864 677 3916 iuris
700 3871 747 3917 arnt
770 3865 890 3918 intonante.
925 3858 1006 3941 [Non
1025 3873 1103 3917 reete
1121 3880 1217 3936 nuper
1236 3863 1304 3921 edi·

218 3955 279 4002 tum
309 3957 366 4003 est:
395 3957 442 4002 cinit
469 3943 551 4025 einana]
596 3948 659 4004 Iam
689 3946 775 4003 facile
800 3947 1023 4021 persuadebitur
1046 3947 1304 4022 intellegentibus,

217 4030 253 4087 de
268 4032 355 4107 Legg.
370 4033 409 4096 ΙΙ,
425 4032 473 4099 63,
498 4051 562 4089 eum
581 4032 685 4090 Cicero
709 4033 845 4088 universe
868 4036 1077 4107 sapientissimos
1099 4035 1187 4107 leptim
1209 4038 1304 4109 serip-

217 4126 286 4172 tores
309 4119 488 4193 appellasset
510 4130 539 4173 et
562 4118 705 4192 exemplis
730 4128 873 4185 uteretur,
898 4119 939 4175 sie
963 4119 1089 4193 positum
1113 4137 1193 4176 esse:
1224 4119 1304 4178 ilem

216 4213 246 4257 et
270 4205 389 4265 Athenin,
415 4214 445 4259 ut
468 4203 509 4267 ei,
535 4204 632 4260 uudtis
657 4204 837 4278 interpositis
860 4205 895 4260 de
920 4204 1145 4261 Atheniensium
1169 4205 1303 4282 legibue,

218 4289 392 4360 respoudeat
411 4289 566 4357 1100567:
591 4290 666 4346 liner
684 4294 765 4363 rpitnr
777 4292 950 4347 Athenienses
973 4293 1026 4355 teir
1049 4292 1098 4346 sed
1120 4293 1304 4351 rideamne

217 4374 394 4431 Platonem
423 4385 476 4431 eet.
528 4376 595 4433 Nou
625 4376 717 4432 dicam
750 4377 882 4452 pluribus
912 4378 947 4433 de
977 4377 1008 4434 ΙΙ
1037 4374 1120 4434 Orat.
1145 4378 1202 4446 483
1239 4388 1304 4437 tres
