3030 5086
440 504 483 550 nu
506 503 587 551 usn.
609 504 673 550 nm.
695 503 732 550 111
754 503 827 551 cnr.
849 505 923 554 r-s.
940 505 1074 567 (as-as.)
1231 484 1294 552 389

216 691 304 751 nam,
327 672 412 754 quod
433 671 589 737 laudabile
610 671 665 750 sit,
687 671 852 737 honestum
875 689 959 751 esse,
981 671 1169 738 conceditur.
1213 671 1295 737 lllud

216 780 320 840 autem
343 774 585 855 perabsurdum,
614 774 729 838 bonum
751 791 821 839 esse
842 773 976 854 aliqud,
1004 774 1088 855 quod
1110 791 1171 838 non
1200 790 1295 854 expe·

158 942 167 955 ,
216 877 344 942 tendum
366 875 415 954 sit,
437 880 494 939 aut
514 875 735 957 expetendum,
757 875 841 955 quod
864 893 925 939 non
946 875 1088 956 placens,
1110 880 1179 955 aut,
1201 873 1228 940 si
1249 873 1294 955 id,

216 996 279 1042 non
302 977 395 1042 etiam
413 975 616 1057 diligendum3
639 994 714 1057 ergo
732 982 764 1040 et
779 977 989 1058 probandum;
1010 976 1056 1041 ita
1072 976 1167 1042 etiam
1183 976 1294 1041 lauda·

216 1078 291 1158 bile;
320 1079 352 1143 id
374 1084 478 1143 autem
502 1078 675 1143 honestum.
720 1078 769 1142 Ita
790 1076 839 1157 fit,
861 1085 910 1156 ut,
933 1078 1019 1160 quod
1040 1077 1156 1144 bonum
1178 1077 1234 1158 sit,
1261 1075 1334 1144 id5

216 1181 311 1246 etiam
328 1181 493 1245 honestum
510 1179 560 1244 'sit
604 1179 654 1243 28.
677 1178 800 1245 Deinde
816 1197 944 1261 quaero,
966 1179 1037 1260 quis
1053 1186 1109 1245 aut
1125 1180 1164 1245 de
1180 1179 1295 1245 misera

216 1285 283 1348 vita
303 1281 406 1365 possit
425 1280 554 1362 gloriari
575 1268 632 1346 aut
654 1281 694 1347 de
716 1299 777 1345 non
800 1280 900 1346 beate.
933 1280 982 1347 De
999 1281 1065 1346 sola
1082 1280 1177 1362 igitur
1192 1278 1294 1345 beata

290 1507 309 1551 l.
329 1500 394 1565 quod
409 1499 528 1549 lunatum
546 1500 578 1549 sit
595 1499 716 1550 laudabile
735 1518 786 1551 esse
805 1501 925 1550 LPMCR
974 1507 996 1550 2.
1016 1502 1097 1552 bonum
1116 1500 1226 1565 ult'quod,
1245 1515 1294 1554 om.

217 1587 275 1631 esse,
294 1571 318 1620 E
362 1573 377 1616 8
404 1577 447 1618 out
464 1568 615 1633 repetendum
634 1584 683 1618 om.
703 1570 726 1618 E
767 1575 790 1617 t.
810 1587 856 1619 uon
875 1570 945 1618 etism
963 1587 1009 1619 noa
1027 1570 1048 1618 Ia
1083 1571 1118 1619 du
1136 1578 1158 1620 et
1174 1568 1296 1620 laudabile

217 1639 289 1757 {lgm
306 1637 392 1764 ezraii}
408 1646 485 1755 gruttam
506 1664 535 1674 -
555 1638 638 1686 meum
655 1637 687 1686 sit
704 1652 753 1689 om.
773 1638 796 1686 E
859 1642 880 1688 7.
906 1646 948 1687 aut
965 1637 994 1688 de
1012 1639 1082 1688 ὸιοω
1101 1639 1121 1690 C
1143 1646 1185 1688 eut
1203 1655 1249 1688 noa
1266 1637 1296 1689 ds

217 1897 354 1954 honestam
376 1894 487 1969 (priore
509 1894 588 1966 loco)
605 1891 698 1952 Gaius
721 1913 759 1951 ex
781 1895 918 1952 omnibus
937 1896 1012 1967 suis;
1036 1897 1125 1974 vulgo
1145 1896 1295 1954 inversum

217 1990 295 2049 erat3
324 1980 353 2036 in
382 1980 446 2036 cod.
471 1979 544 2035 Mor.
568 1980 704 2036 lurcdubite
726 1989 754 2036 et
778 1981 913 2037 loricatum
936 1981 999 2038 sine
1022 1982 1122 2039 verbo.
1167 1981 1244 2040 Mire
1266 1989 1296 2038 et

216 2065 293 2124 falso
317 2063 411 2123 Gaius
434 2073 548 2128 namet,
571 2064 601 2119 in
624 2064 685 2120 Erl.
709 2065 755 2122 bis
777 2065 880 2123 abesse
903 2067 1000 2140 omne.)
1045 2067 1117 2125 Mox
1139 2067 1246 2124 verba:
1267 2069 1296 2124 iu

217 2171 246 2210 eo
267 2152 342 2208 vides
364 2152 393 2225 (χ
414 2151 490 2218 inde,
515 2143 558 2218 Εξ
579 2151 649 2222 om.)
671 2169 728 2206 ease
749 2152 901 2207 conclusum
923 2151 1104 2227 significant,
1132 2152 1163 2209 in
1191 2171 1226 2209 eo
1249 2170 1295 2209 sr-

216 2235 349 2314 gumenti
372 2233 589 2291 conclusionem
614 2234 792 2304 constitisse,
815 2235 871 2293 hoo
892 2236 1032 2294 tenuisse.
1064 2238 1137 2311 (Hoc
1159 2246 1227 2313 post
1248 2256 1294 2294 au·

218 2329 285 2381 tiene
306 2339 363 2377 om.
376 2319 439 2379 eod,
454 2320 542 2392 Mor.)
565 2315 629 2398 [Ee
644 2322 678 2376 iio
700 2338 754 2394 pro
771 2339 805 2376 ea
822 2320 863 2378 bis
881 2338 947 2377 cum
960 2321 1082 2379 Baitero
1098 2316 1296 2401 scripsimus]
1383 2345 1385 2351 ·

303 2405 439 2462 laudabile
460 2407 504 2474 sit,
528 2405 664 2461 honestum
686 2402 756 2482 esse)
776 2405 888 2462 Verum
911 2405 1043 2463 ordinem
1067 2416 1097 2463 et
1119 2405 1295 2463 sententiam

217 2491 348 2550 restituit
364 2489 541 2558 Lambinus,
564 2489 737 2547 confirmant
756 2489 821 2547 Pal
839 2493 865 2559 l,
884 2490 960 2547 Mor.
962 2490 1062 2566 ,Spin
1076 2487 1142 2570 [B],
1166 2490 1296 2562 Gud.1;

218 2572 658 2649 eeter1(DatOxx.,Gzieni)
676 2584 709 2631 ut
731 2574 823 2632 nostri
847 2533 1017 2634 rieteriores.
1052 2576 1147 2634 Panlo
1154 2584 1247 2668 po,st
1270 2574 1297 2632 si

217 2661 395 2720 Plutarchus
408 2658 567 2734 Chrysippi
585 2660 676 2716 verba
699 2660 785 2755 plene
807 2659 923 2717 rettulit
945 2645 1105 2731 (τοιούτοις
1126 2645 1225 2757 λόγοις
1246 2653 1294 2717 κε’-

217 2750 344 2821 χρηται),
365 2744 495 2803 Cicero
487 2755 564 2800 rnter
585 2734 620 2800 τὸ
638 2732 765 2815 ἀρεστόν
783 2745 921 2820 (placens)
939 2753 969 2802 et
984 2761 1019 2800 το
1037 2735 1189 2801 ἐπαινετόν
1204 2744 1296 2802 inter·

218 2830 316 2929 posuit
346 2831 403 2887 duo
425 2830 550 2904 gradm
580 2829 744 2902 clitipeudum
771 2841 801 2886 et
819 2831 1008 2926 probandum,
1035 2828 1086 2886 sed
1113 2829 1177 2885 sins
1205 2829 1296 2888 dubio
1403 2872 1408 2879 .

217 2915 275 2972 iam
299 2915 408 2975 Graeci
432 2915 504 2971 haee
526 2913 714 2970 variaverunt
732 2901 872 2988 (ipaouo's
895 2922 925 2971 et
948 2897 1111 2970 ἀπόδεκτον
1133 2913 1196 2970 sire
1202 2911 1296 2971 δοκι-

218 2987 355 3074 μαστόν).
399 2999 514 3057 Nam
505 3018 535 3055 in
559 3000 649 3055 Tusc.
673 2997 819 3055 omittitur
836 3001 963 3074 placeam
991 2999 1154 3070 diripentium
1176 3000 1296 3073 (pratum

217 3095 407 3160 acceptumque
429 3085 590 3158 labendum)
614 3094 642 3140 et
661 3084 831 3158 probandum
855 3084 987 3141 ordinem
1012 3091 1140 3153 mutant;
1163 3082 1295 3140 additur.

217 3188 280 3242 erpo
302 3173 380 3227 etium
402 3171 520 3243 clipnitus
549 3173 573 3226 ei
594 3170 734 3226 tribuenda
756 3177 804 3226 est.
850 3170 938 3238 (Tres
960 3166 1030 3226 Gaii
1052 3166 1135 3224 codd.
1158 3167 1296 3225 dicuntur

217 3254 343 3311 habere:
365 3259 443 3312 etium
466 3274 518 3311 uon
540 3255 724 3327 (lilipendum.)
758 3249 910 3332 [Baiterus
932 3254 961 3310 in
986 3253 1057 3311 edit.
1082 3253 1210 3311 minore:
1232 3272 1296 3329 erpo

218 3342 296 3396 etium
315 3340 502 3415 probandum
525 3348 553 3395 et
576 3339 651 3396 solet
673 3338 715 3395 sic
738 3334 869 3418 Cicero]

305 3425 355 3481 28.
378 3435 425 3481 aut
447 3427 481 3482 de
502 3444 553 3480 uon
572 3421 663 3498 beuta)
687 3422 773 3496 Quod
790 3423 947 3480 edebatur:
970 3431 1086 3478 autnon
1104 3423 1138 3479 de
1155 3423 1242 3494 beatu,
1264 3421 1294 3479 id
1310 3467 1313 3474 .

206 3528 305 3582 ,unam
319 3510 394 3567 hane
406 3510 495 3566 habet
512 3508 704 3566 sententiam:
721 3517 770 3564 uut
780 3511 842 3582 quis
852 3513 941 3584 possit
956 3526 1007 3564 non
1023 3509 1140 3581 ploriun'
1154 3509 1189 3564 de
1199 3508 1297 3565 beaw

218 3611 395 3669 quamquam
418 3594 512 3668 repeti
535 3595 656 3650 verbum
681 3592 791 3651 debuit.
826 3593 920 3667 Atqui
943 3591 973 3649 id
992 3590 1130 3650 hocloco
1148 3591 1218 3666 poni
1235 3610 1294 3649 non

218 3679 329 3755 potuit,
363 3680 440 3755 quod
470 3687 574 3754 postea
602 3678 718 3735 demum
748 3696 785 3734 ex
813 3678 859 3734 lris
886 3677 1086 3746 concluditur,
1118 3675 1295 3752 gloriatione

218 3764 336 3841 dignam
360 3783 423 3821 esse
447 3765 562 3820 beatam
585 3763 686 3820 vitam.
720 3763 759 3819 Et
781 3762 966 3837 apertissime
988 3762 1027 3829 id,
1051 3761 1128 3835 quod
1147 3760 1295 3835 seqnitur:

218 3849 264 3907 De
290 3853 348 3906 solu
375 3853 457 3922 tpitur
484 3850 576 3917 beatu,
604 3847 747 3918 ostendit,
775 3858 844 3904 ante
872 3866 891 3903 a
912 3845 1087 3923 gloriatione
1116 3845 1159 3903 ita
1180 3844 1296 3920 reliqna

217 3953 327 4010 genera
349 3934 428 3991 vitae
450 3942 564 3991 remota
586 3951 660 4002 esse,
684 3940 716 3989 ut
738 3932 794 3988 hoe
816 3951 905 3988 rrnum
930 3931 1068 4006 supersit.
1103 3931 1177 3987 Erat
1195 3940 1294 3988 autem

218 4020 280 4076 vita
302 4027 351 4076 aut
375 4023 473 4077 misera
495 4027 546 4076 aut
567 4038 618 4075 non
641 4019 718 4074 beatu
741 4018 807 4088 (nec
824 4018 912 4074 beata
931 4035 985 4073 neo
1002 4016 1122 4087 misera)
1139 4026 1191 4072 eut
1208 4016 1294 4074 beuta

218 4106 323 4179 Itaque
341 4104 508 4162 necessario
530 4105 573 4161 ita
589 4102 775 4160 scribendum
788 4118 862 4172 esse,
885 4111 918 4158 ut
934 4101 1001 4173 ieci,
1024 4100 1150 4175 perspici
1168 4109 1295 4176 poterat,

219 4190 333 4247 etiamsi
357 4209 414 4247 non
438 4189 633 4246 certissimum
657 4187 856 4244 testimonium
879 4187 995 4243 adesset
1018 4185 1075 4242 loci
1094 4185 1204 4261 gemini
1222 4185 1294 4243 inv

219 4276 306 4333 Tuso.
319 4276 376 4332 49:
393 4275 451 4332 Nec
467 4279 494 4332 in
511 4277 609 4331 misera
625 4277 680 4330 otta
696 4274 846 4347 quidquam
862 4281 902 4328 est
912 4270 1097 4346 praedicabile
1113 4281 1162 4328 uut
1175 4273 1296 4345 plorimi-

219 4362 283 4418 dum
300 4379 347 4418 nee
362 4363 389 4417 s'n
406 4380 447 4430 ea,
464 4379 535 4435 qaue
550 4378 597 4417 nec
613 4362 710 4416 mismo
727 4361 763 4414 sit
778 4376 825 4414 nec
842 4357 920 4415 lauta
931 4355 973 4431 (id
991 4364 1036 4413 est
1052 4356 1108 4413 hoc
1124 4355 1206 4414 loco:
1227 4354 1296 4425 Quia

219 4455 267 4503 aut
293 4448 327 4504 de
353 4448 451 4503 misera
483 4455 531 4502 aaut
563 4446 597 4502 de
623 4463 676 4501 non
703 4443 782 4500 beuta
812 4443 929 4516 ploriurs‘
954 4443 1082 4517 pocati).
1134 4441 1176 4498 Et
1201 4449 1242 4499 est
1267 4445 1295 4499 iu
1384 4496 1388 4503 .
