3030 5086
646 470 822 519 nxounsus
845 471 865 516 1.
1232 452 1296 519 789

217 647 255 703 At
277 656 301 703 et
323 655 392 714 cet,
421 644 488 714 sed,
511 643 609 719 priore
632 642 783 713 absoluto,
812 661 877 700 cum
900 642 984 718 sequi
1006 642 1142 700 deberet:
1169 652 1208 708 et,
1236 661 1295 700 ciem

217 735 322 789 animas
344 733 502 788 medicinam
523 732 643 805 corporis
665 732 800 800 inuenerit,
823 730 875 786 sibi
895 747 1001 803 quoque
1023 729 1124 786 mederi
1134 747 1218 804 posse
1233 747 1315 786 com·

217 827 369 875 aentaneam
385 827 433 887 eat,
457 835 509 891 pro
527 833 562 872 eo
579 814 732 872 substituit
748 814 817 872 hoc:
845 813 900 882 Qui
914 833 976 871 vero
988 814 1104 890 probari
1113 823 1203 890 potest
1220 822 1295 871 cett

219 903 264 960 De
284 902 367 961 Orat.
387 903 427 970 II,
447 902 502 957 98:
524 902 599 975 quod
619 911 644 956 et
665 904 692 957 in
714 902 787 958 vobis
809 901 988 957 animadverti
1008 909 1078 957 recte
1095 908 1199 975 potest3
1227 898 1295 956 huic

217 988 375 1065 respondet
399 987 486 1045 illud:
509 985 604 1060 Neque
626 1004 687 1042 uero
701 996 795 1042 uester
816 987 938 1060 aequalis
960 984 1041 1042 Casto
1063 994 1117 1042 cet.
1152 985 1197 1041 De
1210 984 1295 1041 Divi·

219 1075 326 1138 nat.1,
354 1075 411 1130 114
436 1082 591 1147 postquam
615 1069 652 1144 Q.
676 1069 781 1129 Cicero
804 1069 896 1138 dixit,
927 1069 1047 1128 concedi
1069 1087 1088 1127 a
1109 1069 1295 1145 quibusdam,

218 1169 251 1216 ut
269 1158 372 1216 saltem
392 1158 450 1215 duo
468 1157 527 1215 siut
543 1175 652 1232 genera
670 1155 869 1225 divinationis,
888 1155 1114 1213 vaticinationes
1131 1155 1295 1225 etsomnia,

219 1245 260 1302 sic
284 1244 410 1301 orditur:
433 1244 512 1318 Erpa
533 1253 558 1298 et
580 1244 611 1311 ii,
635 1261 748 1316 quoram
770 1244 855 1298 animi
874 1251 945 1310 cet,
969 1240 1062 1298 multa
1085 1240 1190 1298 deinde
1213 1241 1295 1297 addit

219 1330 254 1386 de
277 1330 323 1398 iis,
347 1347 470 1404 quorum
493 1336 641 1384 commota
663 1344 745 1384 mens
768 1326 953 1396 vaticinetur,
977 1336 1038 1382 tum
1058 1327 1148 1397 §115
1167 1325 1295 1401 priorem

219 1424 332 1490 partem
361 1413 489 1472 absolvit
517 1422 547 1469 et
574 1410 611 1469 ad
640 1412 778 1484 alteram,
810 1430 885 1487 quae
913 1412 943 1468 in
971 1412 1093 1471 somniis
1122 1411 1219 1487 posita
1240 1420 1295 1482 est,

220 1500 339 1557 transit:
368 1500 459 1574 Atque
486 1499 551 1555 baec
578 1499 686 1572 quidem
713 1507 803 1555 vatum
826 1502 969 1566 reticeat,
998 1516 1044 1575 aec
1072 1499 1211 1554 dissimilis
1232 1515 1297 1554 sane

219 1590 389 1645 somniorum.
439 1583 502 1642 Ibd.
530 1583 588 1640 126
623 1591 780 1659 postquam
808 1582 844 1640 de
871 1581 926 1641 fati
955 1582 1076 1640 notione
1104 1583 1212 1639 dictum
1241 1592 1295 1652 est,

219 1672 316 1747 pergit
335 1669 477 1744 Quintus:
500 1670 546 1726 Ita
561 1670 613 1741 fit,
637 1679 666 1726 ut
687 1679 718 1726 et
739 1669 979 1726 observatione
1000 1671 1090 1726 notari
1106 1671 1203 1744 possit,
1227 1686 1297 1742 qaae

220 1776 263 1813 res
296 1775 431 1831 quamque
468 1773 578 1813 causam
612 1755 773 1829 pleramque
810 1763 990 1828 consequatur
1021 1763 1077 1812 cet.
1134 1752 1227 1810 Plane
1265 1753 1295 1809 in

220 1841 276 1899 hoc
298 1841 363 1899 loco
386 1840 582 1898 calumniatur
601 1839 736 1897 Handius
755 1859 782 1914 p.
797 1839 873 1908 5183
895 1838 966 1914 quid
989 1839 1066 1896 enim
1090 1838 1296 1896 observatione

219 1934 347 1997 notetur,
370 1936 504 2003 apertum
528 1933 588 1994 est;
611 1925 662 1981 sed
680 1926 812 2000 ineptum
835 1935 881 1983 est
896 1927 983 1993 edam,
1006 1942 1072 1982 curu
1095 1923 1168 1980 nihil
1186 1923 1297 1981 adicia-

221 2021 281 2086 tur3
315 2022 419 2069 contra
451 2021 530 2069 recte
559 2010 668 2085 duplex
696 2028 788 2087 genus
816 2010 1007 2082 divinationis
1035 2029 1051 2066 e
1078 2007 1141 2067 fato
1170 2009 1295 2080 ducitur,

219 2098 344 2154 alterum
363 2096 579 2155 observationis
595 2106 625 2153 et
642 2096 723 2164 artis,
741 2095 866 2154 alterum
884 2086 1027 2168 naturale,
1047 2094 1156 2152 furoris
1174 2103 1204 2151 et
1222 2113 1298 2152 som·

154 2230 162 2237 .
220 2184 351 2251 niorum;
379 2184 479 2257 itaque
506 2183 596 2257 (quod
624 2181 688 2255 ipse
719 2199 912 2255 exposueram
936 2181 966 2238 in
990 2179 1129 2240 Seebodii
1152 2179 1298 2237 tabulario

220 2288 246 2325 a.
263 2269 342 2326 1829
356 2287 384 2326 u.
401 2269 453 2342 34)
472 2266 634 2344 particulae
651 2277 676 2323 et
692 2274 771 2324 recte
784 2264 905 2325 Giesius
923 2266 998 2323 vidit
1013 2265 1193 2341 respondere
1212 2265 1298 2322 baec:

219 2356 379 2428 eaedemque
400 2373 499 2410 causas
520 2355 577 2409 veri
597 2354 683 2409 simile
704 2364 744 2410 est
761 2370 851 2409 reram
866 2355 1030 2426 suturarum
1046 2354 1120 2409 cerni
1133 2351 1169 2407 ab
1186 2353 1228 2421 iis,
1252 2355 1301 2425 qai

220 2448 267 2496 aut
285 2458 338 2514 per
352 2442 477 2513 furorem
505 2457 552 2495 eas
579 2448 626 2494 aut
654 2441 681 2493 in
710 2439 796 2512 quiete
824 2439 939 2495 uideant.
984 2437 1052 2494 Non
1077 2436 1172 2493 minus
1195 2445 1299 2511 aperta

218 2524 366 2581 calumnia
384 2523 519 2580 Handius
542 2523 635 2580 utitur
657 2522 686 2579 in
710 2521 797 2580 huius
820 2523 918 2599 operis
942 2522 977 2578 de
1000 2521 1107 2578 fluibus
1131 2521 1197 2578 libr.
1210 2520 1235 2592 I,
1249 2523 1298 2590 40,

219 2609 255 2667 de
272 2629 330 2684 quo
342 2609 456 2680 (eadem
475 2613 555 2686 pag.)
573 2609 615 2665 sic
633 2608 773 2682 loquitur,
798 2616 947 2684 tamquam
967 2625 1021 2665 nos
1038 2606 1179 2676 dicamus,
1202 2624 1299 2683 gram·

220 2696 325 2752 rustice
348 2694 481 2770 copulari
504 2694 679 2770 particulam
702 2704 727 2751 et
749 2711 856 2769 eaque,
886 2711 962 2768 quae
991 2711 1044 2768 pro
1067 2692 1161 2749 altero
1184 2703 1208 2749 et
1231 2693 1299 2749 sub·

220 2780 394 2849 stituantur,
418 2797 453 2836 ac
475 2798 547 2848 non,
571 2780 644 2836 haec
666 2779 753 2836 aliam
777 2779 886 2836 habers
910 2777 1052 2836 orationis
1073 2777 1214 2845 formam,
1242 2778 1299 2852 ipsi

219 2864 386 2922 doceamus.
431 2865 535 2938 ltaque
558 2882 628 2921 saue
652 2883 687 2920 ea
709 2875 754 2922 est
777 2863 937 2929 sententia,
966 2881 1042 2938 quae
1064 2862 1237 2936 requiritur,
1268 2863 1299 2920 in

221 2949 273 3007 tali
296 2949 423 3007 homine.
448 2950 544 3024 qualis
567 2949 731 3024 descriptus
748 2947 796 3015 sit,
820 2950 919 3006 omnia
937 2967 1010 3019 esse,
1033 2966 1109 3022 quae
1128 2948 1164 3004 ad
1183 2948 1298 3005 beatam

221 3035 311 3093 vitam
330 3034 507 3110 pertineant,
530 3045 559 3091 ct
577 3034 744 3092 firmitatem
762 3034 862 3106 animi,
887 3053 940 3091 nec
957 3040 1080 3091 inertem
1098 3051 1151 3089 nec
1167 3032 1299 3091 dolorem

221 3120 365 3190 timentis,
397 3129 427 3176 et
450 3129 576 3177 mentem
600 3119 681 3176 nullo
705 3121 826 3177 deorum
850 3120 971 3177 horrore
995 3118 1158 3194 perculsam
1188 3128 1217 3174 et
1239 3138 1299 3175 me-

220 3207 342 3264 moriam
366 3206 550 3281 voluptatum
575 3205 811 3281 praeteritarum.
857 3206 903 3262 Ne
927 3205 988 3262 ulla
1009 3203 1193 3279 relinquatur
1215 3203 1299 3260 dubi·

220 3291 301 3354 tatio,
325 3301 358 3347 ut
380 3291 427 3348 hic
450 3311 504 3367 pro
527 3291 621 3349 altero
640 3301 665 3348 et
681 3291 840 3348 subicitur:
863 3292 911 3348 Ad
927 3311 959 3348 ea
975 3309 1035 3347 cum
1050 3291 1161 3359 accedit,
1185 3289 1227 3346 sic
1250 3290 1298 3346 IlI

219 3376 345 3435 deOrat.
355 3378 393 3433 65
407 3386 436 3433 et
445 3378 482 3433 66
498 3396 550 3452 pro
562 3377 656 3433 altero
669 3379 709 3433 cel
720 3376 921 3434 substituitur:
939 3377 1059 3447 Accedit,
1071 3375 1145 3450 quod
1156 3384 1210 3431 cet.
1218 3375 1297 3448 (IV).

220 3463 337 3520 Partitt.
351 3461 446 3521 Oratt.
460 3463 500 3520 50
524 3481 589 3519 curn
607 3462 733 3519 dixisset
751 3461 869 3521 Cicero:
893 3462 981 3538 Saepe
1002 3464 1081 3518 etiam
1099 3461 1298 3536 quaestiouibus

219 3550 394 3605 resistendum
418 3558 464 3613 est,
488 3567 592 3605 catrsas
615 3548 657 3605 ita
679 3547 826 3624 adiungit,
852 3556 885 3604 ut
908 3567 965 3604 nou
989 3565 1048 3604 uno
1072 3546 1157 3603 modo
1181 3564 1231 3603 eas
1253 3546 1296 3603 in-

219 3634 329 3690 firmari
353 3634 444 3690 dicat:
473 3636 547 3708 qnod
568 3644 597 3690 et
620 3635 735 3690 dolorem
751 3636 887 3708 suqientes
909 3635 986 3690 multi
1006 3635 1034 3688 iu
1055 3634 1189 3688 tormentis
1211 3651 1296 3689 emen·

219 3723 261 3776 titi
278 3739 409 3796 persaepe
431 3722 485 3775 sint
506 3723 626 3793 morique
642 3722 785 3776 maluerint
794 3721 901 3792 fabam
918 3720 1034 3793 fatendo
1056 3737 1138 3792 quam
1157 3718 1297 3791 infitiando

219 3806 324 3871 dolere‚·
347 3807 413 3861 mul
419 3807 445 3860 ti
465 3808 565 3861 etiam
581 3824 658 3862 auam
675 3808 756 3861 vitam
773 3807 935 3878 neqlececint
951 3812 1006 3861 cet.
1022 3836 1062 3845 -
1074 3805 1123 3859 alii
1138 3813 1226 3859 satem
1238 3813 1296 3861 cet.

218 3891 254 3947 In
271 3891 373 3949 Pison.
389 3890 428 3946 83
447 3889 562 3964 (Notata
584 3910 601 3947 a
624 3891 697 3947 nobie
719 3900 781 3946 aaut
803 3900 827 3946 et
845 3893 937 3964 prima
955 3890 1119 3946 illascelera
1136 3890 1163 3944 iu
1180 3889 1297 3945 adventu

218 3977 287 4050 cot.)
309 3976 441 4051 ineptum
465 3986 508 4033 est
531 3985 564 4039 et,
588 3976 612 4032 si
637 3995 689 4050 pro
711 3980 791 4033 etiam
813 3975 971 4050 accipitur3
994 3973 1070 4031 dixit
1087 3973 1166 4030 enim
1180 3972 1296 4041 Cicero,

181 4135 191 4144 α
219 4061 275 4118 sibi
306 4071 335 4118 et
363 4060 468 4118 ceteris
497 4061 681 4118 senatoribus
710 4080 767 4117 non
796 4061 912 4138 ignotas
940 4078 1004 4117 esse
1032 4059 1151 4117 Pisonis
1180 4059 1296 4136 imperii

218 4147 315 4215 labcs;
339 4148 376 4203 ad
399 4165 449 4203 eas
473 4165 529 4204 non
556 4146 667 4220 aliquid
693 4146 790 4216 addit,
814 4145 865 4203 sed
888 4146 968 4221 ipsas
991 4144 1033 4203 sic
1056 4162 1227 4202 enumerare
1252 4145 1296 4201 in·

219 4233 299 4308 cipit,
323 4242 355 4288 ut
378 4241 408 4289 at
429 4233 573 4290 adventus
596 4231 708 4289 scelera
730 4243 758 4288 et
777 4231 942 4307 posteriora
963 4249 994 4288 se
1017 4231 1295 4306 comprehensurum

218 4318 368 4386 ostendat;
392 4318 495 4375 sedin
519 4317 621 4393 primis
644 4317 703 4374 illis
725 4317 859 4374 nonnihil
882 4317 1040 4393 digressus,
1063 4315 1105 4373 sic
1122 4315 1160 4373 ad
1178 4334 1296 4372 enume-

218 4404 361 4462 rationem
385 4403 461 4461 redit
484 4405 572 4474 §842
597 4404 724 4477 ldemqae
745 4414 774 4460 tu
799 4403 978 4461 Rabocentum
999 4410 1056 4461 cet.
1100 4401 1178 4460 'sum
1198 4411 1296 4459 cetera
