<?xml version="1.0" encoding="UTF-8"?>
<!DOCTYPE html PUBLIC "-//W3C//DTD XHTML 1.0 Transitional//EN"
    "http://www.w3.org/TR/xhtml1/DTD/xhtml1-transitional.dtd">
<html xmlns="http://www.w3.org/1999/xhtml" xml:lang="en" lang="en">
 <head>
  <title>
</title>
<meta http-equiv="Content-Type" content="text/html;charset=utf-8" />
  <meta name='ocr-system' content='tesseract 3.04.00' />
  <meta name='ocr-capabilities' content='ocr_page ocr_carea ocr_par ocr_line ocrx_word'/>
</head>
<body>
  <div class='ocr_page' id='page_1' title='image "./mtulliiciceroni35cicegoog_0122.png"; bbox 0 0 3030 5086; ppageno 0'>
   <div class='ocr_carea' id='block_1_1' title="bbox 498 385 1297 467">
    <p class='ocr_par' dir='ltr' id='par_1_1' title="bbox 498 385 1297 467">
     <span class='ocr_line' id='line_1_1' title="bbox 498 385 1297 467; baseline 0 -19"><span class='ocrx_word' id='word_1_1' title='bbox 498 401 542 449; x_wconf 84' lang='lat' dir='ltr'>ar</span> <span class='ocrx_word' id='word_1_2' title='bbox 564 399 645 448; x_wconf 79' lang='lat' dir='ltr'>nan.</span> <span class='ocrx_word' id='word_1_3' title='bbox 669 402 732 448; x_wconf 82' lang='lat' dir='ltr'>nra.</span> <span class='ocrx_word' id='word_1_4' title='bbox 755 403 767 449; x_wconf 91' lang='lat' dir='ltr'>r</span> <span class='ocrx_word' id='word_1_5' title='bbox 788 404 860 450; x_wconf 77' lang='lat' dir='ltr'>car.</span> <span class='ocrx_word' id='word_1_6' title='bbox 884 408 903 453; x_wconf 84' lang='grc' dir='ltr'>ι.</span> <span class='ocrx_word' id='word_1_7' title='bbox 920 404 1019 467; x_wconf 82' lang='lat' dir='ltr'>(r-a.)</span> <span class='ocrx_word' id='word_1_8' title='bbox 1280 385 1297 448; x_wconf 85' lang='lat'>7</span> 
     </span>
    </p>
   </div>
   <div class='ocr_carea' id='block_1_2' title="bbox 215 569 1365 1772">
    <p class='ocr_par' dir='ltr' id='par_1_2' title="bbox 215 569 1365 1772">
     <span class='ocr_line' id='line_1_2' title="bbox 215 569 1299 652; baseline 0.001 -17"><span class='ocrx_word' id='word_1_9' title='bbox 215 569 377 649; x_wconf 91' lang='lat' dir='ltr'>hendunt,</span> <span class='ocrx_word' id='word_1_10' title='bbox 404 571 432 636; x_wconf 91' lang='lat' dir='ltr'>si</span> <span class='ocrx_word' id='word_1_11' title='bbox 452 569 613 636; x_wconf 90' lang='lat' dir='ltr'>remissius</span> <span class='ocrx_word' id='word_1_12' title='bbox 635 579 763 651; x_wconf 80' lang='lat' dir='ltr'>agatur,</span> <span class='ocrx_word' id='word_1_13' title='bbox 791 572 848 637; x_wconf 93' lang='lat' dir='ltr'>sed</span> <span class='ocrx_word' id='word_1_14' title='bbox 870 583 992 636; x_wconf 90' lang='lat' dir='ltr'>tantum</span> <span class='ocrx_word' id='word_1_15' title='bbox 1015 572 1151 636; x_wconf 88' lang='lat' dir='ltr'>studium</span> <span class='ocrx_word' id='word_1_16' title='bbox 1173 577 1299 652; x_wconf 88' lang='lat' dir='ltr'>tamque</span> 
     </span>
     <span class='ocr_line' id='line_1_3' title="bbox 217 665 1301 755; baseline 0.001 -18"><span class='ocrx_word' id='word_1_17' title='bbox 217 672 352 738; x_wconf 89' lang='lat' dir='ltr'>multam</span> <span class='ocrx_word' id='word_1_18' title='bbox 374 691 502 754; x_wconf 88' lang='lat' dir='ltr'>operam</span> <span class='ocrx_word' id='word_1_19' title='bbox 529 673 704 755; x_wconf 87' lang='lat' dir='ltr'>ponendam</span> <span class='ocrx_word' id='word_1_20' title='bbox 731 673 764 737; x_wconf 92' lang='lat' dir='ltr'>in</span> <span class='ocrx_word' id='word_1_21' title='bbox 789 665 828 738; x_wconf 78' lang='lat' dir='ltr'>&#39;eo</span> <span class='ocrx_word' id='word_1_22' title='bbox 856 693 918 738; x_wconf 94' lang='lat' dir='ltr'>non</span> <span class='ocrx_word' id='word_1_23' title='bbox 946 672 1151 739; x_wconf 83' lang='lat' dir='ltr'><strong>arbitrantur.</strong></span> <span class='ocrx_word' id='word_1_24' title='bbox 1198 673 1301 738; x_wconf 86' lang='lat' dir='ltr'>Erunt</span> 
     </span>
     <span class='ocr_line' id='line_1_4' title="bbox 218 773 1298 856; baseline 0 -16"><span class='ocrx_word' id='word_1_25' title='bbox 218 775 333 853; x_wconf 89' lang='lat' dir='ltr'>etiam,</span> <span class='ocrx_word' id='word_1_26' title='bbox 363 781 395 841; x_wconf 92' lang='lat' dir='ltr'>et</span> <span class='ocrx_word' id='word_1_27' title='bbox 415 774 448 839; x_wconf 92' lang='lat' dir='ltr'>hi</span> <span class='ocrx_word' id='word_1_28' title='bbox 475 775 601 856; x_wconf 89' lang='lat' dir='ltr'>quidem</span> <span class='ocrx_word' id='word_1_29' title='bbox 624 773 738 840; x_wconf 91' lang='lat' dir='ltr'>eruditi</span> <span class='ocrx_word' id='word_1_30' title='bbox 760 773 889 841; x_wconf 85' lang='lat' dir='ltr'>Graecis</span> <span class='ocrx_word' id='word_1_31' title='bbox 911 774 1037 853; x_wconf 86' lang='lat' dir='ltr'>litteris,</span> <span class='ocrx_word' id='word_1_32' title='bbox 1066 781 1298 841; x_wconf 78' lang='lat' dir='ltr'>contemnentes</span> 
     </span>
     <span class='ocr_line' id='line_1_5' title="bbox 219 874 1298 959; baseline 0.001 -18"><span class='ocrx_word' id='word_1_33' title='bbox 219 877 368 956; x_wconf 84' lang='lat' dir='ltr'>latinas,</span> <span class='ocrx_word' id='word_1_34' title='bbox 397 876 450 957; x_wconf 81' lang='lat' dir='ltr'>qtti</span> <span class='ocrx_word' id='word_1_35' title='bbox 476 895 512 942; x_wconf 85' lang='lat' dir='ltr'>se</span> <span class='ocrx_word' id='word_1_36' title='bbox 539 876 646 941; x_wconf 89' lang='lat' dir='ltr'>dicant</span> <span class='ocrx_word' id='word_1_37' title='bbox 671 877 704 940; x_wconf 92' lang='lat' dir='ltr'>in</span> <span class='ocrx_word' id='word_1_38' title='bbox 727 874 857 941; x_wconf 80' lang='lat' dir='ltr'>Graecis</span> <span class='ocrx_word' id='word_1_39' title='bbox 884 876 1025 959; x_wconf 91' lang='lat' dir='ltr'>legendis</span> <span class='ocrx_word' id='word_1_40' title='bbox 1052 894 1179 957; x_wconf 88' lang='lat' dir='ltr'>operam</span> <span class='ocrx_word' id='word_1_41' title='bbox 1206 877 1298 942; x_wconf 89' lang='lat' dir='ltr'>malle</span> 
     </span>
     <span class='ocr_line' id='line_1_6' title="bbox 219 977 1342 1060; baseline 0.001 -16"><span class='ocrx_word' id='word_1_42' title='bbox 219 996 415 1044; x_wconf 80' lang='lat' dir='ltr'>consumere</span> <span class='ocrx_word' id='word_1_43' title='bbox 469 977 633 1043; x_wconf 90' lang='lat' dir='ltr'>Postremo</span> <span class='ocrx_word' id='word_1_44' title='bbox 663 977 784 1058; x_wconf 88' lang='lat' dir='ltr'>aliquos</span> <span class='ocrx_word' id='word_1_45' title='bbox 816 977 940 1043; x_wconf 86' lang='lat' dir='ltr'>futuros</span> <span class='ocrx_word' id='word_1_46' title='bbox 974 978 1129 1059; x_wconf 86' lang='lat' dir='ltr'>suspicor,</span> <span class='ocrx_word' id='word_1_47' title='bbox 1164 979 1218 1060; x_wconf 93' lang='lat' dir='ltr'>qui</span> <span class='ocrx_word' id='word_1_48' title='bbox 1250 981 1342 1046; x_wconf 82' lang='lat' dir='ltr'>mei&gt;</span> 
     </span>
     <span class='ocr_line' id='line_1_7' title="bbox 220 1079 1299 1161; baseline 0 -17"><span class='ocrx_word' id='word_1_49' title='bbox 220 1081 266 1145; x_wconf 88' lang='lat' dir='ltr'>ad</span> <span class='ocrx_word' id='word_1_50' title='bbox 282 1081 361 1146; x_wconf 89' lang='lat' dir='ltr'>alias</span> <span class='ocrx_word' id='word_1_51' title='bbox 376 1080 499 1145; x_wconf 76' lang='lat' dir='ltr'>litteras</span> <span class='ocrx_word' id='word_1_52' title='bbox 516 1084 636 1158; x_wconf 75' lang='lat' dir='ltr'>vocent,</span> <span class='ocrx_word' id='word_1_53' title='bbox 657 1098 755 1161; x_wconf 90' lang='lat' dir='ltr'>genus</span> <span class='ocrx_word' id='word_1_54' title='bbox 772 1079 831 1145; x_wconf 87' lang='lat' dir='ltr'>hoo</span> <span class='ocrx_word' id='word_1_55' title='bbox 846 1079 1011 1158; x_wconf 86' lang='lat' dir='ltr'>scribendi,</span> <span class='ocrx_word' id='word_1_56' title='bbox 1031 1080 1090 1145; x_wconf 91' lang='lat' dir='ltr'>etsi</span> <span class='ocrx_word' id='word_1_57' title='bbox 1105 1081 1148 1146; x_wconf 90' lang='lat' dir='ltr'>sit</span> <span class='ocrx_word' id='word_1_58' title='bbox 1163 1080 1299 1161; x_wconf 81' lang='lat' dir='ltr'>elegans,</span> 
     </span>
     <span class='ocr_line' id='line_1_8' title="bbox 220 1180 1299 1264; baseline -0.002 -16"><span class='ocrx_word' id='word_1_59' title='bbox 220 1201 378 1264; x_wconf 83' lang='lat' dir='ltr'>personae</span> <span class='ocrx_word' id='word_1_60' title='bbox 399 1190 505 1248; x_wconf 87' lang='lat' dir='ltr'>tamen</span> <span class='ocrx_word' id='word_1_61' title='bbox 526 1186 559 1247; x_wconf 91' lang='lat' dir='ltr'>et</span> <span class='ocrx_word' id='word_1_62' title='bbox 579 1181 741 1264; x_wconf 81' lang='lat' dir='ltr'>dignitatis</span> <span class='ocrx_word' id='word_1_63' title='bbox 764 1200 834 1247; x_wconf 90' lang='lat' dir='ltr'>esse</span> <span class='ocrx_word' id='word_1_64' title='bbox 856 1189 978 1262; x_wconf 88' lang='lat' dir='ltr'>negent.</span> <span class='ocrx_word' id='word_1_65' title='bbox 1028 1183 1056 1246; x_wconf 78' lang='lat'>2.</span> <span class='ocrx_word' id='word_1_66' title='bbox 1081 1180 1198 1247; x_wconf 82' lang='lat' dir='ltr'>Contra</span> <span class='ocrx_word' id='word_1_67' title='bbox 1220 1200 1299 1263; x_wconf 91' lang='lat' dir='ltr'>quos</span> 
     </span>
     <span class='ocr_line' id='line_1_9' title="bbox 220 1274 1301 1365; baseline 0 -17"><span class='ocrx_word' id='word_1_68' title='bbox 220 1302 333 1350; x_wconf 87' lang='lat' dir='ltr'>omnes</span> <span class='ocrx_word' id='word_1_69' title='bbox 349 1283 514 1349; x_wconf 76' lang='lat' dir='ltr'>dicendum</span> <span class='ocrx_word' id='word_1_70' title='bbox 530 1282 669 1349; x_wconf 86' lang='lat' dir='ltr'>breviter</span> <span class='ocrx_word' id='word_1_71' title='bbox 684 1283 834 1348; x_wconf 84' lang='lat' dir='ltr'>existimo.</span> <span class='ocrx_word' id='word_1_72' title='bbox 869 1274 1063 1365; x_wconf 81' lang='lat' dir='ltr'>Quamquam</span> <span class='ocrx_word' id='word_1_73' title='bbox 1084 1282 1301 1364; x_wconf 87' lang='lat' dir='ltr'>philosophiae</span> 
     </span>
     <span class='ocr_line' id='line_1_10' title="bbox 219 1385 1300 1468; baseline -0.003 -17"><span class='ocrx_word' id='word_1_74' title='bbox 219 1386 348 1468; x_wconf 91' lang='lat' dir='ltr'>quidem</span> <span class='ocrx_word' id='word_1_75' title='bbox 369 1385 634 1466; x_wconf 84' lang='lat' dir='ltr'>vituperatoribus</span> <span class='ocrx_word' id='word_1_76' title='bbox 656 1385 734 1450; x_wconf 90' lang='lat' dir='ltr'>satis</span> <span class='ocrx_word' id='word_1_77' title='bbox 761 1403 947 1466; x_wconf 89' lang='lat' dir='ltr'>responsum</span> <span class='ocrx_word' id='word_1_78' title='bbox 975 1392 1025 1450; x_wconf 90' lang='lat' dir='ltr'>est</span> <span class='ocrx_word' id='word_1_79' title='bbox 1051 1404 1088 1450; x_wconf 90' lang='lat' dir='ltr'>eo</span> <span class='ocrx_word' id='word_1_80' title='bbox 1116 1385 1209 1465; x_wconf 90' lang='lat' dir='ltr'>libro,</span> <span class='ocrx_word' id='word_1_81' title='bbox 1237 1403 1300 1467; x_wconf 86' lang='lat' dir='ltr'>quo</span> 
     </span>
     <span class='ocr_line' id='line_1_11' title="bbox 220 1485 1365 1569; baseline 0.003 -17"><span class='ocrx_word' id='word_1_82' title='bbox 220 1487 355 1553; x_wconf 89' lang='lat' dir='ltr'>anobis</span> <span class='ocrx_word' id='word_1_83' title='bbox 382 1486 580 1569; x_wconf 88' lang='lat' dir='ltr'>philosophia</span> <span class='ocrx_word' id='word_1_84' title='bbox 608 1485 738 1553; x_wconf 82' lang='lat' dir='ltr'>defensa</span> <span class='ocrx_word' id='word_1_85' title='bbox 765 1493 797 1552; x_wconf 90' lang='lat' dir='ltr'>et</span> <span class='ocrx_word' id='word_1_86' title='bbox 823 1486 1001 1551; x_wconf 80' lang='lat' dir='ltr'>collaudata</span> <span class='ocrx_word' id='word_1_87' title='bbox 1028 1493 1090 1566; x_wconf 86' lang='lat' dir='ltr'>est,</span> <span class='ocrx_word' id='word_1_88' title='bbox 1119 1505 1193 1552; x_wconf 54' lang='lat' dir='ltr'>cum¹</span> <span class='ocrx_word' id='word_1_89' title='bbox 1216 1492 1300 1552; x_wconf 90' lang='lat' dir='ltr'>esset</span> <span class='ocrx_word' id='word_1_90' title='bbox 1323 1490 1365 1556; x_wconf 90' lang='lat'>10</span> 
     </span>
     <span class='ocr_line' id='line_1_12' title="bbox 219 1587 1300 1670; baseline -0.002 -15"><span class='ocrx_word' id='word_1_91' title='bbox 219 1595 370 1655; x_wconf 82' lang='lat' dir='ltr'>areusata</span> <span class='ocrx_word' id='word_1_92' title='bbox 397 1594 428 1654; x_wconf 90' lang='lat' dir='ltr'>et</span> <span class='ocrx_word' id='word_1_93' title='bbox 455 1588 635 1670; x_wconf 82' lang='lat' dir='ltr'>vituperata</span> <span class='ocrx_word' id='word_1_94' title='bbox 667 1587 707 1652; x_wconf 89' lang='lat' dir='ltr'>ab</span> <span class='ocrx_word' id='word_1_95' title='bbox 735 1588 910 1653; x_wconf 88' lang='lat' dir='ltr'>Hortensio.</span> <span class='ocrx_word' id='word_1_96' title='bbox 967 1589 1028 1666; x_wconf 80' lang='lat' dir='ltr'>Qui</span> <span class='ocrx_word' id='word_1_97' title='bbox 1060 1589 1139 1654; x_wconf 90' lang='lat' dir='ltr'>liber</span> <span class='ocrx_word' id='word_1_98' title='bbox 1166 1606 1235 1653; x_wconf 87' lang='lat' dir='ltr'>cum</span> <span class='ocrx_word' id='word_1_99' title='bbox 1268 1595 1300 1653; x_wconf 90' lang='lat' dir='ltr'>et</span> 
     </span>
     <span class='ocr_line' id='line_1_13' title="bbox 220 1689 1298 1772; baseline -0.002 -16"><span class='ocrx_word' id='word_1_100' title='bbox 220 1691 279 1756; x_wconf 90' lang='lat' dir='ltr'>tibi</span> <span class='ocrx_word' id='word_1_101' title='bbox 301 1689 454 1772; x_wconf 87' lang='lat' dir='ltr'>probatus</span> <span class='ocrx_word' id='word_1_102' title='bbox 476 1691 637 1756; x_wconf 90' lang='lat' dir='ltr'>videretur</span> <span class='ocrx_word' id='word_1_103' title='bbox 658 1695 690 1755; x_wconf 90' lang='lat' dir='ltr'>et</span> <span class='ocrx_word' id='word_1_104' title='bbox 710 1689 759 1769; x_wconf 90' lang='lat' dir='ltr'>iis,</span> <span class='ocrx_word' id='word_1_105' title='bbox 788 1708 868 1772; x_wconf 87' lang='lat' dir='ltr'>quos</span> <span class='ocrx_word' id='word_1_106' title='bbox 891 1709 947 1771; x_wconf 87' lang='lat' dir='ltr'>ego</span> <span class='ocrx_word' id='word_1_107' title='bbox 970 1708 1064 1772; x_wconf 92' lang='lat' dir='ltr'>posse</span> <span class='ocrx_word' id='word_1_108' title='bbox 1086 1690 1226 1755; x_wconf 87' lang='lat' dir='ltr'>iudicare</span> <span class='ocrx_word' id='word_1_109' title='bbox 1246 1708 1298 1754; x_wconf 87' lang='lat' dir='ltr'>ar·</span> 
     </span>
    </p>
   </div>
   <div class='ocr_carea' id='block_1_3' title="bbox 223 1875 1297 2011">
    <p class='ocr_par' dir='ltr' id='par_1_3' title="bbox 223 1875 1297 2011">
     <span class='ocr_line' id='line_1_14' title="bbox 293 1875 1297 1943; baseline -0.002 -17"><span class='ocrx_word' id='word_1_110' title='bbox 293 1882 316 1926; x_wconf 81' lang='lat'>2.</span> <span class='ocrx_word' id='word_1_111' title='bbox 339 1877 363 1926; x_wconf 84' lang='lat' dir='ltr'>ia</span> <span class='ocrx_word' id='word_1_112' title='bbox 385 1894 412 1927; x_wconf 81' lang='lat' dir='ltr'>eo</span> <span class='ocrx_word' id='word_1_113' title='bbox 432 1877 567 1942; x_wconf 63' lang='lat' dir='ltr'>ponendam</span> <span class='ocrx_word' id='word_1_114' title='bbox 589 1876 611 1928; x_wconf 84' lang='lat' dir='ltr'>C</span> <span class='ocrx_word' id='word_1_115' title='bbox 646 1882 668 1926; x_wconf 82' lang='grc'>8.</span> <span class='ocrx_word' id='word_1_116' title='bbox 694 1876 714 1925; x_wconf 87' lang='lat' dir='ltr'>ii</span> <span class='ocrx_word' id='word_1_117' title='bbox 734 1875 826 1941; x_wconf 76' lang='lat' dir='ltr'>quidem</span> <span class='ocrx_word' id='word_1_118' title='bbox 849 1877 877 1925; x_wconf 90' lang='lat' dir='ltr'><strong>M</strong></span> <span class='ocrx_word' id='word_1_119' title='bbox 922 1875 1118 1943; x_wconf 75' lang='lat' dir='ltr'>[contempnentes</span> <span class='ocrx_word' id='word_1_120' title='bbox 1143 1880 1166 1926; x_wconf 82' lang='lat' dir='ltr'>A</span> <span class='ocrx_word' id='word_1_121' title='bbox 1191 1875 1297 1943; x_wconf 83' lang='lat' dir='ltr'>semper]</span> 
     </span>
     <span class='ocr_line' id='line_1_15' title="bbox 223 1942 1175 2011; baseline 0 -16"><span class='ocrx_word' id='word_1_122' title='bbox 223 1951 245 1995; x_wconf 77' lang='lat'>9.</span> <span class='ocrx_word' id='word_1_123' title='bbox 267 1944 374 2010; x_wconf 75' lang='lat' dir='ltr'>equidem</span> <span class='ocrx_word' id='word_1_124' title='bbox 392 1945 437 1994; x_wconf 85' lang='lat' dir='ltr'>PR</span> <span class='ocrx_word' id='word_1_125' title='bbox 476 1951 512 1996; x_wconf 90' lang='grc'>10.</span> <span class='ocrx_word' id='word_1_126' title='bbox 528 1944 681 2011; x_wconf 67' lang='lat' dir='ltr'>philosophia</span> <span class='ocrx_word' id='word_1_127' title='bbox 699 1962 716 1994; x_wconf 85' lang='lat' dir='ltr'>a</span> <span class='ocrx_word' id='word_1_128' title='bbox 733 1945 799 1995; x_wconf 75' lang='lat' dir='ltr'>nobie</span> <span class='ocrx_word' id='word_1_129' title='bbox 818 1945 839 1994; x_wconf 83' lang='grc' dir='ltr'>Ε</span> <span class='ocrx_word' id='word_1_130' title='bbox 875 1942 966 1995; x_wconf 84' lang='lat' dir='ltr'>collata</span> <span class='ocrx_word' id='word_1_131' title='bbox 984 1945 1004 1994; x_wconf 88' lang='lat' dir='ltr'>P</span> <span class='ocrx_word' id='word_1_132' title='bbox 1044 1950 1080 1994; x_wconf 78' lang='lat'>12.</span> <span class='ocrx_word' id='word_1_133' title='bbox 1099 1945 1135 1994; x_wconf 81' lang='lat' dir='ltr'>dis</span> <span class='ocrx_word' id='word_1_134' title='bbox 1155 1945 1175 1995; x_wconf 83' lang='lat' dir='ltr'>C</span> 
     </span>
    </p>
   </div>
   <div class='ocr_carea' id='block_1_4' title="bbox 218 2117 1306 4324">
    <p class='ocr_par' dir='ltr' id='par_1_4' title="bbox 218 2117 1306 4324">
     <span class='ocr_line' id='line_1_16' title="bbox 218 2117 1300 2195; baseline 0 -20"><span class='ocrx_word' id='word_1_135' title='bbox 218 2119 357 2195; x_wconf 80' lang='lat' dir='ltr'>publicam</span> <span class='ocrx_word' id='word_1_136' title='bbox 379 2119 458 2192; x_wconf 77' lang='lat' dir='ltr'>esset)</span> <span class='ocrx_word' id='word_1_137' title='bbox 481 2128 535 2175; x_wconf 86' lang='lat' dir='ltr'>tam</span> <span class='ocrx_word' id='word_1_138' title='bbox 558 2136 611 2194; x_wconf 89' lang='lat' dir='ltr'>pro</span> <span class='ocrx_word' id='word_1_139' title='bbox 633 2121 671 2175; x_wconf 84' lang='lat' dir='ltr'>ito</span> <span class='ocrx_word' id='word_1_140' title='bbox 699 2117 730 2174; x_wconf 89' lang='lat' dir='ltr'>in</span> <span class='ocrx_word' id='word_1_141' title='bbox 753 2117 840 2175; x_wconf 84' lang='lat' dir='ltr'>unico</span> <span class='ocrx_word' id='word_1_142' title='bbox 868 2118 968 2175; x_wconf 85' lang='lat' dir='ltr'>oodico</span> <span class='ocrx_word' id='word_1_143' title='bbox 997 2128 1092 2176; x_wconf 88' lang='lat' dir='ltr'>ortum</span> <span class='ocrx_word' id='word_1_144' title='bbox 1122 2127 1166 2175; x_wconf 88' lang='lat' dir='ltr'>est</span> <span class='ocrx_word' id='word_1_145' title='bbox 1195 2137 1233 2175; x_wconf 90' lang='lat' dir='ltr'>ex</span> <span class='ocrx_word' id='word_1_146' title='bbox 1255 2137 1300 2175; x_wconf 90' lang='lat' dir='ltr'>se·</span> 
     </span>
     <span class='ocr_line' id='line_1_17' title="bbox 245 2203 1298 2280; baseline 0.001 -20"><span class='ocrx_word' id='word_1_147' title='bbox 245 2203 326 2261; x_wconf 86' lang='lat' dir='ltr'>uenti</span> <span class='ocrx_word' id='word_1_148' title='bbox 354 2203 453 2260; x_wconf 86' lang='lat' dir='ltr'>littera</span> <span class='ocrx_word' id='word_1_149' title='bbox 480 2223 520 2274; x_wconf 83' lang='lat' dir='ltr'>m3</span> <span class='ocrx_word' id='word_1_150' title='bbox 554 2213 584 2261; x_wconf 90' lang='lat' dir='ltr'>et</span> <span class='ocrx_word' id='word_1_151' title='bbox 612 2203 713 2274; x_wconf 88' lang='lat' dir='ltr'>video,</span> <span class='ocrx_word' id='word_1_152' title='bbox 742 2221 836 2279; x_wconf 90' lang='lat' dir='ltr'>nuper</span> <span class='ocrx_word' id='word_1_153' title='bbox 863 2203 1068 2280; x_wconf 83' lang='lat' dir='ltr'>Kreyssiginm</span> <span class='ocrx_word' id='word_1_154' title='bbox 1097 2207 1134 2261; x_wconf 81' lang='lat' dir='ltr'>ita</span> <span class='ocrx_word' id='word_1_155' title='bbox 1162 2203 1298 2261; x_wconf 83' lang='lat' dir='ltr'>edidisse.</span> 
     </span>
     <span class='ocr_line' id='line_1_18' title="bbox 222 2222 1301 2364; baseline -0.004 -16"><span class='ocrx_word' id='word_1_156' title='bbox 222 2222 285 2349; x_wconf 56' lang='lat' dir='ltr'>gad</span> <span class='ocrx_word' id='word_1_157' title='bbox 308 2288 358 2362; x_wconf 90' lang='lat' dir='ltr'>qui</span> <span class='ocrx_word' id='word_1_158' title='bbox 380 2288 436 2346; x_wconf 88' lang='lat' dir='ltr'>hoo</span> <span class='ocrx_word' id='word_1_159' title='bbox 459 2306 575 2363; x_wconf 91' lang='lat' dir='ltr'>quoque</span> <span class='ocrx_word' id='word_1_160' title='bbox 598 2288 663 2347; x_wconf 87' lang='lat' dir='ltr'>loco</span> <span class='ocrx_word' id='word_1_161' title='bbox 686 2288 783 2346; x_wconf 86' lang='lat' dir='ltr'>audiri</span> <span class='ocrx_word' id='word_1_162' title='bbox 805 2288 922 2347; x_wconf 84' lang='lat' dir='ltr'>volunt:</span> <span class='ocrx_word' id='word_1_163' title='bbox 955 2308 1038 2363; x_wconf 85' lang='lat' dir='ltr'>qnam</span> <span class='ocrx_word' id='word_1_164' title='bbox 1060 2291 1114 2359; x_wconf 83' lang='lat' dir='ltr'>illi,</span> <span class='ocrx_word' id='word_1_165' title='bbox 1143 2290 1239 2364; x_wconf 81' lang='lat' dir='ltr'>quibas</span> <span class='ocrx_word' id='word_1_166' title='bbox 1262 2299 1301 2345; x_wconf 89' lang='lat' dir='ltr'>to·</span> 
     </span>
     <span class='ocr_line' id='line_1_19' title="bbox 221 2373 1301 2450; baseline 0 -19"><span class='ocrx_word' id='word_1_167' title='bbox 221 2383 279 2431; x_wconf 74' lang='lat' dir='ltr'>arra</span> <span class='ocrx_word' id='word_1_168' title='bbox 302 2374 350 2431; x_wconf 77' lang='lat' dir='ltr'>hoo</span> <span class='ocrx_word' id='word_1_169' title='bbox 372 2375 507 2449; x_wconf 74' lang='lat' dir='ltr'>displicet,</span> <span class='ocrx_word' id='word_1_170' title='bbox 531 2392 588 2432; x_wconf 90' lang='lat' dir='ltr'>non</span> <span class='ocrx_word' id='word_1_171' title='bbox 612 2373 727 2444; x_wconf 88' lang='lat' dir='ltr'>vident,</span> <span class='ocrx_word' id='word_1_172' title='bbox 751 2373 818 2430; x_wconf 90' lang='lat' dir='ltr'>illos</span> <span class='ocrx_word' id='word_1_173' title='bbox 840 2392 898 2431; x_wconf 91' lang='lat' dir='ltr'>non</span> <span class='ocrx_word' id='word_1_174' title='bbox 921 2374 1029 2450; x_wconf 81' lang='lat' dir='ltr'>gradu,</span> <span class='ocrx_word' id='word_1_175' title='bbox 1060 2374 1111 2432; x_wconf 88' lang='lat' dir='ltr'>sed</span> <span class='ocrx_word' id='word_1_176' title='bbox 1133 2393 1241 2450; x_wconf 81' lang='lat' dir='ltr'>genere</span> <span class='ocrx_word' id='word_1_177' title='bbox 1263 2374 1301 2431; x_wconf 86' lang='lat' dir='ltr'>ab</span> 
     </span>
     <span class='ocr_line' id='line_1_20' title="bbox 221 2458 1300 2535; baseline -0.001 -19"><span class='ocrx_word' id='word_1_178' title='bbox 221 2458 276 2529; x_wconf 85' lang='lat' dir='ltr'>iis,</span> <span class='ocrx_word' id='word_1_179' title='bbox 304 2458 354 2533; x_wconf 90' lang='lat' dir='ltr'>qui</span> <span class='ocrx_word' id='word_1_180' title='bbox 377 2476 453 2516; x_wconf 88' lang='lat' dir='ltr'>nuno</span> <span class='ocrx_word' id='word_1_181' title='bbox 475 2467 755 2529; x_wconf 83' lang='lat' dir='ltr'>commemorantur,</span> <span class='ocrx_word' id='word_1_182' title='bbox 784 2459 930 2534; x_wconf 87' lang='lat' dir='ltr'>separari;</span> <span class='ocrx_word' id='word_1_183' title='bbox 961 2470 990 2515; x_wconf 89' lang='lat' dir='ltr'>ot</span> <span class='ocrx_word' id='word_1_184' title='bbox 1012 2460 1110 2517; x_wconf 86' lang='lat' dir='ltr'>obstat</span> <span class='ocrx_word' id='word_1_185' title='bbox 1138 2477 1300 2535; x_wconf 89' lang='lat' dir='ltr'>pronomen</span> 
     </span>
     <span class='ocr_line' id='line_1_21' title="bbox 221 2543 1303 2620; baseline 0 -19"><span class='ocrx_word' id='word_1_186' title='bbox 221 2543 409 2601; x_wconf 87' lang='lat' dir='ltr'>interiectum</span> <span class='ocrx_word' id='word_1_187' title='bbox 428 2543 505 2601; x_wconf 85' lang='lat' dir='ltr'>inter</span> <span class='ocrx_word' id='word_1_188' title='bbox 525 2544 688 2620; x_wconf 82' lang='lat' dir='ltr'>particulas</span> <span class='ocrx_word' id='word_1_189' title='bbox 705 2553 735 2601; x_wconf 89' lang='lat' dir='ltr'>et</span> <span class='ocrx_word' id='word_1_190' title='bbox 751 2544 884 2602; x_wconf 88' lang='lat' dir='ltr'>verbnm.</span> <span class='ocrx_word' id='word_1_191' title='bbox 920 2545 1024 2618; x_wconf 89' lang='lat' dir='ltr'>Itaque</span> <span class='ocrx_word' id='word_1_192' title='bbox 1042 2544 1114 2602; x_wconf 85' lang='lat' dir='ltr'>haee</span> <span class='ocrx_word' id='word_1_193' title='bbox 1137 2545 1235 2620; x_wconf 90' lang='lat' dir='ltr'>potius</span> <span class='ocrx_word' id='word_1_194' title='bbox 1257 2554 1303 2601; x_wconf 85' lang='lat' dir='ltr'>ast</span> 
     </span>
     <span class='ocr_line' id='line_1_22' title="bbox 222 2628 1301 2704; baseline 0 -18"><span class='ocrx_word' id='word_1_195' title='bbox 222 2628 385 2700; x_wconf 88' lang='lat' dir='ltr'>sententia,</span> <span class='ocrx_word' id='word_1_196' title='bbox 420 2647 509 2703; x_wconf 87' lang='lat' dir='ltr'>quam</span> <span class='ocrx_word' id='word_1_197' title='bbox 536 2629 625 2687; x_wconf 84' lang='lat' dir='ltr'>etiam</span> <span class='ocrx_word' id='word_1_198' title='bbox 654 2628 726 2688; x_wconf 91' lang='lat' dir='ltr'>Otto</span> <span class='ocrx_word' id='word_1_199' title='bbox 754 2630 906 2704; x_wconf 87' lang='lat' dir='ltr'>exposuit:</span> <span class='ocrx_word' id='word_1_200' title='bbox 940 2629 1008 2686; x_wconf 92' lang='lat' dir='ltr'>Non</span> <span class='ocrx_word' id='word_1_201' title='bbox 1043 2638 1102 2686; x_wconf 89' lang='lat' dir='ltr'>tam</span> <span class='ocrx_word' id='word_1_202' title='bbox 1131 2629 1161 2686; x_wconf 93' lang='lat' dir='ltr'>id</span> <span class='ocrx_word' id='word_1_203' title='bbox 1195 2629 1301 2704; x_wconf 87' lang='lat' dir='ltr'>(ipsam</span> 
     </span>
     <span class='ocr_line' id='line_1_23' title="bbox 221 2713 1302 2790; baseline -0.001 -19"><span class='ocrx_word' id='word_1_204' title='bbox 221 2714 302 2790; x_wconf 88' lang='lat' dir='ltr'>rem)</span> <span class='ocrx_word' id='word_1_205' title='bbox 328 2713 548 2790; x_wconf 84' lang='lat' dir='ltr'>reprehendunt</span> <span class='ocrx_word' id='word_1_206' title='bbox 576 2732 664 2788; x_wconf 86' lang='lat' dir='ltr'>quam</span> <span class='ocrx_word' id='word_1_207' title='bbox 694 2713 781 2771; x_wconf 89' lang='lat' dir='ltr'>nimis</span> <span class='ocrx_word' id='word_1_208' title='bbox 815 2732 951 2789; x_wconf 79' lang='lat' dir='ltr'>magnum</span> <span class='ocrx_word' id='word_1_209' title='bbox 985 2713 1130 2784; x_wconf 88' lang='lat' dir='ltr'>studium;</span> <span class='ocrx_word' id='word_1_210' title='bbox 1166 2733 1218 2790; x_wconf 88' lang='lat' dir='ltr'>pro</span> <span class='ocrx_word' id='word_1_211' title='bbox 1247 2713 1302 2771; x_wconf 88' lang='lat' dir='ltr'>hoo</span> 
     </span>
     <span class='ocr_line' id='line_1_24' title="bbox 222 2797 1301 2858; baseline -0.001 -3"><span class='ocrx_word' id='word_1_212' title='bbox 222 2798 318 2857; x_wconf 85' lang='lat' dir='ltr'>altero</span> <span class='ocrx_word' id='word_1_213' title='bbox 351 2799 483 2856; x_wconf 86' lang='lat' dir='ltr'>membro</span> <span class='ocrx_word' id='word_1_214' title='bbox 511 2797 615 2858; x_wconf 81' lang='lat' dir='ltr'>Cicero</span> <span class='ocrx_word' id='word_1_215' title='bbox 644 2800 752 2856; x_wconf 88' lang='lat' dir='ltr'>inflexa</span> <span class='ocrx_word' id='word_1_216' title='bbox 785 2798 890 2855; x_wconf 87' lang='lat' dir='ltr'>leviter</span> <span class='ocrx_word' id='word_1_217' title='bbox 922 2799 1055 2857; x_wconf 90' lang='lat' dir='ltr'>oratione</span> <span class='ocrx_word' id='word_1_218' title='bbox 1083 2799 1208 2857; x_wconf 79' lang='lat' dir='ltr'>subiecit</span> <span class='ocrx_word' id='word_1_219' title='bbox 1236 2799 1301 2856; x_wconf 87' lang='lat' dir='ltr'>illa:</span> 
     </span>
     <span class='ocr_line' id='line_1_25' title="bbox 223 2884 1304 2961; baseline -0.001 -20"><span class='ocrx_word' id='word_1_220' title='bbox 223 2885 275 2942; x_wconf 81' lang='lat' dir='ltr'>red</span> <span class='ocrx_word' id='word_1_221' title='bbox 294 2893 396 2941; x_wconf 76' lang='lat' dir='ltr'>matum</span> <span class='ocrx_word' id='word_1_222' title='bbox 418 2893 489 2955; x_wconf 84' lang='lat' dir='ltr'>cat,</span> <span class='ocrx_word' id='word_1_223' title='bbox 516 2893 550 2941; x_wconf 93' lang='lat' dir='ltr'>ut</span> <span class='ocrx_word' id='word_1_224' title='bbox 572 2885 666 2961; x_wconf 79' lang='lat' dir='ltr'>magis</span> <span class='ocrx_word' id='word_1_225' title='bbox 688 2884 867 2960; x_wconf 87' lang='lat' dir='ltr'>exprimeret</span> <span class='ocrx_word' id='word_1_226' title='bbox 888 2885 1063 2941; x_wconf 87' lang='lat' dir='ltr'>sententiam</span> <span class='ocrx_word' id='word_1_227' title='bbox 1088 2893 1117 2941; x_wconf 88' lang='lat' dir='ltr'>et</span> <span class='ocrx_word' id='word_1_228' title='bbox 1139 2885 1304 2942; x_wconf 90' lang='lat' dir='ltr'>orationem</span> 
     </span>
     <span class='ocr_line' id='line_1_26' title="bbox 227 2967 1305 3044; baseline -0.001 -18"><span class='ocrx_word' id='word_1_229' title='bbox 227 2968 471 3026; x_wconf 84' lang='lat' dir='ltr'>adversariorum.</span> <span class='ocrx_word' id='word_1_230' title='bbox 511 2968 621 3026; x_wconf 84' lang='lat' dir='ltr'>Eadem</span> <span class='ocrx_word' id='word_1_231' title='bbox 646 2969 788 3026; x_wconf 87' lang='lat' dir='ltr'>orationis</span> <span class='ocrx_word' id='word_1_232' title='bbox 809 2967 905 3026; x_wconf 81' lang='lat' dir='ltr'>forma</span> <span class='ocrx_word' id='word_1_233' title='bbox 928 2977 973 3026; x_wconf 91' lang='lat' dir='ltr'>est</span> <span class='ocrx_word' id='word_1_234' title='bbox 995 2969 1024 3026; x_wconf 92' lang='lat' dir='ltr'>in</span> <span class='ocrx_word' id='word_1_235' title='bbox 1049 2971 1132 3027; x_wconf 88' lang='lat' dir='ltr'>Brut.</span> <span class='ocrx_word' id='word_1_236' title='bbox 1158 2971 1212 3027; x_wconf 76' lang='lat'>58:</span> <span class='ocrx_word' id='word_1_237' title='bbox 1235 2989 1305 3044; x_wconf 82' lang='lat' dir='ltr'>qaue</span> 
     </span>
     <span class='ocr_line' id='line_1_27' title="bbox 227 3054 1305 3130; baseline -0.001 -19"><span class='ocrx_word' id='word_1_238' title='bbox 227 3054 490 3128; x_wconf 84' lang='lat' dir='ltr'>(svaviloquentia)</span> <span class='ocrx_word' id='word_1_239' title='bbox 517 3074 587 3112; x_wconf 70' lang='lat' dir='ltr'>aurae</span> <span class='ocrx_word' id='word_1_240' title='bbox 614 3057 721 3129; x_wconf 83' lang='lat' dir='ltr'>quidem</span> <span class='ocrx_word' id='word_1_241' title='bbox 749 3074 800 3110; x_wconf 84' lang='lat' dir='ltr'>uon</span> <span class='ocrx_word' id='word_1_242' title='bbox 829 3064 883 3110; x_wconf 76' lang='lat' dir='ltr'>tant</span> <span class='ocrx_word' id='word_1_243' title='bbox 911 3065 950 3111; x_wconf 83' lang='lat' dir='ltr'>est</span> <span class='ocrx_word' id='word_1_244' title='bbox 972 3058 999 3110; x_wconf 81' lang='lat' dir='ltr'>ia</span> <span class='ocrx_word' id='word_1_245' title='bbox 1016 3058 1172 3130; x_wconf 75' lang='lat' dir='ltr'>plerisqrre3</span> <span class='ocrx_word' id='word_1_246' title='bbox 1203 3057 1305 3111; x_wconf 79' lang='lat' dir='ltr'>intrant</span> 
     </span>
     <span class='ocr_line' id='line_1_28' title="bbox 227 3141 1304 3214; baseline 0 -18"><span class='ocrx_word' id='word_1_247' title='bbox 227 3143 293 3196; x_wconf 72' lang='lat' dir='ltr'>etnim</span> <span class='ocrx_word' id='word_1_248' title='bbox 316 3141 504 3214; x_wconf 68' lang='lat' dir='ltr'>{estquidam</span> <span class='ocrx_word' id='word_1_249' title='bbox 526 3150 654 3199; x_wconf 76' lang='lat' dir='ltr'>oratores,</span> <span class='ocrx_word' id='word_1_250' title='bbox 677 3159 729 3196; x_wconf 79' lang='lat' dir='ltr'>non</span> <span class='ocrx_word' id='word_1_251' title='bbox 751 3141 912 3214; x_wconf 60' lang='lat' dir='ltr'>loquantum</span> <span class='ocrx_word' id='word_1_252' title='bbox 935 3141 984 3196; x_wconf 81' lang='lat' dir='ltr'>aad</span> <span class='ocrx_word' id='word_1_253' title='bbox 1000 3151 1039 3197; x_wconf 84' lang='lat' dir='ltr'>est</span> <span class='ocrx_word' id='word_1_254' title='bbox 1056 3161 1087 3197; x_wconf 86' lang='lat' dir='ltr'>ea</span> <span class='ocrx_word' id='word_1_255' title='bbox 1104 3142 1165 3197; x_wconf 82' lang='lat' dir='ltr'>luas</span> <span class='ocrx_word' id='word_1_256' title='bbox 1181 3142 1304 3214; x_wconf 80' lang='lat' dir='ltr'>eloquem-</span> 
     </span>
     <span class='ocr_line' id='line_1_29' title="bbox 227 3224 1305 3300; baseline 0 -18"><span class='ocrx_word' id='word_1_257' title='bbox 227 3229 279 3282; x_wconf 78' lang='lat' dir='ltr'>tiae</span> <span class='ocrx_word' id='word_1_258' title='bbox 295 3234 364 3281; x_wconf 81' lang='lat' dir='ltr'>certe</span> <span class='ocrx_word' id='word_1_259' title='bbox 380 3228 513 3295; x_wconf 72' lang='lat' dir='ltr'>aramma3</span> <span class='ocrx_word' id='word_1_260' title='bbox 531 3224 687 3300; x_wconf 79' lang='lat' dir='ltr'>signifieat,</span> <span class='ocrx_word' id='word_1_261' title='bbox 706 3243 764 3282; x_wconf 91' lang='lat' dir='ltr'>non</span> <span class='ocrx_word' id='word_1_262' title='bbox 783 3233 842 3281; x_wconf 87' lang='lat' dir='ltr'>tam</span> <span class='ocrx_word' id='word_1_263' title='bbox 860 3243 924 3282; x_wconf 88' lang='lat' dir='ltr'>esse</span> <span class='ocrx_word' id='word_1_264' title='bbox 942 3226 1208 3300; x_wconf 82' lang='lat' dir='ltr'>suaviloquentiam</span> <span class='ocrx_word' id='word_1_265' title='bbox 1227 3243 1305 3282; x_wconf 86' lang='lat' dir='ltr'>nuno</span> 
     </span>
     <span class='ocr_line' id='line_1_30' title="bbox 225 3309 1302 3386; baseline 0.002 -19"><span class='ocrx_word' id='word_1_266' title='bbox 225 3309 257 3367; x_wconf 92' lang='lat' dir='ltr'>in</span> <span class='ocrx_word' id='word_1_267' title='bbox 284 3309 580 3385; x_wconf 86' lang='lat' dir='ltr'>oratoribus,·quam</span> <span class='ocrx_word' id='word_1_268' title='bbox 609 3309 704 3386; x_wconf 88' lang='lat' dir='ltr'>ipsam</span> <span class='ocrx_word' id='word_1_269' title='bbox 732 3309 908 3367; x_wconf 84' lang='lat' dir='ltr'>laudandam</span> <span class='ocrx_word' id='word_1_270' title='bbox 937 3320 966 3367; x_wconf 88' lang='lat' dir='ltr'>et</span> <span class='ocrx_word' id='word_1_271' title='bbox 992 3311 1198 3384; x_wconf 83' lang='lat' dir='ltr'>requirendam</span> <span class='ocrx_word' id='word_1_272' title='bbox 1228 3329 1302 3369; x_wconf 91' lang='lat' dir='ltr'>esse.</span> 
     </span>
     <span class='ocr_line' id='line_1_31' title="bbox 226 3394 1306 3471; baseline 0 -19"><span class='ocrx_word' id='word_1_273' title='bbox 226 3394 267 3452; x_wconf 87' lang='lat' dir='ltr'>Et</span> <span class='ocrx_word' id='word_1_274' title='bbox 287 3394 317 3451; x_wconf 89' lang='lat' dir='ltr'>in</span> <span class='ocrx_word' id='word_1_275' title='bbox 341 3394 396 3452; x_wconf 87' lang='lat' dir='ltr'>hoo</span> <span class='ocrx_word' id='word_1_276' title='bbox 419 3394 483 3470; x_wconf 89' lang='lat' dir='ltr'>ipso</span> <span class='ocrx_word' id='word_1_277' title='bbox 506 3395 582 3452; x_wconf 89' lang='lat' dir='ltr'>libro</span> <span class='ocrx_word' id='word_1_278' title='bbox 606 3400 620 3466; x_wconf 66' lang='grc' dir='ltr'>ξ</span> <span class='ocrx_word' id='word_1_279' title='bbox 647 3397 684 3453; x_wconf 88' lang='grc'>10</span> <span class='ocrx_word' id='word_1_280' title='bbox 708 3395 749 3452; x_wconf 87' lang='lat' dir='ltr'>sie</span> <span class='ocrx_word' id='word_1_281' title='bbox 773 3395 862 3451; x_wconf 84' lang='lat' dir='ltr'>dixit:</span> <span class='ocrx_word' id='word_1_282' title='bbox 890 3416 936 3452; x_wconf 80' lang='lat' dir='ltr'>neo</span> <span class='ocrx_word' id='word_1_283' title='bbox 958 3416 1017 3453; x_wconf 81' lang='lat' dir='ltr'>cum</span> <span class='ocrx_word' id='word_1_284' title='bbox 1045 3398 1104 3453; x_wconf 80' lang='lat' dir='ltr'>istis</span> <span class='ocrx_word' id='word_1_285' title='bbox 1133 3407 1206 3453; x_wconf 80' lang='lat' dir='ltr'>tanto</span> <span class='ocrx_word' id='word_1_286' title='bbox 1228 3414 1306 3471; x_wconf 78' lang='lat' dir='ltr'>opera</span> 
     </span>
     <span class='ocr_line' id='line_1_32' title="bbox 223 3475 1306 3563; baseline 0.001 -26"><span class='ocrx_word' id='word_1_287' title='bbox 223 3499 347 3556; x_wconf 68' lang='lat' dir='ltr'>pappare</span> <span class='ocrx_word' id='word_1_288' title='bbox 370 3512 410 3522; x_wconf 96' lang='lat'>—</span> <span class='ocrx_word' id='word_1_289' title='bbox 432 3491 456 3536; x_wconf 85' lang='lat' dir='ltr'>et</span> <span class='ocrx_word' id='word_1_290' title='bbox 478 3483 511 3536; x_wconf 83' lang='lat' dir='ltr'>iio</span> <span class='ocrx_word' id='word_1_291' title='bbox 533 3484 641 3549; x_wconf 80' lang='lat' dir='ltr'>seruire,</span> <span class='ocrx_word' id='word_1_292' title='bbox 665 3481 695 3537; x_wconf 92' lang='lat' dir='ltr'>id</span> <span class='ocrx_word' id='word_1_293' title='bbox 718 3490 771 3547; x_wconf 75' lang='lat' dir='ltr'>est,</span> <span class='ocrx_word' id='word_1_294' title='bbox 800 3500 882 3555; x_wconf 82' lang='lat' dir='ltr'>qaam</span> <span class='ocrx_word' id='word_1_295' title='bbox 904 3485 939 3538; x_wconf 81' lang='lat' dir='ltr'>iis</span> <span class='ocrx_word' id='word_1_296' title='bbox 961 3484 1068 3538; x_wconf 80' lang='lat' dir='ltr'>servire.</span> <span class='ocrx_word' id='word_1_297' title='bbox 1118 3475 1208 3563; x_wconf 85' lang='lat' dir='ltr'>[Add.</span> <span class='ocrx_word' id='word_1_298' title='bbox 1232 3482 1246 3538; x_wconf 95' lang='lat' dir='ltr'>I</span> <span class='ocrx_word' id='word_1_299' title='bbox 1270 3481 1306 3538; x_wconf 88' lang='lat' dir='ltr'>de</span> 
     </span>
     <span class='ocr_line' id='line_1_33' title="bbox 228 3561 1304 3645; baseline 0.001 -22"><span class='ocrx_word' id='word_1_300' title='bbox 228 3565 317 3641; x_wconf 81' lang='lat' dir='ltr'>Lsgg.</span> <span class='ocrx_word' id='word_1_301' title='bbox 342 3561 406 3644; x_wconf 65' lang='grc'>40]</span> <span class='ocrx_word' id='word_1_302' title='bbox 444 3565 486 3625; x_wconf 91' lang='lat' dir='ltr'>Ut</span> <span class='ocrx_word' id='word_1_303' title='bbox 506 3565 594 3637; x_wconf 87' lang='lat' dir='ltr'>edidi,</span> <span class='ocrx_word' id='word_1_304' title='bbox 617 3586 668 3622; x_wconf 85' lang='lat' dir='ltr'>non</span> <span class='ocrx_word' id='word_1_305' title='bbox 691 3577 745 3623; x_wconf 72' lang='lat' dir='ltr'>tana</span> <span class='ocrx_word' id='word_1_306' title='bbox 767 3567 804 3625; x_wconf 78' lang='lat' dir='ltr'>id.</span> <span class='ocrx_word' id='word_1_307' title='bbox 828 3566 969 3642; x_wconf 84' lang='lat' dir='ltr'>seriptum</span> <span class='ocrx_word' id='word_1_308' title='bbox 993 3568 1089 3624; x_wconf 89' lang='lat' dir='ltr'>estin</span> <span class='ocrx_word' id='word_1_309' title='bbox 1113 3568 1177 3626; x_wconf 91' lang='lat' dir='ltr'>Pal.</span> <span class='ocrx_word' id='word_1_310' title='bbox 1205 3571 1230 3637; x_wconf 88' lang='lat'>1,</span> <span class='ocrx_word' id='word_1_311' title='bbox 1254 3563 1304 3645; x_wconf 87' lang='grc' dir='ltr'>[ΒΙ</span> 
     </span>
     <span class='ocr_line' id='line_1_34' title="bbox 228 3648 1306 3726; baseline 0.001 -19"><span class='ocrx_word' id='word_1_312' title='bbox 228 3669 285 3726; x_wconf 83' lang='lat' dir='ltr'>mg.</span> <span class='ocrx_word' id='word_1_313' title='bbox 308 3648 389 3708; x_wconf 87' lang='lat' dir='ltr'>Crat.</span> <span class='ocrx_word' id='word_1_314' title='bbox 433 3650 494 3706; x_wconf 82' lang='grc' dir='ltr'>Νοε</span> <span class='ocrx_word' id='word_1_315' title='bbox 517 3652 547 3708; x_wconf 81' lang='lat' dir='ltr'>r&#39;d</span> <span class='ocrx_word' id='word_1_316' title='bbox 569 3661 632 3722; x_wconf 86' lang='lat' dir='ltr'>tom,</span> <span class='ocrx_word' id='word_1_317' title='bbox 656 3651 733 3725; x_wconf 92' lang='lat' dir='ltr'>quod</span> <span class='ocrx_word' id='word_1_318' title='bbox 756 3651 824 3707; x_wconf 88' lang='lat' dir='ltr'>inde</span> <span class='ocrx_word' id='word_1_319' title='bbox 847 3652 1019 3710; x_wconf 86' lang='lat' dir='ltr'>aVictorio</span> <span class='ocrx_word' id='word_1_320' title='bbox 1041 3652 1103 3710; x_wconf 84' lang='lat' dir='ltr'>fere</span> <span class='ocrx_word' id='word_1_321' title='bbox 1127 3653 1238 3711; x_wconf 90' lang='lat' dir='ltr'>editum</span> <span class='ocrx_word' id='word_1_322' title='bbox 1261 3660 1306 3708; x_wconf 91' lang='lat' dir='ltr'>est</span> 
     </span>
     <span class='ocr_line' id='line_1_35' title="bbox 229 3733 1305 3814; baseline 0.001 -23"><span class='ocrx_word' id='word_1_323' title='bbox 229 3743 257 3800; x_wconf 88' lang='lat' dir='ltr'>(a</span> <span class='ocrx_word' id='word_1_324' title='bbox 279 3733 380 3804; x_wconf 77' lang='lat' dir='ltr'>Grut,</span> <span class='ocrx_word' id='word_1_325' title='bbox 403 3735 484 3805; x_wconf 72' lang='lat' dir='ltr'>Era,</span> <span class='ocrx_word' id='word_1_326' title='bbox 508 3733 595 3806; x_wconf 80' lang='lat' dir='ltr'>Gaio,</span> <span class='ocrx_word' id='word_1_327' title='bbox 619 3735 703 3807; x_wconf 73' lang='lat' dir='ltr'>On),</span> <span class='ocrx_word' id='word_1_328' title='bbox 734 3754 826 3811; x_wconf 88' lang='lat' dir='ltr'>pravo</span> <span class='ocrx_word' id='word_1_329' title='bbox 850 3737 947 3812; x_wconf 92' lang='lat' dir='ltr'>positu</span> <span class='ocrx_word' id='word_1_330' title='bbox 971 3738 1080 3814; x_wconf 87' lang='lat' dir='ltr'>(neque</span> <span class='ocrx_word' id='word_1_331' title='bbox 1103 3739 1180 3795; x_wconf 89' lang='lat' dir='ltr'>enim</span> <span class='ocrx_word' id='word_1_332' title='bbox 1204 3736 1305 3793; x_wconf 88' lang='lat' dir='ltr'>divelli</span> 
     </span>
     <span class='ocr_line' id='line_1_36' title="bbox 227 3819 1305 3897; baseline 0.002 -21"><span class='ocrx_word' id='word_1_333' title='bbox 227 3820 314 3877; x_wconf 87' lang='lat' dir='ltr'>debet</span> <span class='ocrx_word' id='word_1_334' title='bbox 345 3840 397 3876; x_wconf 83' lang='lat' dir='ltr'>noa</span> <span class='ocrx_word' id='word_1_335' title='bbox 431 3819 513 3897; x_wconf 86' lang='lat' dir='ltr'>tam),</span> <span class='ocrx_word' id='word_1_336' title='bbox 543 3830 607 3878; x_wconf 84' lang='lat' dir='ltr'>erat</span> <span class='ocrx_word' id='word_1_337' title='bbox 633 3822 663 3878; x_wconf 92' lang='lat' dir='ltr'>in</span> <span class='ocrx_word' id='word_1_338' title='bbox 692 3821 756 3880; x_wconf 88' lang='lat' dir='ltr'>eod.</span> <span class='ocrx_word' id='word_1_339' title='bbox 787 3822 882 3891; x_wconf 91' lang='lat' dir='ltr'>Viot.,</span> <span class='ocrx_word' id='word_1_340' title='bbox 913 3821 1038 3879; x_wconf 86' lang='lat' dir='ltr'>fortasse</span> <span class='ocrx_word' id='word_1_341' title='bbox 1067 3842 1126 3880; x_wconf 92' lang='lat' dir='ltr'>uno</span> <span class='ocrx_word' id='word_1_342' title='bbox 1154 3831 1183 3880; x_wconf 92' lang='lat' dir='ltr'>et</span> <span class='ocrx_word' id='word_1_343' title='bbox 1212 3821 1305 3878; x_wconf 89' lang='lat' dir='ltr'>altero</span> 
     </span>
     <span class='ocr_line' id='line_1_37' title="bbox 228 3905 1306 3983; baseline 0.003 -21"><span class='ocrx_word' id='word_1_344' title='bbox 228 3913 394 3981; x_wconf 85' lang='lat' dir='ltr'>praeterea;</span> <span class='ocrx_word' id='word_1_345' title='bbox 417 3924 484 3963; x_wconf 88' lang='lat' dir='ltr'>nam</span> <span class='ocrx_word' id='word_1_346' title='bbox 502 3905 581 3965; x_wconf 85' lang='lat' dir='ltr'>Oxx.</span> <span class='ocrx_word' id='word_1_347' title='bbox 600 3906 635 3963; x_wconf 90' lang='lat' dir='ltr'>de</span> <span class='ocrx_word' id='word_1_348' title='bbox 653 3907 746 3963; x_wconf 89' lang='lat' dir='ltr'>tribus</span> <span class='ocrx_word' id='word_1_349' title='bbox 764 3915 871 3965; x_wconf 85' lang='lat' dir='ltr'>tacent.</span> <span class='ocrx_word' id='word_1_350' title='bbox 906 3907 952 3963; x_wconf 88' lang='lat' dir='ltr'>Ex</span> <span class='ocrx_word' id='word_1_351' title='bbox 971 3926 1006 3964; x_wconf 89' lang='lat' dir='ltr'>eo</span> <span class='ocrx_word' id='word_1_352' title='bbox 1023 3918 1092 3965; x_wconf 88' lang='lat' dir='ltr'>nata</span> <span class='ocrx_word' id='word_1_353' title='bbox 1104 3916 1148 3965; x_wconf 89' lang='lat' dir='ltr'>est</span> <span class='ocrx_word' id='word_1_354' title='bbox 1160 3908 1306 3983; x_wconf 84' lang='lat' dir='ltr'>seriptura</span> 
     </span>
     <span class='ocr_line' id='line_1_38' title="bbox 228 3990 1134 4067; baseline 0.001 -20"><span class='ocrx_word' id='word_1_355' title='bbox 228 3990 392 4066; x_wconf 81' lang='lat' dir='ltr'>vulgarium</span> <span class='ocrx_word' id='word_1_356' title='bbox 415 3990 558 4061; x_wconf 86' lang='lat' dir='ltr'>oodioum,</span> <span class='ocrx_word' id='word_1_357' title='bbox 582 4010 620 4048; x_wconf 88' lang='lat' dir='ltr'>ex</span> <span class='ocrx_word' id='word_1_358' title='bbox 637 4010 696 4067; x_wconf 90' lang='lat' dir='ltr'>qua</span> <span class='ocrx_word' id='word_1_359' title='bbox 713 3992 790 4051; x_wconf 83' lang='lat' dir='ltr'>Dav.</span> <span class='ocrx_word' id='word_1_360' title='bbox 810 3990 940 4049; x_wconf 79' lang='lat' dir='ltr'>faciebat</span> <span class='ocrx_word' id='word_1_361' title='bbox 956 4012 1008 4048; x_wconf 84' lang='lat' dir='ltr'>non</span> <span class='ocrx_word' id='word_1_362' title='bbox 1025 3994 1054 4049; x_wconf 85' lang='lat' dir='ltr'>id</span> <span class='ocrx_word' id='word_1_363' title='bbox 1071 4002 1134 4049; x_wconf 78' lang='lat' dir='ltr'>tura.</span> 
     </span>
     <span class='ocr_line' id='line_1_39' title="bbox 313 4074 1306 4157; baseline 0.005 -27"><span class='ocrx_word' id='word_1_364' title='bbox 313 4075 342 4133; x_wconf 73' lang='grc'>2.</span> <span class='ocrx_word' id='word_1_365' title='bbox 387 4095 406 4131; x_wconf 86' lang='grc' dir='ltr'><em>α</em></span> <span class='ocrx_word' id='word_1_366' title='bbox 433 4077 508 4133; x_wconf 80' lang='lat' dir='ltr'>nobis</span> <span class='ocrx_word' id='word_1_367' title='bbox 532 4076 719 4154; x_wconf 73' lang='lat' dir='ltr'>philosophia)</span> <span class='ocrx_word' id='word_1_368' title='bbox 742 4079 812 4153; x_wconf 77' lang='lat' dir='ltr'>ptit.</span> <span class='ocrx_word' id='word_1_369' title='bbox 842 4097 859 4133; x_wconf 87' lang='lat' dir='ltr'>a</span> <span class='ocrx_word' id='word_1_370' title='bbox 886 4078 961 4134; x_wconf 81' lang='lat' dir='ltr'>nobis</span> <span class='ocrx_word' id='word_1_371' title='bbox 984 4074 1038 4157; x_wconf 86' lang='lat' dir='ltr'>[B]</span> <span class='ocrx_word' id='word_1_372' title='bbox 1072 4078 1175 4146; x_wconf 81' lang='lat' dir='ltr'>,multi</span> <span class='ocrx_word' id='word_1_373' title='bbox 1203 4079 1306 4154; x_wconf 82' lang='lat' dir='ltr'>scripti</span> 
     </span>
     <span class='ocr_line' id='line_1_40' title="bbox 228 4161 1304 4239; baseline 0.004 -22"><span class='ocrx_word' id='word_1_374' title='bbox 228 4169 394 4218; x_wconf 79' lang='lat' dir='ltr'>stratores</span> <span class='ocrx_word' id='word_1_375' title='bbox 423 4161 530 4231; x_wconf 76' lang='lat' dir='ltr'>editio,</span> <span class='ocrx_word' id='word_1_376' title='bbox 560 4162 584 4219; x_wconf 92' lang='lat' dir='ltr'>si</span> <span class='ocrx_word' id='word_1_377' title='bbox 608 4161 684 4220; x_wconf 88' lang='lat' dir='ltr'>Gzio</span> <span class='ocrx_word' id='word_1_378' title='bbox 713 4163 830 4230; x_wconf 81' lang='lat' dir='ltr'>eredas3</span> <span class='ocrx_word' id='word_1_379' title='bbox 860 4172 932 4238; x_wconf 87' lang='lat' dir='ltr'>puto</span> <span class='ocrx_word' id='word_1_380' title='bbox 960 4182 1025 4219; x_wconf 89' lang='lat' dir='ltr'>eum</span> <span class='ocrx_word' id='word_1_381' title='bbox 1049 4173 1166 4239; x_wconf 85' lang='lat' dir='ltr'>praeter</span> <span class='ocrx_word' id='word_1_382' title='bbox 1189 4163 1250 4221; x_wconf 88' lang='lat' dir='ltr'>Erl.</span> <span class='ocrx_word' id='word_1_383' title='bbox 1275 4163 1304 4220; x_wconf 89' lang='lat' dir='ltr'>id</span> 
     </span>
     <span class='ocr_line' id='line_1_41' title="bbox 228 4244 1180 4324; baseline 0.005 -22"><span class='ocrx_word' id='word_1_384' title='bbox 228 4245 258 4302; x_wconf 91' lang='lat' dir='ltr'>in</span> <span class='ocrx_word' id='word_1_385' title='bbox 282 4244 360 4320; x_wconf 87' lang='lat' dir='ltr'>Spir.</span> <span class='ocrx_word' id='word_1_386' title='bbox 384 4254 414 4302; x_wconf 89' lang='lat' dir='ltr'>et</span> <span class='ocrx_word' id='word_1_387' title='bbox 436 4244 562 4304; x_wconf 78' lang='lat' dir='ltr'>tortasse</span> <span class='ocrx_word' id='word_1_388' title='bbox 586 4246 665 4306; x_wconf 84' lang='lat' dir='ltr'>Gud.</span> <span class='ocrx_word' id='word_1_389' title='bbox 692 4249 709 4303; x_wconf 77' lang='lat'><strong>2</strong></span> <span class='ocrx_word' id='word_1_390' title='bbox 734 4249 909 4323; x_wconf 86' lang='lat' dir='ltr'>repperisse,</span> <span class='ocrx_word' id='word_1_391' title='bbox 933 4248 1003 4306; x_wconf 88' lang='lat' dir='ltr'>alibi</span> <span class='ocrx_word' id='word_1_392' title='bbox 1027 4268 1180 4324; x_wconf 88' lang='lat' dir='ltr'>nusquam.</span> 
     </span>
    </p>
   </div>
   <div class='ocr_carea' id='block_1_5' title="bbox 0 0 1531 5086">
    <p class='ocr_par' dir='ltr' id='par_1_5' title="bbox 0 0 1531 5086">
     <span class='ocr_line' id='line_1_42' title="bbox 0 0 1531 5086; baseline 0 0"><span class='ocrx_word' id='word_1_393' title='bbox 0 0 1531 5086; x_wconf 95' lang='lat' dir='ltr'> </span> 
     </span>
    </p>
   </div>
  </div>
 </body>
</html>
