3030 5086
430 513 474 559 nr
497 511 578 559 uun.
601 513 665 559 nm.
687 513 731 560 m.
755 513 828 561 car.
847 515 939 564 o-ro.
955 510 1087 577 (ss-se.)
1233 495 1297 562 399

223 679 421 747 definitiones
437 681 565 762 peulnm
581 682 697 763 oppido
712 681 796 746 inter
810 680 1014 761 sedifferunt,
1031 688 1177 747 ettamen
1188 683 1298 747 eodem

222 788 374 864 spectant
417 783 484 862 Ego
506 784 661 849 assentior
682 783 829 864 Diogeni,
856 783 910 865 qui
937 783 1052 849 bonum
1078 782 1236 850 definierit
1256 784 1298 864 id,

223 885 309 966 quod
325 891 410 950 esset
426 893 541 949 natura
558 884 742 951 absolutum.
775 885 814 949 Id
830 891 935 950 autem
952 904 1087 968 sequens
1102 886 1178 951 illud
1194 885 1297 964 etiam,

222 988 306 1068 quod
329 987 494 1068 prodesset
515 981 671 1067 (ὠφέλημα
693 986 775 1052 enim
797 986 843 1051 sio
864 987 1081 1069 appellemus),
1103 994 1219 1052 motum
1241 992 1299 1052 ent

296 1213 315 1259 1.
342 1205 421 1274 [opido
445 1206 478 1273 A]
533 1213 556 1255 2.
580 1224 635 1272 eryo
657 1208 679 1256 Ε
731 1212 754 1256 ³.
779 1207 850 1274 [urat
872 1215 973 1258 sudum
995 1206 1030 1275 Δ]
1055 1225 1106 1258 ms
1128 1225 1146 1257 a
1167 1207 1296 1258 numm

222 1286 245 1325 4.
257 1273 368 1340 optarem
388 1275 509 1342 [affirm
528 1275 623 1341 opdelen
642 1275 663 1325 O
681 1276 778 1340 apludam
797 1276 819 1324 R

221 1474 361 1579 (ἀγαθὸν
375 1474 410 1540 τὸ
434 1482 469 1540 δι
494 1472 566 1539 αὐτὸ
586 1471 704 1577 αἱρετὸν
721 1467 739 1557 ἢ
753 1471 789 1536 τὸ
807 1466 1087 1558 συλλαμβανόμενον
1104 1473 1179 1556 πρὸς
1195 1471 1295 1538 olou-

220 1561 328 1643 μονίαν
345 1554 362 1642 ἢ
378 1586 414 1624 το
403 1554 673 1640 συμπληρωτικὸν
684 1557 899 1639 e6dutuom'ae);
923 1565 975 1623 ille
991 1577 1100 1635 eutem,
1123 1584 1199 1638 qnue
1217 1567 1296 1642 opud

221 1651 345 1712 eundem
370 1653 492 1711 Sextum
521 1660 674 1725 praetores
702 1658 828 1724 utroque
855 1648 920 1708 loeo
943 1651 1109 1726 explicetur
1130 1654 1294 1728 (Hypotyp.

221 1740 278 1803 III,
302 1738 370 1807 171,
389 1736 456 1794 adv.
475 1735 543 1793 Eth.
562 1736 599 1791 31
614 1740 690 1810 sqq.)
706 1754 841 1810 quaeque
859 1736 947 1794 etiem
964 1736 1043 1811 apud
1061 1737 1225 1813 Diogenem
1242 1737 1295 1794 illo

219 1819 284 1883 loeo
307 1833 337 1879 et
359 1822 437 1898 apud
461 1820 620 1881 Stobseum
643 1820 718 1893 (Eol.
742 1821 810 1879 Eth.
833 1839 862 1894 p.
878 1821 930 1895 96)
952 1827 1218 1892 commemoretur,
1236 1840 1296 1878 non

221 1908 289 1968 boni
312 1907 444 1965 delinitio
467 1906 526 1976 est,
555 1904 606 1963 sed
634 1925 731 1963 rerum
755 1907 897 1963 bonerum
921 1906 1104 1965 enumeratio
1127 1916 1157 1964 et
1178 1906 1295 1977 divisio,

220 2012 295 2069 qnae
317 1992 377 2049 ulio
398 1992 495 2050 forme
517 1991 675 2066 exponitur
697 1991 775 2067 opud
792 1990 965 2049 Ciceronem
983 1991 1061 2061 555.
1093 1993 1200 2066 Itaque
1219 2009 1295 2067 quoe

219 2080 279 2137 vim
303 2088 332 2135 et
354 2088 489 2135 naturam
506 2075 635 2133 notionis
652 2077 772 2174 propius
790 2076 934 2151 attingere
950 2086 1083 2149 conetur,
1105 2086 1139 2135 ut
1153 2077 1296 2153 Diogenis

220 2162 392 2240 Babylonii,
416 2181 503 2237 quam
526 2160 601 2219 Cato
623 2161 721 2236 ponit
751 2181 810 2219 unu
831 2170 986 2237 praetereo
1007 2172 1151 2238 superest,
1175 2162 1294 2239 paulum

219 2249 328 2326 oppido
350 2247 489 2305 differens
512 2265 565 2303 neo
588 2255 686 2303 temen
708 2249 754 2321 (ut
774 2265 792 2303 a
814 2248 963 2305 nonnullis
986 2247 1044 2305 diei
1066 2247 1175 2345 video)
1182 2247 1294 2317 eedem,

219 2335 297 2410 opud
321 2333 409 2427 Diog.
434 2333 531 2390 Latrt.
554 2330 625 2388 l..:e
647 2322 682 2386 τὸ
705 2321 823 2408 ἀγαθὸν
843 2321 879 2388 τὸ
900 2325 1012 2390 τέλειον
1033 2322 1111 2389 κατὰ
1133 2318 1222 2406 φύσιν
1244 2328 1292 2387 λυ·

218 2416 299 2495 yuto6
321 2408 361 2482 ὡς
383 2413 509 2493 λογικοῦ

300 2505 414 2579 paulum
431 2503 529 2577 oppido
545 2504 613 2559 inter
628 2520 657 2558 se
673 2503 808 2575 dplerunt,
829 2511 854 2557 et
870 2503 970 2576 tamen)
990 2502 1113 2559 Davisio
1131 2512 1220 2559 tamen
1236 2519 1294 2558 non

217 2597 296 2646 reete
319 2588 447 2663 positum
471 2586 641 2658 videbatur,
665 2586 758 2661 qnod,
781 2604 847 2643 oum
870 2587 929 2643 iam
951 2587 1043 2643 verbe
1060 2589 1175 2662 paulum
1198 2589 1296 2662 oppido

218 2673 255 2730 ad
274 2674 459 2730 minuendum
478 2671 661 2729 differentiae
678 2671 737 2728 vim
756 2671 945 2747 pertinerent,
968 2691 1026 2729 non
1046 2683 1124 2730 osset
1140 2672 1209 2730 hnic
1226 2691 1295 2729 eon·

217 2758 340 2817 trerium
368 2757 442 2815 illud
469 2759 558 2814 eodem
580 2766 708 2831 spectant.
757 2758 878 2812 Praesto
901 2765 946 2813 est
968 2755 1076 2823 Gaius,
1105 2758 1156 2831 qui
1183 2766 1294 2824 narret,

215 2844 328 2918 paulum
356 2845 455 2918 oppido
482 2859 546 2898 esse
574 2845 615 2898 eia
642 2844 727 2913 wem'q
754 2842 829 2908 selr;
864 2840 1006 2898 habemns
1033 2842 1123 2916 igitur
1150 2841 1292 2901 Catonern

217 2928 387 2985 irridentem
411 2935 548 3002 magnum
572 2926 739 2984 Stoicorum
767 2925 797 2982 in
826 2925 903 2983 bono
926 2924 1092 2983 deliniendo
1115 2926 1294 2994 dissensum3

218 3013 304 3070 aliter
326 3013 403 3069 enim
427 3012 499 3068 illud
523 3011 654 3086 intellegi
678 3028 735 3066 non
760 3019 865 3084 potest.
899 3009 1058 3085 Comperet
1081 3020 1179 3067 autem
1194 3031 1294 3086 parum

217 3100 372 3166 admodum,
393 3116 479 3172 paruo
500 3099 645 3152 admodum
659 3098 761 3170 plures,
785 3114 909 3170 quorum
932 3095 1004 3152 illud
1028 3115 1113 3151 nemo
1130 3096 1215 3166 dixit,
1238 3095 1293 3153 hoo

218 3182 320 3241 Livius
343 3181 397 3261 (X.
416 3183 465 3245 45,
482 3183 534 3253 11)
551 3181 699 3238 contrario
722 3181 897 3256 significatu.
942 3180 1000 3238 Sed
1025 3182 1098 3237 bene
1119 3200 1168 3239 res
1189 3180 1293 3250 habet3

217 3286 312 3342 neque
335 3269 433 3342 oppido
449 3269 558 3342 differre
574 3265 728 3341 quisquam
747 3266 824 3322 dixit
840 3284 934 3340 neque
948 3268 1062 3340 paulum
1078 3266 1192 3323 addidit
1207 3265 1293 3323 alteri

217 3353 359 3409 adverbio
380 3352 488 3426 gradus
511 3351 669 3408 definiendi
692 3368 789 3418 censa,
813 3350 977 3424 diciturque
991 3353 1107 3426 paulum
1129 3353 1237 3427 oppido,
1261 3361 1294 3408 ut

212 3441 299 3512 pauci
324 3439 483 3504 admodum,
512 3439 622 3493 multum
650 3438 810 3506 admodum,
839 3435 894 3491 hoo
917 3446 975 3496 est.
1005 3438 1151 3493 admodum
1173 3440 1293 3494 multum.

216 3521 433 3579 Tantummodo
446 3520 521 3578 Ceto
544 3522 688 3578 brevitate
711 3521 837 3596 quadem
862 3520 947 3576 simul
971 3531 999 3577 et
1017 3520 1211 3579 differentium
1229 3541 1293 3579 esse

217 3606 363 3682 significat
382 3608 511 3681 (paulum
527 3608 674 3680 differunt),
698 3607 734 3663 ad
758 3624 845 3680 quarn
869 3605 1111 3680 significationem
1130 3616 1231 3682 aptum
1249 3616 1295 3664 est

216 3694 266 3749 sed
292 3691 377 3748 initio
401 3691 543 3766 positum,
573 3702 602 3747 et
631 3692 735 3748 minuit
762 3691 874 3766 (oppido
896 3692 1037 3765 paulum);
1068 3692 1168 3765 itaque
1191 3710 1292 3748 vocem
1372 3693 1374 3696 ’

216 3787 302 3834 tameo
321 3795 378 3833 non
396 3776 505 3833 adhoc
523 3777 682 3851 posterius:
706 3778 805 3851 oppido
817 3777 932 3851 paulum
948 3776 1070 3845 rettulit,
1089 3777 1139 3832 sed
1157 3776 1194 3832 ed
1211 3777 1294 3851 prius

215 3861 303 3918 illud:
333 3862 382 3918 sed
405 3896 442 3903 -
466 3863 602 3935 differunt.
649 3863 721 3919 Mox
750 3860 954 3918 coniunctivus
983 3863 1113 3934 definierit
1142 3861 1208 3936 (pro
1235 3879 1293 3935 quo

215 3947 286 4003 Ern.
299 3966 315 4002 e
327 3946 404 4003 Dav.
417 3947 599 4003 coniectura:
621 3949 733 4019 definiit)
752 3946 868 4002 videtur
883 3947 1030 4003 censalem
1049 3946 1292 4022 significationem

215 4030 339 4101 hebere,
368 4040 397 4087 et
420 4040 516 4087 tomen
540 4032 793 4100 obscurissimam,
823 4031 873 4087 vix
896 4040 929 4087 ut
951 4039 1107 4106 appareat,
1136 4048 1202 4086 nem
1225 4048 1290 4087 oum

216 4133 273 4173 non
297 4116 478 4185 ostendetur,
502 4135 559 4190 quo
581 4117 654 4173 hoec
677 4116 807 4173 delinitio
830 4124 942 4171 ceteras
965 4116 1072 4183 vincat,
1096 4115 1216 4172 minime
1238 4115 1293 4171 hoo

216 4200 311 4258 simile
334 4211 388 4271 est,
411 4211 446 4257 ut
466 4203 521 4258 hoo
544 4210 618 4271 utor,
641 4202 679 4273 ei,
702 4201 780 4276 quod
803 4201 834 4258 11
846 4200 940 4256 Aean.
954 4200 992 4257 32
1011 4200 1131 4257 dieitur:
1157 4200 1292 4257 Naturam

215 4304 323 4358 accusa,
346 4306 417 4362 quae
438 4290 465 4342 iu
483 4288 623 4361 profundo
645 4290 779 4344 oem'tatem
802 4287 969 4342 abstruserit.

301 4373 338 4428 Id
358 4381 446 4429 autem
468 4391 581 4446 sequeno
602 4374 672 4429 illud
692 4375 778 4441 etrum,
802 4373 876 4446 quod
897 4369 966 4445 cet.)
990 4369 1125 4445 Sequens
1142 4369 1291 4445 Diogenes

216 4455 291 4512 huno
302 4456 502 4513 definitionem
521 4464 550 4512 et
566 4457 597 4513 in
615 4465 810 4531 superstans,
828 4473 893 4513 eum
913 4456 1021 4513 bonum
1034 4454 1184 4513 definisset
1194 4465 1294 4512 natura
