3030 5086
192 428 254 492 712
581 445 625 490 ns
648 443 779 491 murreus
802 443 873 489 eeu.

192 614 293 679 estin
316 612 354 677 iis
377 612 456 678 bene
478 612 671 689 merentium,
698 624 779 692 quae
801 609 983 677 referendae
1005 609 1125 694 gratiae
1147 607 1281 691 eupidi-

192 714 255 779 tasl
300 717 403 795 Atque
426 732 462 777 eu
485 714 515 777 in
539 714 656 794 optima
678 730 801 794 queque
822 713 928 778 indole
948 712 1081 778 maxime
1103 718 1279 795 apparent,

192 816 223 880 in
246 834 308 895 qua
331 814 407 879 haec
429 814 569 891 honesta,
592 832 673 895 quae
695 813 908 893 intellegimus,
931 833 951 878 a
973 822 1088 879 natura
1109 820 1278 894 tamquam

192 915 428 982 adumbrantur.
463 916 513 980 un.
537 916 597 980 Sed
621 915 696 979 haee
718 915 750 980 in
768 914 889 995 pueris3
912 932 1063 995 expressa
1080 931 1154 979 vere
1176 913 1209 978 in
1234 912 1278 978 iis

155 1017 357 1096 baetatibus,
380 1035 460 1098 quae
482 1017 544 1080 iam
567 1014 768 1082 confirmatae
791 1024 872 1081 sunt
918 1018 995 1097 Quis
1018 1025 1067 1082 est
1088 1022 1151 1080 tam
1175 1014 1277 1081 dissi·

267 1209 285 1255 1.
303 1202 339 1251 bs‘e
359 1202 467 1252 LPCOr.
489 1202 544 1263 (lise
564 1203 595 1266 n)
655 1209 677 1253 ⁶2.
701 1219 752 1251 enm
778 1203 834 1266 (pre
856 1220 886 1252 ea
909 1203 942 1263 in)
963 1204 983 1251 li
1036 1202 1113 1253 indole
1135 1201 1275 1267 quequelb

196 1288 286 1335 quoqne
304 1269 381 1319 indole
400 1271 419 1318 P
455 1280 571 1334 apparent
589 1270 689 1320 anselme
709 1271 728 1319 L
747 1271 847 1321 unanime
865 1272 1024 1336 approbarent
1042 1271 1062 1319 Ρ
1106 1276 1128 1323 ³.
1147 1279 1275 1336 tamquam

195 1354 243 1389 em.
264 1339 283 1387 P
319 1346 342 1386 4.
359 1338 440 1402 pneris
459 1356 573 1403 expresse
591 1339 614 1387 a'u
633 1338 661 1387 iis
680 1338 726 1404 (lis
745 1339 799 1403 ΒΟ)
817 1354 873 1387 vero
891 1339 980 1388 LPCR
996 1339 1084 1403 pueris.
1120 1338 1149 1389 lu
1167 1339 1198 1389 t's's
1216 1356 1277 1389 vero

195 1412 254 1469 torn,
274 1413 397 1471 emessa)
417 1411 459 1457 tlr.

195 1598 281 1653 quem
305 1579 441 1645 edidisse,
466 1579 492 1635 ei
517 1579 701 1635 notissimum
725 1591 769 1636 eet
792 1579 946 1635 dicendum
970 1598 1034 1635 esse
1058 1580 1178 1637 Latine:
1201 1598 1278 1654 qaae

189 1667 318 1739 sam'noro
336 1666 479 1739 parricide
502 1665 602 1720 edidit!
636 1664 670 1720 In
694 1682 752 1738 quo
775 1683 882 1739 genere
906 1665 1095 1722 memorabile
1115 1676 1168 1732 est,
1191 1664 1276 1739 quod

196 1767 286 1824 supra
298 1749 338 1818 11,
352 1751 390 1807 76
405 1749 526 1823 legitur:
550 1768 626 1821 quem
644 1751 784 1805 clanmorem
806 1751 933 1805 continuis
955 1760 1002 1805 eret
1021 1768 1101 1823 quam
1118 1769 1190 1825 meta
1210 1767 1276 1807 con·

196 1837 301 1891 saletas
319 1866 360 1877 —
372 1837 499 1908 statianam
519 1842 621 1908 paratas?
643 1833 721 1907 quod
745 1833 784 1890 ibi
808 1834 881 1890 haec
903 1851 968 1890 cum
988 1834 1204 1891 exclamatione
1222 1852 1277 1891 au·

196 1919 283 1996 gandi
307 1919 482 1995 significatio
499 1919 625 1992 (mnqrum
647 1922 695 1975 m't
717 1921 819 1976 clausor
834 1921 972 1992 eontiem's)
990 1931 1018 1975 et
1035 1920 1128 1976 altere
1145 1919 1277 1996 negandi

197 2007 284 2078 (nialla
313 2008 362 2061 em't
390 2024 451 2079 spes
479 2007 644 2076 consumtus)
673 2003 899 2079 coniunguntur.
946 2004 977 2062 Si
1001 2003 1090 2079 igitur
1111 2016 1191 2062 reete
1216 2005 1279 2075 hic,

198 2108 283 2164 quem
313 2107 390 2145 nunc
420 2099 593 2157 tractamus,
623 2089 705 2145 loeus
732 2088 859 2164 scriptus
883 2097 940 2147 est.
969 2089 1039 2146 Piso
1062 2089 1146 2159 dicit,
1174 2089 1278 2147 nullos

198 2174 315 2231 labores
337 2193 355 2230 a
378 2174 477 2250 pueris
500 2173 597 2229 vitani.
631 2175 741 2231 Verum
766 2191 819 2230 nee
842 2174 952 2249 optime
970 2174 1038 2230 buic
1060 2194 1110 2231 noa
1129 2177 1280 2249 perferant

198 2259 292 2318 subici
316 2259 445 2316 videtur:
470 2270 497 2315 ut
519 2262 581 2327 mart,
605 2269 632 2314 et
656 2258 813 2334 singularia
831 2277 968 2315 numerus
987 2270 1047 2315 tum
1065 2278 1158 2334 paene
1175 2258 1277 2334 requi·

198 2345 282 2402 ritur.
318 2345 375 2419 (De
391 2345 478 2420 Legg.
494 2354 590 2400 tamen
604 2344 661 2406 111,
679 2344 714 2399 19
733 2343 842 2423 editur:
870 2344 946 2412 (irrue
961 2347 1029 2400 euim
1044 2346 1088 2402 ille
1104 2364 1155 2401 nen
1172 2345 1282 2402 edidit!

199 2441 232 2486 ut
254 2431 306 2487 sit:
335 2430 407 2486 rrilril
431 2448 488 2485 nou
512 2429 612 2485 edidit.
658 2429 715 2486 Sed
739 2447 775 2485 ne
799 2429 823 2485 ie
845 2429 961 2503 quidem
985 2428 1068 2487 locus
1090 2429 1278 2487 dubitatione

200 2533 299 2571 carere
323 2515 460 2586 videtur.)
498 2514 631 2576 Accedit,
656 2522 688 2569 ut
710 2514 876 2588 superiores
898 2523 927 2570 et
948 2512 1104 2572 inferiores
1126 2515 1278 2572 exclama·

199 2600 296 2656 tiones
319 2600 443 2656 similem
467 2599 496 2656 in
515 2599 569 2656 hae
586 2600 718 2656 laborum
737 2599 1013 2656 commemoratione
1030 2599 1154 2657 sormam
1173 2610 1279 2675 postu·

199 2684 261 2741 lane
284 2684 448 2741 videantur.
492 2686 595 2758 ltaque
620 2684 754 2758 equidem
778 2684 950 2742 Ciceronem
979 2685 1132 2760 scripsisse
1155 2686 1280 2760 opinor:

201 2788 268 2844 qum
291 2772 331 2827 illi
352 2771 456 2826 labores
476 2772 631 2845 perferunt,
657 2780 684 2825 ut
707 2779 762 2826 cel.
811 2771 914 2825 Ferunt
936 2789 989 2844 pro
1007 2773 1150 2845 perferunt
1173 2771 1279 2828 Victo·

200 2855 270 2913 rius.
328 2853 377 2932 [ln
406 2855 467 2911 Eri.
496 2855 538 2911 sie
566 2873 644 2919 esse,
679 2855 757 2929 quod
787 2855 857 2911 milii
886 2865 1056 2913 annotatum
1087 2865 1163 2921 erat,
1198 2873 1281 2912 nune

199 2939 354 3006 refellitur,
378 2940 481 2996 sedin
506 2938 594 3014 Glog.
618 2936 686 3018 est]

288 3026 336 3083 62.
363 3024 419 3081 Sed
442 3026 505 3082 baec
528 3029 553 3080 in
573 3028 683 3099 pueris:
706 3044 833 3100 expressa
857 3043 917 3082 vere
939 3024 1009 3102 cet.)
1027 3024 1110 3098 Quae
1127 3025 1157 3084 in
1176 3026 1281 3102 pueris

200 3111 424 3174 adumbrentur,
454 3129 489 3166 aa
516 3111 545 3166 in
570 3110 748 3166 confirmatis
771 3110 917 3167 aetatibus
940 3129 1079 3186 expressa
1108 3129 1172 3169 esse
1195 3111 1280 3178 dicit,

200 3214 275 3271 quae
288 3195 469 3269 comparatio
481 3195 719 3251 eduurbratarum
738 3195 897 3270 imaginum
917 3206 943 3251 et
963 3214 1169 3270 expressarum
1187 3208 1280 3272 etque

200 3281 359 3338 solidorum
383 3280 542 3337 formarum
567 3279 737 3355 saepissime
761 3281 798 3336 ab
821 3280 934 3336 artibus
957 3280 1133 3338 transfertur
1151 3282 1187 3338 ed
1207 3282 1280 3351 alia,

201 3376 232 3423 ut
256 3366 454 3432 Tuee.111,3
477 3368 575 3440 (aalide
598 3368 732 3440 quaedum
755 3385 798 3422 res
820 3376 844 3422 et
866 3385 1004 3440 cupresso,
1028 3387 1078 3422 nou
1101 3368 1282 3440 arlusnbrmtn)

201 3460 231 3508 et
253 3469 307 3526 pro
330 3450 411 3508 Cael.
439 3453 474 3507 12
498 3454 559 3523 (nou
587 3470 717 3524 cmpressa
739 3454 831 3523 sqqrre,
862 3452 911 3506 sed
937 3452 1101 3507 aclrmrbruta
1128 3455 1279 3523 virtutum).

202 3536 328 3594 Restitui
348 3536 425 3593 hunc
443 3537 537 3593 locum
556 3554 591 3590 ex
606 3536 667 3591 Erl.
680 3534 723 3613 [et
738 3533 787 3612 13].
819 3535 896 3592 Nam
909 3545 996 3592 antea
1014 3537 1165 3608 edebatur,
1184 3548 1213 3594 ut
1234 3548 1281 3595 est

201 3622 231 3679 in
255 3621 451 3678 deterioribus
474 3620 638 3677 codicibus:
668 3621 725 3677 Sed
753 3623 816 3678 lucc
844 3626 870 3676 r'n
888 3625 983 3696 pueris
1006 3642 1143 3696 erpressa.
1188 3624 1222 3678 In
1246 3626 1282 3680 iie

202 3727 263 3764 vero
285 3709 430 3764 aetatibus.
458 3723 528 3778 queue
556 3709 608 3760 ium
637 3708 808 3779 conquassatae
829 3717 905 3767 sarrit,
936 3711 997 3781 quis
1024 3717 1064 3764 est
1086 3717 1158 3777 cet,
1187 3707 1280 3766 simili

203 3793 429 3868 transpositione
453 3789 525 3859 eius,
549 3808 623 3864 quae
642 3795 656 3860 §
676 3792 714 3848 59
739 3801 767 3848 et
786 3792 825 3848 60
848 3792 877 3848 in
901 3790 1004 3848 iisdem
1029 3792 1179 3850 codicibus
1202 3793 1283 3851 neci·

203 3877 294 3934 deret.
330 3877 433 3947 ltaque
453 3875 516 3932 iure
535 3876 688 3934 Ernestius
706 3875 918 3934 offendebatur.
942 3879 1019 3951 quod
1037 3878 1066 3934 iu
1085 3878 1187 3935 iisdem
1206 3879 1284 3937 haee

204 3975 231 4019 et
255 3960 428 4017 mirrmbrate
450 3971 480 4017 et
502 3980 642 4036 expressa
666 3962 841 4029 dicerentur,
865 3973 893 4018 et
917 3982 1044 4037 expresse
1067 3962 1130 4020 tolli
1149 3963 1283 4033 volebat,

204 4044 332 4101 violente
355 4046 499 4114 remedi03
523 4066 617 4121 neque
641 4048 717 4104 enim
742 4049 813 4104 satis
836 4058 879 4104 est
903 4048 1039 4106 stolidum
1063 4049 1210 4124 glossema
1228 4067 1283 4126 ap·

203 4129 322 4203 pellere.
346 4131 424 4205 quod
448 4148 499 4188 eur
521 4133 586 4205 quis
609 4133 771 4197 addiderit,
795 4133 852 4189 dici
877 4133 987 4206 nequit.
1034 4134 1106 4191 Eam
1130 4134 1284 4192 coniectu·

202 4232 264 4270 ram
289 4216 405 4273 lliarsus
429 4231 627 4292 praeceperat.
651 4237 736 4292 quem
762 4219 843 4292 sequi
868 4217 961 4279 Gaius
985 4218 1086 4276 maluit
1110 4237 1197 4294 quam
1216 4216 1283 4280 nrt.

203 4312 232 4356 et
256 4300 334 4376 Spir.
359 4302 513 4377 inspicere.
