3030 5086
414 520 458 566 er
482 520 561 567 unu.
584 520 648 566 um.
670 521 694 566 11
717 520 790 568 car.
819 523 924 568 rr-ro.
943 519 1007 586 (ar.)
1188 501 1248 567 241

257 688 374 753 XVIII
420 688 483 752 Sed
509 686 591 769 finge
618 707 680 752 non
702 688 803 752 solum
826 688 971 753 callidum
999 707 1083 767 eum,
1113 687 1166 769 qui
1193 688 1252 753 ali·

168 789 250 870 quid
276 789 419 870 improbe
446 788 559 868 faciat,
592 809 699 863 verum
733 790 827 854 etiam
854 798 1107 871 praepotentem,
1141 795 1177 854 ut
1209 790 1252 854 M.

170 889 308 956 &ossus
329 889 397 970 fuit,
420 891 473 972 qui
494 897 598 956 tamen
621 891 742 956 solebat
763 891 808 955 uti
830 909 888 956 suo
911 893 1008 972 bono,
1029 900 1064 956 ut
1086 891 1180 957 hodie
1202 897 1252 956 est

168 998 280 1057 noster
305 992 490 1075 Pompeius¹
524 993 572 1057 cui
605 1001 689 1058 recte
720 991 846 1058 facienti
878 995 981 1076 gratia
1014 1001 1063 1059 est
1090 993 1250 1072 habenda3

169 1111 244 1159 esse
276 1094 358 1158 enirn
391 1112 485 1175 quam
517 1094 611 1160 vellet
642 1094 768 1176 iniquus
801 1104 929 1177 poterat
959 1098 1094 1176 impune.
1151 1097 1291 1175 Quamb

246 1285 266 1329 l.
290 1297 341 1330 mm
364 1279 460 1344 quidm
496 1280 597 1345 improbe
620 1280 714 1345 aliquid
730 1282 783 1330 MR
836 1290 857 1330 4,
882 1283 998 1331 vestali
1052 1287 1076 1336 5,
1095 1299 1166 1345 quam
1184 1280 1253 1330 vellet

169 1348 361 1480 apamenum
373 1348 447 1468 gblP
466 1349 574 1412 moravia
591 1349 660 1399 odim
684 1350 758 1399 iactus
777 1350 871 1413 iniquos
890 1351 965 1399 Lata
988 1351 1097 1414 mamati
1120 1349 1188 1399 vellet
1207 1349 1252 1399 iai·

172 1572 289 1647 reliqua
320 1573 456 1649 analogia
484 1582 514 1630 et
536 1575 619 1631 codd.
642 1574 748 1647 (tribus
771 1572 853 1645 Gaii)
876 1584 905 1630 et
927 1574 1051 1630 aliorum
1076 1574 1251 1648 scriptorum

172 1675 230 1714 usu
258 1657 434 1715 defenditur.
492 1659 572 1715 Mox.
605 1661 723 1734 improbe
751 1661 858 1734 olr'qm'd
890 1659 977 1716 etiam
1008 1658 1087 1717 Gud.
1118 1670 1252 1734 uterque.

173 1743 255 1811 Bam,
278 1744 323 1802 ed.
349 1744 430 1802 Crat.
455 1753 484 1799 et
506 1744 582 1801 aliae
605 1745 759 1819 quaedam.

261 1827 334 1903 Cap.
348 1829 468 1887 XVIII.
492 1831 679 1903 castrobono)
691 1829 859 1887 Potentiam
872 1828 1032 1903 significari
1044 1839 1158 1904 putant,
1177 1847 1253 1903 quaa

175 1913 302 1988 primum
321 1914 394 1970 mire
411 1916 505 1970 bonam
518 1914 686 1990 appellatur
697 1915 726 1970 in
745 1916 799 1970 hac
811 1914 1010 1988 disputatione
1028 1925 1058 1970 et
1074 1935 1160 1979 soum,
1179 1925 1253 1969 tam·

174 2016 264 2072 quam
281 1999 448 2073 proprinm;
472 1999 577 2055 deinde
595 1999 693 2056 omnia
710 2000 810 2056 turbat-
827 1999 971 2074 partioula
988 2008 1089 2068 tamem
1112 2018 1179 2055 nam
1197 1999 1254 2055 hoc

174 2082 241 2157 ipso
259 2083 357 2158 aptius
374 2084 407 2140 fit
424 2083 524 2143 Crassi
542 2085 719 2159 exemplum,
742 2085 767 2141 ai
790 2084 878 2141 etiam
897 2102 967 2139 usus
984 2084 1117 2158 potentia
1136 2083 1252 2139 dicitur.

174 2168 281 2241 Itaque
304 2167 412 2239 Gaius,
441 2170 533 2226 mirus
561 2170 806 2245 significationum
830 2168 953 2235 artifex,
983 2178 1070 2225 tomen
1098 2169 1161 2225 vult
1189 2187 1253 2224 esse

173 2252 361 2327 quriieru(eir.
375 2254 411 2310 od
424 2258 439 2323 ξ
453 2255 520 2327 31);
543 2255 615 2312 Otto
638 2265 735 2311 autem
754 2255 885 2328 scripsit:
909 2256 957 2327 qni
977 2264 1031 2309 tom
1050 2255 1159 2309 solebat.
1194 2252 1253 2311 Sed

175 2337 251 2394 nihil
278 2338 411 2395 artificiis
438 2358 527 2414 opus;
561 2339 699 2397 Crassum
730 2339 848 2408 Cicero,
877 2338 932 2394 etsi
961 2346 1038 2394 esset
1066 2347 1253 2413 praepotens,

175 2433 275 2479 tamen
298 2442 355 2480 uon
378 2424 520 2499 potentia,
544 2425 595 2480 sed
618 2443 671 2480 suo
690 2425 776 2494 bono,
800 2424 830 2480 id
848 2432 900 2488 est,
924 2423 1001 2497 quod
1020 2424 1083 2481 eius
1101 2423 1253 2498 proprium

175 2518 256 2565 asset
277 2519 306 2566 et
329 2509 407 2582 quod
424 2508 458 2577 is,
482 2510 587 2566 ceteris
606 2509 732 2582 omissis,
756 2519 936 2583 sequeretur.
960 2508 1094 2583 pecunia,
1118 2509 1159 2564 uti
1184 2508 1254 2565 soli·

175 2602 238 2649 tum
262 2592 332 2650 dicit
356 2593 392 2649 ad
416 2612 465 2663 aa,
496 2613 571 2668 quae
593 2594 698 2663 vellet,
722 2593 885 2651 efficienda.
932 2593 982 2652 Sic
1005 2604 1084 2650 recte
1107 2594 1202 2649 bonam
1225 2602 1256 2649 et

173 2678 291 2741 acerbe,
315 2688 464 2752 tamquam
487 2697 525 2735 ex
548 2679 647 2738 Crassi
671 2680 825 2744 sententia,
849 2678 966 2735 dicitur.

262 2783 319 2820 eoae
347 2767 413 2819 enim
442 2784 524 2838 qinom
551 2767 627 2820 vellet
648 2766 769 2838 irn'qnus)
794 2765 843 2820 Sic
866 2764 977 2837 primus
1001 2763 1131 2820 Orellius
1154 2762 1254 2819 edidit.

179 2845 270 2916 Quom
298 2850 375 2906 uelim
402 2867 503 2906 omnes
532 2849 601 2905 boni
629 2850 729 2905 codd..
764 2850 828 2906 Pal.
858 2852 891 2918 1,
926 2849 1003 2922 Spir.
1033 2846 1104 2925 [ss].
1139 2847 1254 2905 Gifanii

173 2932 220 3005 (in
254 2934 415 2990 Burmanni
450 2933 523 3010 Syll.
557 2934 649 3008 Epist.
684 2936 715 2991 II
744 2955 770 3010 p.
792 2935 879 3005 308),
914 2933 960 2988 El.
989 2933 1064 3005 (sine
1093 2933 1182 2989 dnbio
1213 2935 1253 3004 2),

175 3016 259 3076 Gud.
284 3019 318 3088 23
347 3019 508 3076 deteriores
536 3020 719 3090 (Davisiani,
749 3019 841 3092 Oxx.)
869 3022 1006 3092 qoonror's,
1037 3018 1066 3073 in
1096 3036 1154 3090 quo
1183 3036 1253 3091 pue·

174 3102 272 3159 rilitor
294 3113 373 3159 errat
395 3103 498 3173 Gaius,
521 3123 575 3179 pro
598 3123 642 3171 eo.
666 3104 744 3178 quod
768 3116 826 3161 est:
845 3123 956 3178 possum
979 3122 1035 3159 esse
1057 3105 1181 3175 qrtnrnvis
1203 3110 1255 3158 aut

172 3206 260 3262 quom
281 3190 339 3245 volo
359 3188 473 3245 minatus
496 3189 619 3261 (tirones
642 3190 779 3264 exempla
800 3189 947 3263 reperient
976 3188 1054 3262 apud
1079 3187 1254 3243 Ramshorn.

174 3293 206 3348 p.
224 3273 285 3329 885
309 3273 354 3329 od.
378 3275 396 3330 2
420 3283 449 3330 et
471 3275 500 3330 in
524 3274 654 3346 lexicis),
679 3275 784 3330 Latine
807 3274 864 3329 dici
888 3285 1008 3347 putans:
1033 3275 1156 3346 qrtomor‘s
1180 3275 1255 3328 velim

174 3376 235 3414 eoae
256 3360 383 3421 iniustos,
403 3379 524 3433 poserem,
548 3369 576 3414 et
600 3359 736 3415 librarios
759 3359 928 3432 increpans,
952 3357 1002 3431 qui
1025 3358 1055 3414 id
1078 3358 1253 3433 ignorarint.

175 3442 255 3499 Tum
289 3447 397 3518 iniquos
430 3455 548 3518 praeter
575 3444 636 3500 Erl.
665 3446 753 3500 ctiam
783 3444 860 3518 Spin.
890 3441 945 3520 [B]
979 3451 1009 3499 et
1036 3443 1101 3499 cod.
1131 3441 1255 3499 Gifanii.

175 3525 239 3586 sad
266 3528 331 3588 Pal.-
360 3532 371 3585 l
404 3533 512 3602 iniquos
541 3535 641 3599 iustae,
676 3530 804 3602 itemque
828 3529 873 3585 El.
898 3529 933 3598 2,
967 3528 1032 3586 cod.
1058 3528 1080 3583 Ι.
1104 3527 1153 3583 Fr.
1178 3527 1255 3584 Gro-

175 3612 259 3669 novii
292 3613 354 3687 (qui
389 3615 462 3670 mire
496 3613 672 3670 defendebat
701 3614 827 3672 ObserV.
856 3615 918 3681 III.¹
952 3614 1001 3685 10)
1036 3621 1065 3669 ct
1098 3611 1253 3670 Guelferb.

176 3698 289 3755 Bromii
312 3698 403 3771 (Gud.
428 3701 474 3771 2);
504 3699 636 3773 Scaliger
663 3699 821 3773 ascriptum
852 3699 979 3755 habebat
1002 3698 1078 3754 libro
1101 3686 1169 3753 siro:
1201 3699 1256 3753 Est

175 3785 259 3851 enim,
294 3803 376 3857 qnam
403 3787 493 3852 vellet,
527 3788 651 3858 z'm'qzors:
685 3787 771 3840 iocatus
795 3793 903 3858 poterat
929 3787 1049 3858 r'mproze3
1083 3801 1121 3838 ex
1150 3782 1255 3838 ceteris

176 3867 252 3925 nihil
280 3879 438 3926 annotatur
466 3870 502 3925 ad
526 3870 677 3944 vulgarem
700 3870 891 3943 scripturam:
919 3872 1019 3938 iustos,
1044 3870 1169 3941 iniquies.
1199 3867 1256 3923 nisi

175 3953 257 4027 quod
280 3955 348 4011 Bas.
371 3959 485 4011 iniustos
507 3957 582 4011 celim
604 3958 726 4028 im'quas.
751 3954 827 4028 Οκ.χ
850 3957 958 4027 im'qnns
980 3955 1103 4008 bonatus.
1150 3952 1256 4007 Emen-

176 4038 264 4095 dator
286 4057 344 4095 non
368 4040 439 4096 satis
462 4040 561 4096 scitus.
584 4058 649 4095 oum
668 4039 817 4096 incidisset
836 4039 865 4094 in
883 4057 946 4093 eam
970 4038 1155 4111 scripturam,
1180 4055 1256 4110 quae

176 4132 224 4180 est
250 4123 280 4180 in
314 4125 379 4180 Pal.
401 4128 432 4194 1,
467 4125 685 4199 transponendo
714 4134 741 4180 et
770 4123 944 4198 corrigendo
972 4122 1097 4179 formam
1126 4122 1254 4194 aliquam

175 4208 292 4284 periodi
315 4207 427 4266 effecit:
457 4229 513 4266 esse
540 4214 608 4266 enim
635 4213 758 4283 pantonis
786 4212 861 4266 nollet
887 4212 986 4265 instem.
1015 4210 1124 4280 im'qmts
1149 4216 1257 4280 poterat

175 4297 298 4369 impune,
321 4295 383 4361 cui,
413 4296 634 4370 grammaticam
659 4314 717 4352 non
740 4295 827 4350 nimis
850 4312 970 4356 coraus.
994 4293 1068 4348 lianc
1092 4291 1255 4348 subiciebat

176 4380 374 4437 sententiam:
413 4398 590 4455 quamquam
630 4380 707 4436 enim
743 4379 853 4435 mavult
887 4397 951 4436 esse
985 4378 1099 4441 iustae,
1140 4385 1256 4452 poterat

175 4472 276 4522 tamen
298 4473 354 4523 cet.
399 4465 458 4525 Sed
481 4466 529 4522 hic
551 4466 647 4523 Pall
674 4483 739 4521 cum
763 4464 898 4539 vestigiis
921 4463 1099 4521 deteriorum
1123 4462 1255 4519 codicum

1023 4581 1052 4625 16
