3030 5086
256 486 320 551 660
644 505 688 551 ns
710 505 841 552 nmmos
863 504 935 551 nou.

256 680 346 737 scant
357 680 412 738 aut
423 673 449 736 si
461 679 609 751 metuant,
626 692 665 737 ne
676 692 745 738 cum
757 674 865 737 dolore
876 673 1056 750 moriantur,
1068 673 1181 737 idcirco
1193 679 1334 738 mortem

256 773 392 855 fugiant,
415 775 445 838 in
469 775 575 856 parvis
597 775 678 840 enim
702 795 804 857 saepe,
827 775 880 856 qui
903 774 980 839 nihil
1001 794 1107 839 eorum
1130 776 1279 856 cogitant,
1304 774 1334 838 si

256 877 381 957 quando
402 877 441 941 iis
458 877 600 942 ludentes
617 877 779 956 minamur,
797 877 1057 958 praecipitaturos
1075 876 1225 954 alicunde,
1248 877 1334 941 exti-

256 986 404 1043 mescunt.
450 972 531 1058 Quin
554 979 647 1044 ctiam
670 979 791 1058 ferae,
813 979 914 1060 inquit
935 979 1097 1056 Pacuvius,

217 1083 238 1149 ὅ
319 1080 457 1162 quibus
497 1081 608 1145 abest
645 1063 692 1145 ad'
730 1082 1037 1163 praecavendum
1070 1080 1336 1164 intellegendi

1071 1183 1239 1262 astutia,

325 1308 346 1352 2.
366 1319 437 1364 saepe
455 1302 541 1351 omL
576 1302 656 1351 horam
672 1303 692 1369 1¹.
728 1308 750 1353 3.
769 1303 805 1351 aa
820 1301 952 1352 ELPCOr.
990 1301 1189 1352 aliarrdeEPCR
1223 1311 1336 1351 extame-

255 1371 360 1420 ecantE
397 1376 418 1418 6.
439 1370 582 1419 astatiaaE

340 1483 366 1532 in
387 1480 481 1551 parcis
503 1478 584 1550 enim)
607 1478 672 1534 Hoc
688 1478 835 1552 quomodo
853 1477 960 1533 dictum
978 1485 1121 1550 putarem,
1144 1477 1269 1551 exposui
1290 1476 1337 1533 ad

255 1562 372 1619 1V.75.
408 1562 510 1618 Lamb.
530 1566 614 1637 parvi
634 1566 702 1619 enim
724 1583 811 1638 saepe,
835 1572 867 1618 ut
889 1561 1008 1619 valebat
1030 1561 1117 1618 etiam
1142 1563 1216 1620 Dav.
1265 1561 1335 1639 [De

256 1647 441 1704 coniunctivo
447 1650 567 1720 sapiant,
580 1667 633 1722 pro
644 1666 701 1722 quo
713 1649 816 1705 Lamb.
822 1651 936 1721 Jizqiant
947 1647 1083 1714 malebat,
1097 1645 1148 1703 cfr.
1162 1648 1198 1703 ad
1210 1648 1252 1712 II,
1264 1645 1336 1725 lia]

341 1735 487 1802 minamur,
511 1737 738 1808 praecipitaturos
765 1732 901 1811 alicunde)
925 1734 991 1789 Non
1020 1732 1137 1788 videtur
1163 1733 1217 1788 hcc
1247 1744 1335 1789 recte

256 1817 342 1874 aliter
364 1817 495 1894 intellegi
519 1837 604 1893 posse
628 1819 683 1875 nisi
707 1820 760 1875 hac
778 1819 936 1875 sententia:
959 1823 1099 1883 minamur,
1123 1838 1170 1874 nos
1186 1839 1229 1874 eos
1243 1838 1335 1893 prae·

254 1906 411 1977 cipitataros
433 1904 622 1976 (deiecturos)
644 1924 713 1971 ecem
737 1922 802 1960 nam
827 1923 862 1960 ne
886 1904 1130 1978 praecipitaturos
1152 1905 1233 1978 ipsos
1256 1922 1335 1978 pue-

255 2007 303 2045 ros
325 1989 539 2064 intellegamus,
562 1998 595 2045 ut
617 1989 832 2046 intransitivum
856 1990 976 2046 verbum
1000 1989 1052 2056 sit,
1076 1989 1174 2045 obstat
1197 1989 1334 2046 minandi

256 2074 391 2131 verbum.
421 2075 497 2149 quod
521 2094 636 2143 eorum,
666 2076 715 2149 qui
739 2076 900 2140 minantur,
929 2075 1054 2131 actionis
1083 2075 1332 2150 significationem

256 2159 387 2232 requirit.
422 2159 508 2233 Quod
530 2171 626 2216 autem
651 2161 785 2217 Haudius
808 2161 856 2232 (ad
875 2159 980 2234 Wopk.
996 2179 1022 2234 p.
1040 2161 1088 2233 14)
1107 2160 1149 2215 sio
1165 2158 1256 2216 veiba
1281 2178 1334 2217 or·

256 2244 351 2300 dinat:
380 2249 404 2301 si
430 2248 548 2302 iacientes
575 2250 722 2314 minamur,
751 2250 921 2303 ertinwscunt
945 2250 1171 2320 praecipitaturos
1193 2248 1333 2305 alicunde.

256 2348 392 2404 perverse
416 2350 535 2404 prorsus
551 2332 675 2388 actionis
693 2332 867 2406 significatio
885 2341 1072 2405 separatura
1090 2331 1216 2387 minandi
1235 2331 1334 2387 verbo

256 2425 284 2471 ct
307 2416 420 2486 (addito
443 2417 530 2472 etiam
553 2419 688 2490 alicunde)
711 2436 775 2473 cum
800 2417 1009 2472 extimescendi
1033 2416 1235 2491 coniungitur.
1258 2435 1331 2473 cum

257 2500 311 2556 hoc
334 2500 391 2556 dici
415 2500 533 2565 debeat,
562 2502 598 2558 ad
626 2503 752 2578 speciem
781 2502 904 2577 periculi
933 2502 1065 2558 timorem
1090 2502 1175 2569 oriri;
1204 2519 1257 2557 nec
1283 2521 1331 2558 er-

257 2592 363 2642 timesco
380 2592 623 2661 praecipitatarum
647 2607 699 2663 pro
722 2606 766 2652 eo,
790 2588 868 2662 quod
892 2598 950 2644 est:
973 2593 1124 2643 ertirneeco.
1148 2606 1180 2642 ne
1202 2591 1265 2660 quie
1289 2608 1332 2644 me

252 2676 424 2746 praecipitet,
454 2672 557 2729 Latine
580 2673 693 2729 dicitur.
741 2672 771 2731 si
800 2673 890 2749 igitur
918 2673 998 2728 locus
1027 2683 1104 2728 recte
1132 2671 1259 2746 scriptus
1284 2684 1329 2729 est

256 2759 321 2827 (nec
339 2756 430 2813 ullum
451 2768 495 2813 est
514 2758 609 2813 mendi
628 2759 765 2815 indicium
789 2776 892 2831 neque.
917 2776 991 2831 quae
1014 2758 1071 2813 alia
1094 2758 1239 2831 scriptura
1263 2776 1330 2815 esse

256 2841 393 2915 potuerit,
415 2841 503 2899 facile
525 2845 731 2918 excogitatur),
754 2844 893 2900 omissum
913 2853 956 2899 est
980 2855 1047 2899 ante
1065 2843 1240 2898 infinitivum
1261 2862 1330 2917 pro·

256 2945 361 2983 nomen
384 2928 513 2984 eiusdem
533 2947 683 3002 personae,
707 2929 922 2985 cuiusverbum
937 2928 1093 3003 praecedit.
1117 2928 1193 3001 quod
1217 2928 1246 2983 in
1272 2928 1332 2985 hoc

255 3030 362 3086 genere
384 3013 520 3070 infinitivi
544 3015 697 3089 compositi
715 3014 792 3088 apud
811 3014 982 3072 Ciceronem
1000 3014 1041 3069 ita
1064 3032 1130 3069 raro
1152 3015 1194 3079 iit,
1218 3024 1249 3069 ut
1274 3013 1330 3070 du·

256 3098 427 3155 bitationem
452 3100 567 3155 habeat.
613 3101 659 3156 Ex
682 3101 718 3156 iis
741 3100 828 3162 locis,
852 3118 925 3173 quos
948 3099 1017 3155 olim
1041 3099 1220 3170 (Emendatt.
1244 3099 1328 3156 Tull.

223 3253 225 3260 Ι
256 3201 285 3257 p.
303 3184 373 3255 112)
392 3184 510 3259 protuli,
527 3204 616 3241 unum
634 3186 683 3256 (ad
701 3188 763 3241 Ati.
776 3186 862 3244 xvi.
879 3189 926 3254 ll,
940 3186 970 3258 8)
993 3185 1123 3240 codicum
1142 3184 1249 3240 iudicia
1268 3185 1332 3242 alio

256 3268 390 3335 trahunt3
407 3271 482 3327 alter
493 3270 542 3341 (ad
556 3274 619 3328 Att.
634 3273 674 3338 X,
689 3272 717 3339 7,
735 3274 762 3343 l)
775 3270 916 3326 eiusmodi
935 3270 1055 3325 verbum
1074 3269 1162 3325 habet
1176 3270 1278 3343 (pato),
1297 3270 1331 3326 in

256 3372 314 3426 quo
333 3355 424 3411 multo
441 3355 614 3412 insolentior
625 3376 660 3412 ea
672 3355 791 3413 omissio
803 3356 856 3424 sit;
874 3365 903 3411 et
920 3354 1060 3411 facillime
1077 3354 1218 3411 excidere·
1230 3355 1334 3430 potuit

149 3476 151 3481 ι
256 3458 305 3509 rna,
323 3436 369 3517 [ut
385 3460 414 3496 ee
430 3440 478 3496 hic
495 3442 535 3508 Il,
554 3438 618 3520 88].
655 3443 787 3511 Restant,
805 3442 855 3515 qui
873 3441 983 3497 nullum
1003 3440 1098 3496 mendi
1118 3440 1257 3496 indicium
1276 3440 1333 3497 ha·

257 3524 353 3592 beant,
372 3536 489 3601 praeter
506 3528 582 3583 hunc
599 3527 694 3583 locum
713 3526 770 3583 duo
783 3527 985 3595 verrinarum,
1003 3527 1028 3591 1.
1043 3526 1081 3581 97
1101 3538 1129 3580 et
1142 3526 1182 3584 II.
1196 3525 1245 3588 93,
1265 3537 1333 3583 tum

255 3627 308 3683 pro
321 3609 437 3668 Cluent.
453 3613 525 3668 176:
544 3613 588 3668 De
605 3614 653 3669 troc
666 3613 792 3669 Stratone
804 3645 843 3654 —
855 3616 1039 3686 qrtaeaitararn
1055 3631 1112 3666 esse
1129 3613 1207 3670 (licit.
1225 3611 1333 3685 inquo

256 3705 353 3751 tamen
366 3696 394 3752 ic
408 3706 452 3753 est
464 3698 584 3762 insoliti,
598 3699 675 3772 quod
688 3698 805 3754 additur
816 3717 881 3759 ecee,
901 3694 945 3777 [et
957 3716 1009 3770 pro
1022 3696 1085 3752 Mil.
1100 3697 1137 3752 96
1151 3696 1180 3751 in
1193 3695 1332 3753 codicum

256 3781 408 3856 scriptura.
422 3782 473 3839 sed
485 3783 520 3839 ad
533 3784 736 3858 corrigendum
749 3778 915 3861 facillima}
940 3784 1042 3854 (Recte
1055 3781 1132 3837 enim
1145 3801 1162 3838 a
1174 3782 1334 3858 Kruegero

256 3865 291 3921 de
309 3868 483 3924 attractione
501 3889 529 3943 p.
540 3869 600 3925 338
613 3888 676 3943 sqq.
697 3869 883 3926 observatum
903 3879 956 3935 est,
974 3867 1123 3923 rarissima
1140 3866 1170 3922 id
1186 3867 1266 3941 apud
1283 3867 1335 3923 hi·

256 3951 388 4019 storicos,
401 3954 451 4026 qui
463 3953 518 4011 hoc
529 3973 621 4030 genus
632 3953 829 4028 frequentant,
837 3954 914 4021 addi,
922 3954 999 4028 apud
1008 3952 1231 4017 Linxxvm,
1240 3952 1291 4019 23,
1301 3954 1334 4020 6,

256 4037 411 4107 XXXIII,
424 4040 474 4107 49,
487 4042 516 4108 4,
532 4041 597 4109 XL,
611 4043 640 4108 4,
654 4041 682 4099 8.
700 4040 800 4108 XLII,
816 4041 861 4101 10.
878 4041 931 4106 15;
950 4057 1016 4094 nam
1030 4038 1129 4104 XLII,
1144 4039 1193 4106 24,
1208 4039 1223 4093 7
1238 4038 1334 4095 aliam

256 4121 345 4179 habet
367 4124 533 4197 rationem.)
570 4125 628 4183 Sed
651 4125 785 4199 quamvis
808 4125 880 4180 haec
903 4142 997 4199 pauca
1019 4124 1077 4180 sint
1101 4123 1246 4197 exempla,
1270 4141 1334 4181 non

256 4207 349 4264 audeo
371 4218 469 4265 tamen
492 4229 510 4266 a
521 4209 663 4269 Cicerone
681 4210 849 4266 abiudicata
866 4210 895 4266 id
918 4227 1019 4284 genus.
1043 4228 1101 4283 quo
1114 4207 1223 4266 Caesar
1240 4227 1336 4285 saepe

256 4292 348 4349 utitur
370 4305 399 4350 et
421 4304 488 4351 ante
511 4297 668 4353 Terentius
686 4296 792 4366 (Andr.
811 4297 853 4366 II,
867 4296 895 4365 3,
909 4296 970 4369 27).
1006 4296 1039 4351 ln
1063 4294 1162 4351 futuro
1180 4294 1337 4353 condicio-

256 4378 317 4435 nali
343 4381 495 4452 (facturam
518 4384 619 4456 suisne)
647 4400 807 4457 pronomen
836 4381 982 4438 omittitur
1004 4380 1133 4455 Philipp.
1157 4381 1194 4448 V,
1215 4379 1272 4448 39,
1303 4380 1337 4437 in

257 4463 321 4523 cod.
346 4466 415 4524 Vat.
438 4466 525 4523 etiam
549 4467 636 4536 VIII,
661 4469 690 4526 2.
