3030 5086
405 509 449 553 ur
467 485 554 552 'man
577 506 640 551 nra.
664 507 697 552 tv
720 506 793 553 cxc.
816 508 890 554 5-o.
906 506 1039 568 (ra-rr.)
1193 486 1257 551 499

267 676 321 738 Vl.
346 676 394 739 14.
440 675 502 738 Sed
523 673 601 738 haec
623 675 781 738 hactenus.
826 673 917 738 Nunc
938 673 1108 749 videamus,
1131 692 1257 755 quaeso,

183 780 365 842 desummo
388 777 478 853 bono,
501 776 585 856 quod
607 776 744 840 continet
765 775 1010 855 philosophiam,
1033 776 1108 856 quid
1131 776 1258 840 tandem

183 878 330 953 attulerit,
354 878 555 957 quamobrem
574 878 614 942 ab
632 877 847 942 inventoribus
865 884 1022 957 tamquam
1039 897 1060 941 a
1077 878 1258 957 parentibus

183 980 370 1044 dissentiret.
404 979 472 1042 Hoc
490 979 585 1057 igitur
601 979 891 1059 loen,·quamquam
913 998 933 1042 a
956 988 995 1054 te,
1019 979 1104 1058 Cato,
1127 979 1259 1058 diligen-

182 1090 231 1146 ter
255 1088 303 1145 est
324 1080 528 1161 explicatum,
557 1077 629 1142 finis
656 1078 706 1143 hic
733 1080 884 1143 bonorum
913 1089 945 1144 et
971 1081 1024 1160 qui
1052 1099 1072 1143 a
1094 1079 1204 1144 Stoicis
1228 1079 1299 1146 etb

183 1182 444 1265 quemadmodum
455 1182 618 1257 diceretur,
635 1188 739 1245 tamen
751 1200 809 1262 ego
821 1200 946 1262 quoque
957 1200 1121 1262 exponam,
1140 1189 1259 1261 otper-

184 1284 361 1364 spiciamus,
378 1283 406 1346 si
423 1283 625 1362 potuerimus,
643 1281 791 1362 quidnam
802 1302 823 1346 a
834 1284 958 1348 Zenone
974 1283 1048 1346 novi
1065 1283 1106 1347 sit
1122 1283 1258 1347 allatum.

184 1388 261 1450 Cum
277 1385 359 1449 enim
371 1385 558 1465 superiores
576 1402 593 1448 e
610 1384 723 1464 quibus
740 1384 922 1466 planissime
934 1385 1070 1462 Polemo,
1088 1385 1258 1449 secundum

183 1495 328 1551 naturam
351 1486 456 1551 vivere
483 1505 636 1550 summum
664 1486 780 1551 bonum
802 1505 872 1552 esse
894 1486 1059 1564 dixissent,
1088 1487 1134 1550 his
1157 1487 1259 1551 verbis

183 1589 245 1652 tria
273 1585 438 1667 significari
468 1588 561 1652 Stoici
592 1588 712 1664 dicunt,
747 1608 840 1652 unum
870 1589 1036 1662 eiusmodi,
1070 1589 1174 1653 vivere
1201 1589 1258 1652 ad·
1279 1593 1322 1656 10

258 1782 276 1822 t.
296 1773 374 1822 tien
411 1780 432 1820 9.
452 1773 537 1836 ecquid
555 1774 597 1824 Or.
636 1779 657 1824 5.
677 1775 848 1837 explicarunt]
883 1775 945 1825 Post
962 1777 1072 1824 honoram
1092 1777 1151 1824 add.
1171 1791 1257 1825 omnes

185 1843 227 1906 qni
249 1842 348 1890 continet
369 1840 541 1905 philosophiam
561 1840 738 1907 (philosophari
756 1844 787 1907 ll)
840 1853 861 1891 et
883 1859 931 1895 om.
952 1846 973 1892 n
1026 1844 1078 1907 quur
1099 1842 1258 1911 [npeaor.

187 1917 207 1959 t.
234 1927 316 1958 noumn
340 1909 361 1959 C
411 1909 545 1972 plenissime
569 1910 614 1960 ch
668 1909 775 1975 [Polemo
799 1927 845 1961 om.
867 1911 900 1977 A]
955 1917 977 1962 9.
1001 1911 1101 1961 dnum
1121 1911 1262 1979 [Amnon

191 1986 225 2029 to,
244 1979 292 2026 trio
311 1990 405 2041 tranep.
424 1990 483 2042 port
501 1978 580 2028 Stoici
596 1978 616 2028 C

272 2151 344 2226 Cap.
368 2151 422 2212 Vt.
450 2152 495 2205 14.
537 2152 605 2223 qnid
627 2153 733 2207 tandem
755 2151 887 2225 attulerit)
911 2153 990 2209 Man.
1015 2161 1044 2209 et
1067 2153 1156 2210 ceteri
1180 2153 1260 2209 dein-

186 2255 255 2312 ceps
278 2237 375 2309 ecquid
396 2237 502 2291 tandem
531 2245 633 2292 contra
655 2236 772 2293 codices
795 2235 911 2314 ([AB,]
936 2236 1030 2303 Oxx.,
1054 2236 1122 2296 Gzii
1146 2236 1261 2316 omnes)

186 2340 239 2378 neo
262 2321 443 2388 necessari03
466 2331 495 2376 et
520 2339 587 2376 mox
611 2321 681 2377 dicit
705 2324 843 2394 protinam.
867 2341 924 2378 non
949 2325 1117 2396 ecquidnam.

271 2415 309 2461 est
331 2407 503 2479 explicatum,
520 2408 587 2478 ,inis
610 2408 652 2463 bio
674 2408 799 2462 bonorum
822 2406 891 2482 cet.)
915 2409 962 2465 Ita
984 2407 1126 2464 Davisius
1149 2408 1261 2465 eParr.

186 2491 289 2559 tribus,
303 2491 400 2546 hlead.
434 2492 589 2546 Accedunt
601 2479 693 2565 ntro,
712 2491 790 2561 Gzii,
809 2501 934 2567 excepto
946 2491 1026 2551 Gud.
1043 2493 1070 2561 2,
1095 2511 1206 2560 omnes,
1229 2501 1263 2548 ut

187 2577 309 2651 figuram
329 2576 408 2630 illam
423 2576 574 2644 orationis,
593 2577 715 2649 quaein
733 2578 917 2652 superiorum
936 2577 1097 2635 editionum
1116 2578 1263 2653 scriptura

187 2667 235 2733 (ex
249 2661 285 2732 C)
303 2671 374 2726 erut,
398 2679 496 2716 errore
519 2661 632 2717 librarii
656 2662 774 2718 minime
797 2664 912 2736 antiqui
935 2664 1010 2719 male
1028 2663 1119 2719 verba
1142 2664 1262 2719 coniun-

187 2747 282 2821 gentie
300 2755 393 2802 ortam
412 2763 477 2800 esse
494 2755 645 2819 appareat.
681 2746 764 2819 Quae
782 2747 811 2803 in
830 2748 980 2804 codicibus
997 2749 1145 2804 adduntur
1161 2749 1261 2814 verba,

186 2850 221 2887 en
244 2830 306 2886 iure
329 2830 385 2885 Th.
410 2830 561 2886 Bentleius
590 2840 619 2886 et
641 2831 796 2888 Ernestius
819 2833 1009 2900 damnarunt,
1039 2831 1132 2890 Gzius
1155 2833 1262 2889 omisit.

187 2917 278 2971 Recte
298 2932 387 2988 supra
404 2924 559 2988 ponuntur,
584 2915 643 2984 ubi,
668 2926 822 2990 postquam
846 2917 881 2973 de
905 2918 1068 2974 dialecticis
1087 2925 1116 2973 et
1132 2917 1262 2993 physicis

188 3001 276 3064 dixit,
307 3000 382 3054 redit
411 3000 446 3054 ad
475 3000 678 3074 gravissimam
708 3019 761 3057 suo
789 3001 898 3057 iudicio
927 3012 1055 3076 quartem,
1084 3020 1170 3075 quam
1194 3012 1263 3058 ante

187 3086 250 3156 (ξὸ
273 3094 302 3140 et
320 3086 350 3157 8)
374 3084 543 3152 distuleram
568 3085 614 3141 hic
637 3085 821 3160 putidissime
844 3095 1025 3160 repetuntur.
1069 3089 1146 3143 Tum
1170 3090 1266 3162 etqui

187 3170 329 3247 [etiarnB
352 3167 396 3245 et]
419 3189 456 3225 ex
480 3170 524 3226 ed.
543 3170 639 3243 prima
657 3170 808 3227 Manutius
828 3171 1061 3245 Lambinusque3
1085 3173 1173 3246 paulo
1197 3183 1264 3247 post

187 3256 341 3311 Ernestius
363 3259 389 3310 si
407 3258 561 3327 potcm'mns,
585 3264 617 3311 ut
640 3256 668 3312 in
682 3250 724 3323 Εξ
741 3256 893 3323 scribitur3
917 3257 1002 3332 attigi
1025 3257 1079 3313 hoc
1102 3257 1130 3312 in
1155 3257 1264 3331 disput.

188 3341 222 3396 de
246 3339 349 3396 formis
373 3340 546 3412 quibusdam
571 3341 653 3397 verbi
678 3341 785 3397 Latini.
828 3338 951 3421 [Opusc.
977 3343 1068 3398 Acad.
1094 3343 1124 3398 Il
1148 3362 1175 3417 p.
1197 3339 1263 3421 83]

274 3445 286 3479 e
309 3425 405 3497 quibua
424 3426 581 3498 planissime
592 3425 714 3498 Polemo)
732 3425 830 3483 Ceteri
850 3426 926 3482 enim
946 3427 1039 3501 magis
1057 3427 1133 3483 idem
1153 3427 1263 3503 signifi·

188 3519 289 3565 carent
301 3528 388 3582 quam
401 3510 488 3583 plane
501 3521 530 3565 et
542 3511 696 3585 perspicue
708 3510 854 3567 dixerant.
882 3513 1040 3568 Plenissime
1052 3531 1088 3568 ex
1101 3531 1160 3568 uno
1173 3531 1263 3568 euno-

187 3595 330 3651 tatnrOx.
339 3612 363 3667 χ.
374 3597 532 3668 planissime
544 3591 601 3670 mg.
610 3595 702 3660 Crat,
716 3598 779 3652 cod.
789 3597 872 3661 Mor..
886 3596 1071 3654 omnestii.
1096 3597 1263 3654 Antiochus

188 3682 265 3751 (nam
292 3680 377 3734 huius
400 3681 614 3749 arictoritatem,
638 3699 695 3737 non
719 3681 812 3755 ipsius
824 3682 993 3738 Polemonis
1016 3683 1126 3757 scripta
1145 3682 1264 3739 Cicero-

187 3784 253 3820 nem
278 3764 378 3836 sequi,
407 3775 530 3838 apparet
553 3784 590 3820 ex
613 3766 707 3822 Acad.
732 3767 777 3835 ΙΙ,
805 3767 876 3839 131)
905 3786 991 3840 quam
1021 3767 1146 3823 fideliter
1169 3767 1263 3841 ipsam

187 3849 357 3905 Polemonis
380 3849 536 3906 verborum
559 3850 716 3907 formulam
741 3851 933 3925 expresserit,
957 3871 1014 3907 non
1038 3861 1161 3909 constat.
1206 3851 1264 3908 Po·

187 3935 311 3990 lemonia
339 3935 415 3989 liber
442 3924 507 4008 neni
535 3931 590 3989 τοῦ
617 3926 694 3990 κατὰ
722 3924 811 4007 φύσιν
838 3929 904 4011 βίου
934 3936 1103 3993 nominatur
1130 3955 1148 3992 a
1171 3937 1264 3995 Clam.

187 4020 276 4076 Alex.
303 4019 410 4075 Strom.
437 4020 498 4074 VII
520 4039 547 4093 p.
573 4019 634 4076 304
659 4019 740 4095 Sylb.

274 4108 325 4158 trio
348 4107 496 4175 siqnisicori
518 4105 602 4161 Stoici
623 4104 728 4178 dieunt)
752 4105 879 4178 Quinam
904 4104 996 4163 Stoici
1019 4106 1094 4162 hanc
1117 4107 1263 4181 triplicem

187 4189 431 4264 significationem
456 4190 656 4264 exposuerint,
680 4189 799 4266 ign0r03
822 4209 876 4246 nec
895 4190 1033 4248 videntur
1049 4192 1078 4248 id
1096 4190 1194 4248 facere
1212 4210 1264 4267 po·

187 4275 288 4344 tuisse,
307 4274 376 4347 quin
395 4273 567 4343 faterentur,
585 4275 754 4350 ambiguum
773 4293 857 4331 suum
871 4294 934 4332 esse
945 4277 1032 4333 tinem
1047 4286 1074 4332 ct
1089 4276 1265 4352 interpreta-

187 4360 266 4416 tione
290 4359 474 4416 extrineecns
497 4361 591 4416 ascita
613 4360 838 4417 terminandum.
872 4362 976 4435 Itaque
1000 4361 1134 4418 nonnihil
1151 4361 1264 4429 dubito,

187 4453 304 4501 rectene
323 4443 431 4503 Stoicis
454 4445 528 4502 haec
550 4445 732 4515 tribuantur3
755 4445 898 4503 Antiochi
920 4463 985 4504 esse
1007 4445 1106 4522 potius
1127 4446 1264 4504 arbitror.

1008 4560 1059 4611 32*
