3030 5086
323 471 386 537 848
735 486 910 537 excussus
932 488 988 537 vu.

323 671 355 719 et
378 664 413 720 61
440 661 540 736 ibique
562 661 761 736 ascripsimus,
784 660 891 736 quibus
914 661 1012 718 verbis
1035 660 1137 718 eadem
1157 660 1347 720 Stobaeensis
1369 663 1399 719 in

326 747 492 807 Stoicorum
526 746 709 804 decretorum
742 745 928 803 enarratione
957 745 1195 822 comprehendat.
1245 748 1400 805 Postremo

327 831 540 907 Peripateticos
574 830 648 890 Cato
682 831 761 907 apud
793 830 966 890 Ciceronem
995 832 1059 901 111,
1087 831 1128 889 48
1161 832 1252 889 tradit
1284 832 1399 901 docere,

325 918 441 975 beatam
465 917 556 972 vitam
580 912 831 991 συμπληροῦσθαι
852 935 890 973 ex
913 916 1050 974 omnibus
1072 915 1123 983 iis,
1146 935 1222 991 quae
1244 917 1301 994 ipsi
1324 917 1401 975 bona

325 1002 485 1078 appellent,
507 1000 763 1076 confirmaturque,
782 1001 861 1074 quod
877 1001 956 1071 dicit,
980 1001 1149 1060 delinitione
1167 1021 1210 1071 ea,
1230 1021 1305 1077 quae
1323 1002 1400 1078 apud

326 1088 538 1146 Stobaeenscm
561 1106 589 1161 p.
608 1086 647 1143 56
675 1087 740 1150 τοῖς
766 1075 826 1142 alal
849 1074 1023 1161 Κριτολάου
1052 1078 1206 1162 νεωτέροις
1228 1087 1401 1162 Περιπατη·

324 1174 417 1238 sisois
440 1170 592 1240 tribuitur,
622 1179 651 1227 ct
679 1189 697 1226 a
719 1169 871 1229 Clemente
895 1169 984 1226 Alex.
1006 1171 1038 1227 II
1062 1165 1296 1246 Strom.'p.179
1316 1171 1400 1248 Sylb.

326 1257 360 1313 ln
384 1256 478 1314 altera
500 1256 566 1325 illa,
595 1256 631 1313 (le
653 1274 712 1330 qua
735 1273 811 1313 nunc
834 1256 953 1329 loquor,
981 1257 1060 1331 apud
1082 1256 1223 1313 Ioannem
1247 1256 1399 1331 Peripate·

326 1343 402 1398 ticao
425 1341 588 1399 sententies
616 1341 802 1416 expositione
829 1350 954 1417 negatur
984 1341 1069 1397 fluam
1099 1340 1184 1398 bonis
1212 1342 1345 1417 corporis
1372 1353 1403 1399 et

324 1428 457 1484 externis
480 1426 564 1484 bonis
587 1422 848 1502 συμπληροῦσθαι.
888 1426 927 1483 tu
949 1427 1076 1503 negabat
1098 1426 1274 1497 Antiochus,
1298 1427 1401 1496 saltem

325 1513 362 1569 de
385 1511 517 1569 externis
539 1512 589 1586 (V,
614 1511 652 1568 67
677 1519 706 1566 et
730 1511 796 1583 68),
827 1511 873 1568 hic
903 1529 1021 1586 quoque
1048 1512 1085 1568 ad
1109 1510 1226 1570 Stoicos
1248 1512 1402 1570 inclinans.

326 1599 472 1673 Apparet,
496 1597 610 1672 opinor,
634 1614 744 1656 eorurn.
767 1613 842 1669 quae
865 1595 943 1672 apud
960 1597 1101 1654 Ioannem
1119 1598 1284 1666 traduntur,
1307 1615 1402 1672 neque

326 1681 491 1741 Critolaum
513 1691 662 1739 auctorem
680 1698 744 1737 esse
762 1699 849 1756 posse
872 1699 967 1754 neque
989 1681 1078 1738 aliurn
1102 1701 1278 1757 quemquam
1301 1700 1402 1739 recen·

326 1767 435 1825 tiorum
464 1766 744 1843 Peripateticorum.
774 1766 825 1840 qui
853 1766 1037 1841 disciplinam
1067 1786 1084 1823 a
1112 1766 1213 1826 Stoice
1241 1767 1401 1824 seiunctam

327 1852 497 1920 habuerint,
526 1852 577 1910 sed
601 1851 781 1908 Antiochum
811 1851 889 1908 hunc
911 1870 984 1909 esse.
1031 1851 1108 1910 Nam
1157 1853 1214 1910 uod
1239 1853 1403 1910 Haerenius

327 1947 437 2006 namet,
464 1938 554 2004 ,haec
571 1936 728 2012 praecipue
746 1954 783 1992 ex
801 1936 873 2012 ipsis
887 1936 1058 1994 Aristotelis
1075 1955 1088 1994 s
1155 1937 1202 2005 tis,
1225 1957 1300 2013 qnae
1318 1938 1403 1996 nobie

327 2023 423 2080 adhuc
445 2022 602 2098 supersint,
625 2022 731 2079 heusta
753 2027 848 2095 esse“,
872 2040 929 2079 non
952 2021 1129 2098 scripsisset,
1152 2023 1177 2079 si
1200 2023 1264 2099 ipse
1285 2023 1402 2081 Aristo·

325 2108 394 2166 telis
417 2108 515 2165 ethica
536 2117 692 2165 tractasset
713 2119 764 2164 aut
786 2107 974 2164 mediocriter
995 2107 1150 2184 attigisset.
