3030 5086
449 519 492 563 en
516 518 596 564 uun.
618 517 682 562 nra.
707 518 727 563 v
750 516 823 562 cae.
846 520 866 567 r.
886 518 982 577 n-s.)
1189 499 1252 563 607

180 693 228 750 est
256 686 368 766 maior)
390 685 528 749 solebam
555 685 679 749 intuens
702 684 891 765 Scipionem,
919 683 1081 761 Catonem,
1102 683 1253 761 Laelium,

181 795 322 851 nostrum
344 806 418 852 vero
446 788 476 850 in
505 786 614 868 primis
636 804 729 850 avum
751 787 903 866 cogitare3
933 792 1022 850 tanta
1043 785 1091 849 vis
1113 785 1253 849 admoni-

180 888 272 953 tionis
301 889 384 952 inest
410 890 443 953 in
470 888 559 965 locis3
589 896 714 952 utnon
741 887 810 951 sine
837 906 932 952 causa
961 907 998 953 ex
1020 888 1059 950 iis
1086 886 1253 951 memoriae

181 991 274 1053 ducta
297 990 337 1054 sit
359 989 530 1070 disciplina.
574 991 603 1053 3.
627 988 706 1052 Tum
729 989 877 1068 Quintus:
900 989 959 1054 Est
979 988 1086 1069 plane,
1108 989 1196 1065 Piso,
1218 994 1255 1051 ut
1346 1041 1349 1046 .

179 1091 264 1168 dicis,
287 1091 395 1172 inquit
433 1092 515 1155 Nam
536 1090 711 1172 meipsum
733 1090 794 1154 huc
813 1092 907 1155 modo
928 1089 1101 1155 venientem
1123 1090 1292 1154 conver-5

179 1193 266 1256 tebet
287 1194 327 1256 ad
350 1211 420 1257 sese
432 1192 585 1257 Coloneus
607 1190 658 1255 ille
679 1190 774 1269 locus,
796 1192 883 1256 cuius
905 1191 1007 1256 incola
1024 1191 1192 1271 Sophocles
1212 1190 1252 1254 ob

192 1405 194 1409 ,
248 1367 270 1412 2.
290 1361 456 1410 admirationis
474 1361 495 1411 C
513 1361 582 1421 (mest
600 1359 766 1409 admonitionis
786 1359 816 1423 P)
868 1365 891 1410 3.
909 1360 945 1409 aa
965 1360 1052 1410 PCOr.
1106 1367 1128 1410 4.
1148 1360 1214 1409 dicta
1232 1359 1252 1408 P

180 1448 231 1478 cum
255 1427 395 1486 Quintam
428 1430 542 1494 piansE

179 1569 281 1625 truelis
314 1569 414 1625 amissi
447 1578 585 1633 renovat,
619 1587 677 1625 non
711 1568 807 1643 potnit
839 1566 881 1623 ita
913 1566 1063 1623 oblivione
1090 1566 1252 1641 implicari3

178 1653 375 1727 facillimeque
387 1673 434 1710 ses
446 1653 610 1728 expeditur.
644 1654 790 1710 Hostiliam
808 1651 885 1708 enim
903 1652 1021 1726 proprie
1039 1651 1251 1726 appallateam

178 1738 306 1805 curiam,
335 1757 410 1812 qnae
433 1738 490 1795 fuit
513 1747 580 1794 ante
604 1739 636 1795 L.
660 1737 773 1796 Sullam
796 1736 983 1794 dictatorem.
1007 1736 1035 1792 in
1060 1755 1118 1810 qua
1141 1736 1252 1810 Scipio,

178 1825 269 1892 Cato,
294 1824 412 1880 Laelius
435 1823 770 1888 sentcntiasdixerant,
793 1832 1024 1889 assumentem,
1048 1839 1135 1895 quarn
1159 1820 1254 1894 Sulla,

177 1919 276 1965 vetere
300 1917 412 1964 mutata
434 1918 464 1963 et
486 1908 673 1982 amplificata,
696 1907 807 1964 fecerat
824 1925 883 1963 uno
901 1917 952 1962 aut
968 1907 1061 1962 altero
1079 1924 1156 1962 anno
1173 1917 1251 1968 anto,

177 2013 263 2068 quum
296 1993 343 2049 hic
371 2012 467 2049 sermo
490 1993 592 2049 haberi
615 1992 734 2067 fingitur
756 1996 794 2063 (a.
820 1994 856 2048 81
883 2001 934 2048 aut
957 1993 1018 2064 80).
1064 1992 1169 2084 Itaque
1193 1989 1252 2046 Dio

178 2078 259 2138 Cass.
279 2079 345 2145 XL
359 2079 399 2135 50
422 2079 459 2134 de
482 2097 526 2142 ea,
549 2096 624 2151 qnae
647 2077 853 2167 conflagravit:
868 2062 929 2132 Hs
951 2067 1004 2148 pir
1026 2093 1082 2151 rap
1104 2066 1140 2131 τὸ
1160 2064 1251 2129 Ossi-

177 2160 254 2229 λων,
282 2178 498 2235 μετεσκευαστο
527 2152 596 2218 δὲ
580 2152 637 2218 υπὸ
660 2160 714 2218 τοῦ
736 2146 864 2217 Συλλου.
910 2162 1010 2234 Atque
1033 2170 1154 2235 propter
1176 2159 1252 2214 hanc

177 2248 270 2322 ipsam
295 2265 423 2315 causam,
447 2247 523 2320 quod
548 2265 582 2302 ea
606 2246 723 2321 proprie
740 2245 880 2304 Cornelia
899 2255 962 2301 erat
978 2248 1085 2319 (neque
1102 2243 1252 2302 Asconius

178 2332 334 2389 Hostiliam
359 2331 535 2406 deflagrasse
558 2315 654 2403 dicit),
683 2332 793 2387 Fausto
821 2330 968 2386 restitutio
990 2330 1059 2386 data
1081 2340 1140 2398 est,
1169 2329 1252 2384 cuins

176 2435 249 2492 opus
272 2416 397 2473 fortasse
420 2417 477 2471 iam
501 2427 579 2483 turn,
602 2434 668 2472 cum
691 2415 796 2474 Cicero
820 2415 892 2471 haec
914 2414 1046 2489 scripsit,
1070 2414 1251 2470 destructum

176 2513 238 2558 erat
266 2511 316 2557 aut
338 2501 545 2557 destruebatur
566 2501 637 2574 (vid.
662 2501 720 2556 Dio
743 2500 825 2558 Cass.
850 2500 964 2567 XLIV,
988 2499 1029 2571 5).
1072 2501 1166 2556 Minor
1188 2497 1254 2553 milri

176 2586 269 2643 Gaius
292 2597 442 2660 tamqnam
465 2606 481 2642 e
504 2585 583 2644 Gud.
607 2595 729 2659 utroque
752 2594 782 2641 et
805 2585 872 2640 Bas.
918 2585 971 2641 Est
994 2584 1036 2640 sic
1059 2584 1088 2640 in
1111 2583 1174 2640 Eri.
1210 2580 1252 2659 [B

176 2677 262 2728 minor
283 2690 340 2727 esse
361 2668 451 2746 milri]

261 2766 379 2811 nostram
401 2775 463 2811 voro
484 2758 622 2829 inprimis
639 2752 733 2826 ausim)
752 2753 914 2828 Significat,
932 2753 1047 2828 opinor,
1065 2753 1099 2810 L.
1111 2753 1249 2809 Pisonem

176 2860 252 2903 eturn,
276 2841 326 2914 qui
345 2840 456 2913 primns
467 2840 559 2915 Frugi
576 2856 736 2913 cognomen
756 2838 870 2905 meruit,
894 2837 1006 2912 primae
1022 2837 1251 2913 repetundarum

175 2926 250 3000 legis
278 2937 441 2979 atrctnrom.
464 2925 620 2980 annalium
649 2922 836 2997 scriptorem,
865 2923 1017 2995 antiquum
1047 2921 1193 2977 hominem
1222 2928 1253 2976 et

177 3028 320 3065 severum.
345 3008 524 3066 clarissimae
547 3009 651 3064 ianrae.
693 3007 793 3080 ipsum
817 3008 893 3062 enim
919 3008 960 3064 M.
984 3006 1163 3082 appellatum
1187 3023 1252 3061 esse

177 3095 276 3168 Frugi,
300 3095 408 3151 scimus
426 3113 441 3149 e
459 3093 623 3168 fragmento
642 3093 766 3165 quodam
787 3092 929 3148 orationis
946 3109 1000 3165 pro
1013 3091 1119 3147 Flacco
1136 3089 1249 3162 (Schol.

176 3180 309 3237 Ciceron.
328 3180 360 3235 Il
373 3199 400 3253 p.
416 3180 476 3235 233
495 3179 539 3235 ed.
552 3178 625 3248 Oa).
672 3177 706 3232 ln
730 3176 873 3252 proximis
890 3176 989 3232 verbis
1006 3185 1081 3232 tanto
1103 3193 1162 3230 non
1185 3192 1250 3230 cnm

176 3275 204 3320 nt
225 3265 421 3339 ooninngitnr,
445 3264 495 3320 sed
519 3263 555 3319 ad
579 3261 732 3337 strperiora
754 3260 882 3318 refertur
903 3265 949 3331 (ut
971 3270 1091 3335 propter
1113 3278 1176 3316 earn
1200 3259 1252 3314 illa

176 3350 238 3405 fieri
262 3349 402 3415 solenntl;
431 3358 493 3404 tum
517 3347 687 3437 adiungitur
708 3347 891 3403 consecutio·
915 3345 981 3417 (ita)
1005 3355 1032 3401 ut
1055 3354 1110 3401 cet.
1155 3344 1250 3403 Simo·

177 3434 292 3489 uideam
316 3443 408 3489 artem
432 3417 611 3507 prppoosup'r
632 3431 791 3506 significari
813 3441 946 3506 apparet.

262 3519 289 3575 3.
319 3519 447 3575 Coloneus
469 3520 513 3573 ills
535 3516 621 3589 locus)
638 3517 713 3573 Mire
736 3516 844 3572 dictum
869 3515 986 3572 videtur
1008 3525 1037 3571 et
1059 3523 1111 3571 aut
1136 3514 1251 3570 Columna

174 3605 217 3659 ilie
238 3604 404 3678 ponendum
428 3601 533 3671 fuisse,
562 3602 639 3674 quod
663 3600 834 3657 Bromium
859 3610 984 3656 mentem
1009 3600 1103 3663 venit,
1131 3607 1196 3663 ant,
1224 3597 1249 3653 si

174 3707 280 3744 nomon
303 3687 515 3763 appellativum
538 3686 646 3742 addere
669 3687 813 3761 placeret,
843 3685 895 3742 tali
922 3686 1061 3741 utendum
1086 3682 1190 3752 luisse,
1219 3681 1248 3737 in

174 3792 232 3846 qun
255 3774 421 3847 proprietas
442 3771 540 3844 aliqua
564 3781 730 3839 notaretur,
755 3770 849 3838 volut,
878 3771 957 3845 quod
980 3767 1177 3828 Valckenario
1199 3766 1248 3838 (ad

174 3857 348 3916 Callimach.
363 3878 391 3932 p.
406 3856 613 3930 216)placuit,
640 3857 768 3913 Coloneus
791 3858 834 3911 ille
856 3858 940 3912 litora.
975 3854 1033 3913 Sed
1057 3854 1119 3908 lieri
1142 3861 1249 3927 potest,

174 3954 207 4000 ut
229 3941 334 4001 Cicero
364 3942 416 3998 illa
443 3941 703 3997 circumlocutione
733 3958 803 3997 usus
829 3940 882 4009 sit,
911 3940 989 4014 qnod
1015 3939 1129 3996 Calones
1156 3936 1249 3993 ambi·

173 4029 314 4103 gnitatem
338 4027 467 4083 habebat
484 4037 605 4100 propter
623 4025 757 4082 Latinam
776 4042 876 4082 vocem
897 4024 1055 4081 earundem
1075 4023 1249 4079 litterarum.

174 4112 259 4185 Quod
284 4112 447 4168 Pausanias
470 4113 507 4179 (Ι
527 4111 614 4169 304
597 4109 796 4183 4)Colonum
820 4110 892 4167 dicit
914 4128 977 4166 esse
1000 4109 1129 4177 locum(
1119 4102 1248 4180 (χῶρον),

173 4198 202 4253 id
226 4197 342 4270 quidem
366 4197 403 4252 ad
427 4196 501 4253 hano
524 4215 584 4250 rem
609 4195 681 4251 nihil
706 4194 841 4269 pertinet.
885 4194 940 4272 [M.
964 4190 1144 4268 Hauptius'
1135 4208 1164 4247 m
1188 4189 1248 4247 ind.

173 4283 264 4338 schol.
290 4283 387 4338 Berol.
408 4283 487 4338 1867
512 4301 585 4337 osores
608 4280 795 4337 scribendum
819 4280 954 4354 putabet,
982 4288 1014 4334 ut
1042 4274 1135 4352 δῆμος
1163 4276 1249 4331 intel·

172 4365 344 4443 legeretur]
390 4367 425 4439 Q.
450 4367 622 4425 Ciceronem
648 4365 744 4440 ipsum
767 4365 934 4440 tragoedias
955 4362 1123 4438 scripsisse,
1146 4361 1249 4417 memi-

173 4451 251 4508 nisse
274 4452 425 4509 debemus.
