3030 5086
255 470 316 536 168
644 487 688 533 nn
710 486 842 535 sturmis
865 486 935 534 aon.

252 655 474 738 quodquidam
487 654 742 737 egoapriucipio
759 656 805 720 ita
821 664 869 720 m'e
883 649 974 720 malle
984 655 1133 732 dixeram,
1149 654 1209 720 hoc
1224 656 1330 738 ipsum

252 757 436 839 providem,
458 758 636 823 dialecticas
659 757 828 838 captiones.
873 755 1039 822 Rhetorice
1060 756 1168 837 igitur,
1191 757 1330 838 inquam,

252 878 310 924 nos
332 860 430 924 mavis
453 877 546 939 quarn
568 858 727 924 dialectice
749 858 932 940 disputare?
982 858 1079 938 Quasi
1101 877 1191 937 vero,
1217 858 1330 940 inquit,

252 972 405 1043 perpetua
427 960 527 1026 oratio
549 960 710 1026 rhetorum
732 961 848 1037 solum,
871 978 933 1024 non
956 960 1048 1026 etiarn
1070 958 1330 1042 philosophorum

214 1064 301 1131 hsit.
345 1063 479 1129 Zenonis
501 1069 559 1142 est,
580 1063 716 1144 inquam,
738 1062 797 1128 hnc
813 1062 922 1142 Stoici;
945 1081 1067 1127 omnem
1090 1063 1150 1126 rim
1172 1061 1330 1144 loquendi,

324 1239 345 1286 1,
368 1231 439 1300 [male
456 1232 503 1298 ΑΙ]
541 1238 564 1281 2.
582 1232 712 1298 provideas
732 1233 751 1282 P
784 1233 966 1298 posiderunt.
1003 1238 1025 1284 5,
1048 1231 1132 1300 {inquit
1149 1231 1197 1300 N]

252 1374 289 1430 ad
301 1373 326 1442 1,
341 1373 374 1443 93
397 1373 449 1430 sed
471 1373 640 1448 imperativi
663 1373 851 1431 omissionem
875 1392 911 1429 ne
934 1382 1052 1430 nostrae
1075 1373 1193 1446 quidem
1210 1372 1329 1448 lingvae

251 1469 410 1535 respuunt,
443 1458 542 1515 animo
575 1458 605 1515 in
638 1477 697 1516 una
730 1459 849 1516 notione
876 1458 986 1516 obiecti
1013 1458 1161 1515 haerente.
1211 1456 1330 1517 Graeca

252 1544 389 1620 exempla
416 1543 445 1600 in
475 1544 602 1601 vetando
631 1530 696 1619 (μή,
724 1527 765 1619 μή
793 1547 856 1617 μοι)
885 1543 1069 1618 collegerunt
1098 1541 1263 1600 Brunolrius
1291 1541 1330 1599 ad

252 1629 408 1705 Sophoclis
430 1629 532 1704 Antig.
557 1649 583 1684 v.
598 1630 669 1693 577,
693 1630 727 1688 1..
753 1628 858 1686 Bosius
881 1649 909 1704 p.
926 1630 986 1686 636
1011 1627 1137 1699 Sabaei,
1161 1628 1199 1685 al.

337 1716 412 1789 quod
443 1716 551 1788 qnidam
580 1746 617 1757 -
648 1719 687 1771 ita
716 1735 756 1771 ma
783 1715 875 1785 snalla)
910 1714 963 1771 Eat
996 1715 1097 1788 aliqua
1131 1733 1187 1771 non
1223 1731 1331 1789 magna

252 1799 434 1857 abundantia
455 1799 613 1870 orationis,
644 1799 689 1869 id,
718 1799 797 1874 quod
825 1799 854 1856 in
883 1799 1008 1856 relativo
1036 1799 1214 1874 generaliter
1241 1799 1330 1869 inest,

252 1884 418 1943 distinctius
447 1903 500 1959 par
522 1885 698 1961 epexegesim
722 1885 915 1961 exprimentis
938 1885 1039 1942 addito
1061 1889 1114 1954 ita;
1142 1883 1330 1958 offensusque

252 1979 297 2028 est
325 1969 474 2027 Davisius.
525 1970 669 2029 Prorsus·
685 1971 786 2027 eodem
818 1970 904 2027 modo
934 1970 999 2044 (sed
1025 1970 1056 2027 in
1085 1969 1330 2041 demonstrativo)

252 2061 266 2126 ξ
292 2056 346 2112 28:
375 2075 425 2112 cnr
446 2057 482 2113 id
504 2075 554 2111 raon
577 2059 625 2112 ita
640 2058 694 2129 fit?
738 2056 877 2112 Eiusdem
901 2055 1018 2131 generis
1040 2055 1113 2112 haec
1135 2066 1204 2112 suut
1225 2056 1328 2129 (unum

252 2154 281 2198 et
303 2141 428 2198 alterum
452 2140 695 2217 aWesenbergio
711 2140 993 2215 subnrinistraturn);
1016 2159 1105 2215 supra
1119 2141 1147 2210 l,
1161 2141 1216 2198 26:
1239 2140 1332 2215 praed
1379 2144 1386 2153 “

127 2222 131 2227 ’
252 2227 299 2283 tihi
322 2231 370 2284 ita
392 2228 479 2283 or'derr¹
500 2246 604 2284 necesse
625 2237 678 2294 eat,
701 2225 780 2283 inira
803 2228 840 2296 V,
861 2228 917 2284 77:
939 2228 1107 2301 quodnisi
1127 2229 1176 2282 ita
1197 2227 1329 2300 officiium

252 2331 305 2387 pro
329 2311 393 2370 Mil.
419 2313 473 2369 31:
496 2314 522 2369 ai
543 2313 601 2369 hoc
622 2332 696 2369 nenio
717 2322 834 2369 vestram
856 2317 905 2370 ita
926 2314 1019 2380 sentin
1042 2312 1073 2369 ΙΙ
1096 2311 1131 2367 de
1154 2310 1256 2369 Divin.
1273 2311 1330 2367 212

252 2399 342 2472 qood
369 2407 438 2454 certe
464 2398 537 2454 vohis
565 2402 614 2455 ito
642 2399 783 2454 dicendum
811 2407 864 2462 esu
898 2397 914 2454 1
936 2396 973 2454 da
1000 2397 1039 2454 N.
1069 2397 1106 2454 D.
1137 2397 1192 2453 84:
1226 2396 1331 2454 [atad

252 2485 360 2558 qrtr'dem
383 2488 431 2541 ito
454 2483 526 2539 cobis
548 2485 636 2540 dicere
658 2502 762 2539 neccsse
783 2474 835 2552 e'st3
867 2483 955 2540 Tusa.
980 2483 1016 2540 V.
1041 2483 1096 2539 46:
1119 2483 1259 2556 quodni
1280 2484 1331 2539 ita

252 2569 408 2632 tenebimus:
432 2568 539 2625 Parad.
552 2587 682 2643 prooem.
697 2568 730 2624 3:
753 2570 923 2642 quodcum
945 2570 994 2624 ita
1012 2578 1153 2642 pictoreum
1176 2567 1212 2623 de
1234 2562 1328 2643 Lsgg.

252 2654 294 2721 ΙΙ,
319 2654 374 2710 31:
408 2653 503 2728 il'eque
524 2673 586 2710 cero
607 2654 680 2723 hoc,
709 2657 775 2728 quic
796 2673 855 2709 auris
877 2657 934 2728 ipsa
955 2672 1060 2726 captor,
1088 2655 1138 2709 ito
1159 2654 1256 2721 senam
1290 2650 1330 2709 ad

254 2738 346 2796 Attio.
380 2739 458 2796 XVI
465 2781 472 2801 ,
509 2738 542 2795 9:
581 2741 671 2812 priori
708 2740 815 2812 paridem
855 2741 903 2795 ita
936 2739 1024 2795 cretio.
1079 2737 1152 2795 Alia
1184 2736 1329 2811 quasdam

253 2824 390 2899 exempla
413 2824 503 2880 hahet
524 2823 660 2881 Handins
682 2824 712 2880 in
735 2824 821 2881 Turs.
845 2824 893 2881 ΙΙΙ
916 2843 944 2898 p.
958 2824 1030 2893 485,
1053 2841 1082 2882 u.
1105 2823 1158 2893 10,
1181 2823 1232 2897 qui
1255 2822 1331 2880 miro

252 2927 351 2967 errore
373 2928 403 2984 p.
421 2909 483 2965 492
507 2908 537 2964 in
565 2909 621 2966 hoc
648 2917 678 2965 et
705 2909 764 2966 alio
792 2908 882 2966 simili
904 2908 985 2975 loco,
1014 2926 1102 2982 quern
1131 2925 1190 2965 non
1213 2907 1331 2984 reperio

253 2995 302 3068 (ad
325 2996 389 3052 Att.
413 2994 478 3065 IX,
506 2997 542 3051 14
567 3012 624 3051 non
648 2997 720 3067 est),
750 2997 788 3051 ita
811 2994 874 3051 vult
902 3012 966 3051 essa
994 3004 1068 3051 mato
1089 3013 1181 3069 opere,
1214 2994 1330 3069 opinor,

253 3079 341 3137 etiarn
375 3098 453 3136 novo
486 3079 574 3136 modo
606 3079 759 3153 (quoniam
792 3080 865 3137 haec
898 3079 1025 3154 diiungit
1063 3079 1101 3136 ab
1134 3079 1216 3151 aliis,
1253 3096 1332 3153 quaa

253 3174 392 3241 posuerat
415 3183 443 3239 p.
462 3165 523 3222 473
546 3174 576 3222 at
598 3165 689 3236 487),
724 3174 756 3221 nt
785 3164 921 3223 absolute
943 3164 1133 3239 intellegatur
1160 3182 1254 3239 paene
1276 3181 1332 3239 pro

254 3252 332 3307 calda
361 3252 431 3324 (asoa
459 3251 502 3307 ich
524 3260 612 3323 eapte,
646 3252 713 3307 dass
740 3251 783 3307 ich
810 3271 840 3308 so
868 3252 931 3308 sehr
957 3252 1103 3322 udirrsche).
1153 3247 1334 3322 Quintiliani

253 3336 336 3393 locus
363 3335 531 3410 pertinebat
561 3335 597 3391 ad
632 3355 660 3411 p.
680 3337 757 3404 496,
792 3345 1003 3409 monueratque
1037 3335 1094 3393 iam
1129 3334 1332 3411 Spaldingins‚

254 3420 354 3478 Plauti
382 3421 419 3477 ad
447 3440 476 3497 p.
497 3421 558 3478 488
581 3420 648 3492 (cfr.
672 3440 700 3477 v.
718 3423 781 3494 44).
827 3420 903 3499 [Pro
926 3422 1013 3478 Rosc.
1035 3424 1105 3479 Am.
1131 3421 1186 3489 26:
1216 3421 1254 3477 id
1281 3423 1332 3478 ita

246 3508 389 3581 sistrorum
422 3525 476 3580 pro
498 3506 584 3564 Font.
609 3507 663 3564 36:
697 3511 722 3563 si
749 3507 807 3564 hoc
835 3511 882 3564 ita
906 3509 1043 3582 perlatam
1064 3509 1127 3575 erin
1163 3507 1248 3563 Verr.
1271 3504 1333 3575 ΙΙΙ,

257 3591 332 3649 133:
360 3594 413 3648 nisi
434 3592 482 3649 hoc
503 3596 542 3649 ita
562 3596 721 3661 atasuiaaea,
744 3592 800 3662 IV,
827 3594 901 3649 106:
931 3593 989 3648 hoc
1012 3623 1052 3634 -
1075 3594 1125 3648 sic
1145 3591 1332 3659 arbitrariam

253 3677 289 3734 de
312 3677 381 3751 imp.
406 3677 510 3753 Pomp.
534 3677 589 3734 24:
618 3678 677 3734 loo
692 3680 755 3752 fera
777 3682 827 3736 sic
842 3679 920 3751 jieri3
952 3696 1005 3752 pro
1028 3676 1119 3733 Arch.
1144 3677 1178 3733 2:
1202 3677 1332 3734 lecito

253 3765 321 3831 dim
350 3762 378 3819 in
404 3762 465 3821 Pis.
491 3765 546 3831 81;
575 3762 612 3819 ad
635 3763 718 3819 Fam.
740 3763 817 3831 VII,
842 3764 876 3829 3,
901 3764 934 3819 c:
963 3764 1054 3837 qaod
1081 3762 1128 3818 tibi
1154 3765 1203 3818 ita
1231 3763 1332 3832 niden‘;

254 3847 320 3906 Cat.
344 3847 415 3905 illei.
439 3848 489 3904 82.
534 3847 631 3904 Etiam
655 3848 788 3905 Terentii
812 3858 842 3905 et
858 3847 936 3904 Livii
956 3848 1092 3922 exempla
1109 3847 1222 3921 aliquot
1239 3844 1333 3924 sunt]

339 3952 390 3989 aon
412 3936 491 3990 etiam
509 3932 745 4012 philosophorum)
763 3935 831 3991 Non
854 3933 927 3990 satis
949 3932 987 3990 ad
1006 3934 1045 4003 id,
1069 3932 1146 4007 quod
1170 3932 1218 3990 hia
1240 3931 1333 3989 obici·

255 4028 310 4086 tur,
334 4018 493 4094 respondet
509 4017 623 4083 Cicero,
646 4018 707 4081 sed,
731 4019 874 4094 quidquid
891 4019 1031 4076 continua
1051 4018 1185 4076 oratione
1208 4017 1333 4086 dicatur,

254 4103 399 4161 rhetorice
422 4103 480 4160 dici
502 4104 615 4160 statuit.

340 4191 455 4245 Zenonis
476 4199 516 4245 est
539 4190 587 4245 hoc
610 4189 694 4246 Stoici
700 4213 709 4255 ,·
732 4209 833 4246 orariam
858 4222 894 4232 -
919 4186 1036 4265 dicebat)
1060 4190 1094 4245 In
1118 4188 1185 4247 edd.
1209 4187 1277 4260 (etsi
1301 4188 1332 4244 in

254 4273 470 4347 antiquioribus
504 4291 561 4331 non
596 4274 681 4331 facile
709 4275 879 4351 intellegas,
913 4284 1011 4331 utrum
1041 4274 1147 4352 velint)
1174 4273 1236 4330 fere
1266 4283 1334 4347 post

250 4369 345 4434 portes
367 4359 483 4434 plenius
506 4359 658 4425 inciditur,
688 4371 720 4417 nt
748 4361 829 4435 prior
856 4360 1002 4416 sententia
1029 4359 1144 4416 infinita
1164 4358 1293 4434 pendeat
1315 4375 1334 4414 a

256 4444 353 4501 verbis
376 4454 415 4501 est
438 4445 501 4511 hoc,
524 4445 554 4501 in
578 4463 636 4518 qno
659 4455 689 4503 et
712 4446 787 4501 male
810 4445 962 4502 divellitur
984 4446 1079 4503 oratio
1102 4448 1181 4514 (narn
1205 4442 1335 4501 Zenonis
