3030 5086
274 511 338 575 242
667 530 713 575 nn
736 529 867 577 munaus
889 530 963 576 nou.

274 699 468 762 multavere
490 697 695 762 iniustefieri
718 704 865 779 possunt,
894 716 975 779 quae
1003 716 1093 762 nemo
1121 698 1224 779 possit
1245 717 1356 779 repre·

274 799 425 864 henderel
480 799 531 864 58.
571 800 603 864 Si
634 807 664 863 te
692 799 810 864 amicus
843 806 916 864 tuus
950 800 1086 864 moriens
1114 800 1285 878 rogaverit,
1320 805 1359 863 ut

273 901 480 966 hereditatem
504 902 619 965 reddas
647 919 723 966 suae
750 899 845 979 filiae,
876 919 933 965 nec
960 920 1094 982 nsquam
1122 902 1154 964 id
1182 901 1356 982 scripserit,

274 1009 309 1067 ut
331 1003 457 1084 scripsit
480 1003 608 1082 Fadius,
639 1021 696 1067 nec
724 1003 868 1085 cuiquam
890 1003 1017 1081 dixerit,
1045 1003 1121 1084 qnid
1143 1001 1262 1067 iacies?
1304 1002 1356 1066 Tu

235 1104 400 1185 bquidem
430 1105 559 1183 reddes;
592 1105 661 1185 ipse
688 1105 843 1187 Epicurus
871 1104 1007 1169 fortasse
1034 1106 1193 1182 redderet3
1227 1110 1263 1168 ut
1285 1106 1357 1169 Sex,

274 1206 472 1284 Peducaeus,
494 1207 563 1271 Seu.
586 1207 636 1285 R,
659 1207 700 1284 is,
728 1207 782 1288 qui
804 1207 886 1271 hunc
908 1213 1048 1270 nostrum
1071 1206 1198 1287 reliquit
1219 1204 1356 1289 effigiem

274 1313 306 1372 et
327 1307 529 1372 humanitatis
558 1319 589 1373 et
616 1308 782 1390 probitatis
805 1327 881 1372 suae
903 1306 1014 1386 filium,
1042 1327 1112 1372 cum
1133 1309 1259 1387 doctus,
1288 1316 1354 1372 tum

275 1410 412 1473 omnium
434 1410 483 1473 vir
505 1410 642 1490 optimus
665 1417 697 1473 et
718 1409 923 1487 iustissimae,
951 1427 1021 1473 cum
1049 1410 1144 1474 sciret
1170 1428 1261 1474 nemo
1284 1429 1356 1474 eum

275 1519 420 1592 rogatum
448 1531 468 1574 a
496 1511 528 1575 C.
552 1511 668 1591 Plotio,
697 1511 800 1592 equite
828 1512 969 1575 Romano
998 1511 1178 1592 splendido,
1206 1512 1355 1591 Nursino,

215 1614 258 1679 10
275 1612 357 1676 ultro
380 1614 420 1676 ad
443 1613 602 1678 mulierem
621 1614 706 1677 venit
727 1613 817 1693 eique
839 1612 916 1677 nihil
938 1613 1080 1693 opinanti
1096 1613 1155 1677 viri
1172 1615 1355 1678 mandatum

218 1770 221 1774 A
276 1714 419 1795 exposuit
446 1714 714 1796 hereditatemque
742 1714 887 1778 reddidit.
932 1715 995 1779 Sed
1021 1734 1079 1794 ego
1107 1734 1145 1779 ex
1173 1722 1204 1780 te
1226 1735 1356 1796 quaero,

275 1816 423 1896 quoniam
451 1816 532 1879 idem
561 1825 595 1880 tu
618 1825 702 1881 certe
725 1815 865 1893 fecisses,
894 1834 997 1881 nonne
1019 1816 1196 1897 intellegas,
1226 1835 1265 1881 eo
1288 1836 1356 1881 ma·

344 2022 367 2068 8.
378 2018 452 2081 fileae
469 2020 560 2068 snaeE
597 2027 619 2066 4.
639 2020 729 2069 Fabius
739 2018 924 2081 mclzfidml'
951 2019 1053 2083 qaodE
1091 2025 1112 2072 5.
1136 2019 1224 2070 Sextus
1243 2020 1356 2086 pleneh]

276 2089 298 2134 7.
317 2096 365 2166 tum
387 2087 469 2136 doetus
492 2088 633 2138 PMOROr.
679 2105 729 2167 mem
755 2087 855 2166 ocrisiam
878 2089 900 2135 E
953 2093 975 2138 9.
1002 2087 1066 2138 Gaio
1090 2087 1158 2206 gh]
1181 2087 1287 2154 [minino
1306 2087 1353 2154 ΑΙ]

275 2151 409 2206 NursroC
449 2161 486 2204 12.
505 2157 606 2206 rectaC
632 2157 765 2220 secesseE
801 2153 910 2220 rotellrprs
928 2156 1003 2205 LMR
1021 2172 1069 2208 om.

275 2362 437 2402 consensus
459 2354 625 2421 suspectam
650 2345 720 2403 facit
743 2365 843 2403 vocem
868 2350 985 2421 iniquos,
1009 2365 1084 2420 quae
1107 2347 1171 2421 ipsa
1194 2346 1290 2402 lenior
1312 2356 1360 2403 est

276 2449 363 2505 quam
386 2450 440 2505 pro
463 2449 495 2487 re
518 2448 571 2486 nec
594 2440 673 2487 recte
696 2432 794 2507 posita
817 2432 947 2500 videtum
975 2450 1042 2487 nam
1072 2432 1160 2487 certis
1187 2431 1358 2488 hominibus

276 2516 307 2572 in
330 2516 418 2572 certis
441 2516 537 2572 causis
560 2516 678 2590 iniquus
701 2517 808 2591 aliquis
831 2527 884 2584 est,
909 2527 971 2574 tota
993 2517 1072 2573 vitae
1095 2517 1209 2573 ratione
1232 2521 1358 2574 criassus.

276 2603 378 2674 Atque
401 2619 455 2676 ego
479 2620 599 2676 prorsus
623 2611 693 2675 puto
716 2603 746 2658 in
770 2603 850 2660 arch.
875 2602 938 2658 cod.
960 2600 1052 2659 fuisse
1075 2605 1183 2676 iniquus
1205 2604 1302 2672 iustas,
1325 2602 1357 2658 id

276 2694 374 2742 autem
399 2705 499 2742 errore
522 2696 617 2742 ortum
642 2705 706 2743 esse
724 2707 762 2743 ex
779 2690 902 2749 iniustos,
926 2687 1186 2760 scribendumque:
1208 2706 1266 2743 esse
1287 2690 1358 2744 enim

276 2791 360 2845 quam
381 2773 457 2827 celles
478 2773 593 2828 iniustus
607 2782 716 2846 poterat
732 2775 847 2847 imprime.
893 2773 990 2828 Etiam
1015 2773 1167 2828 Manutius
1184 2792 1200 2827 e
1219 2790 1273 2828 sno
1291 2772 1357 2828 cod.

276 2856 402 2931 protulit
424 2856 633 2930 probavitque:
662 2877 720 2914 esse
741 2861 808 2913 eirico
831 2860 954 2932 quamvis
976 2861 1092 2913 iniustus
1110 2867 1218 2931 poterat
1239 2860 1357 2932 impune.

362 2941 568 3016 reprehendere)
592 2943 799 3016 Deprehendere
822 2942 951 2998 malebat
973 2942 1123 2998 Davisius.
1158 2942 1241 2999 Nihil
1265 2961 1358 3016 opus3

276 3043 352 3100 quae
365 3026 441 3082 enim
455 3027 563 3083 nemini
577 3035 648 3082 nota
660 3045 723 3083 esse
736 3038 868 3102 possunt
883 3027 1046 3083 cuiusmodi
1058 3028 1195 3102 exempla
1207 3027 1358 3084 subiciun-

275 3120 333 3180 tur,
357 3130 375 3167 a
397 3112 478 3168 nullo
501 3112 762 3186 reprehendantur.
787 3112 842 3168 etsi
864 3112 1039 3186 reprehendi
1062 3120 1220 3170 merentur.

363 3196 413 3252 58.
436 3199 504 3270 quid
514 3200 623 3270 socies!
636 3231 673 3239 -
692 3199 802 3272 reddes)
815 3196 947 3255 offendit
964 3197 1119 3253 Davisinm
1138 3207 1167 3253 et
1185 3197 1357 3254 Ernestinm

277 3281 445 3356 exemplum
474 3281 516 3338 sic
544 3282 687 3357 positum,
718 3293 868 3356 tamqnam
899 3282 1043 3338 eiusmodi
1070 3282 1182 3355 aliquid
1210 3282 1275 3339 fieri
1302 3282 1359 3338 ali·

277 3366 396 3440 qnando
419 3367 520 3439 possit.
567 3369 672 3441 Itaque
695 3368 896 3442 corrigebant:
918 3370 1028 3440 faceres
1053 3400 1089 3409 -
1114 3369 1249 3424 redderes.
1295 3367 1357 3423 De-

277 3451 386 3507 bebant
409 3451 512 3526 igitur.
536 3463 568 3508 ut
591 3452 726 3509 Bremius
750 3453 839 3520 vidit,
863 3462 931 3509 ante
954 3452 1083 3509 scribere
1105 3471 1163 3508 non
1187 3452 1297 3509 solnm:
1327 3461 1359 3508 ut

280 3568 316 3578 -
336 3538 463 3593 redderes
481 3538 571 3610 (quod
594 3538 713 3593 volebat
730 3537 907 3611 Ernestius),
931 3537 992 3604 sed,
1016 3537 1079 3593 sine
1102 3556 1160 3611 quo
1183 3537 1238 3594 hoc
1261 3537 1359 3594 soloe·

277 3638 342 3677 cum
367 3631 420 3689 est,
443 3632 564 3695 roqasset
587 3654 626 3664 -
649 3626 802 3697 sumpsisset
826 3655 862 3665 -
888 3625 1009 3679 dixisset.

364 3706 427 3762 Sea.
459 3707 631 3781 Peducaeus)
660 3707 698 3774 is,
733 3726 819 3782 quem
855 3716 1020 3782 praetorem
1050 3705 1155 3765 Cicero
1189 3706 1292 3763 habuit
1325 3707 1356 3763 in

278 3800 436 3864 quaestura
471 3791 627 3849 Siciliensi.
678 3792 785 3849 Filium
820 3812 886 3849 cam
915 3793 1017 3849 Attico
1052 3802 1081 3848 et
1109 3791 1251 3849 Cicerone
1284 3809 1355 3848 con·

277 3876 491 3933 iunctissimum
515 3877 615 3943 finisse,
640 3887 763 3952 apparet
786 3897 823 3934 ex
847 3879 898 3945 eis,
922 3897 997 3952 quae
1021 3878 1050 3933 in
1071 3877 1251 3933 onomastico
1269 3876 1356 3934 Orel-

276 3961 356 4018 liano
379 3962 504 4018 collecta
526 3972 603 4019 sunt.
647 3963 720 4019 Mox
743 3973 797 4018 trrrn
820 3965 913 4020 doctore
936 3981 1037 4019 omues
1060 3962 1219 4030 editiones,
1243 3981 1296 4018 nec
1319 3963 1356 4019 de

277 4048 361 4103 codd.
384 4048 544 4121 quidquam
568 4056 711 4107 notatum.
757 4047 831 4125 [Sed
854 4069 914 4105 cum
936 4046 1019 4124 AB]
1058 4047 1127 4104 vid.
1150 4047 1188 4103 ad
1209 4048 1235 4116 Ι,
1260 4047 1309 4105 34.

363 4153 447 4188 neeriae
468 4134 617 4206 intellepas)
642 4134 777 4190 Aliorum
803 4153 920 4208 quoque
944 4134 1105 4189 deteriores
1128 4132 1242 4206 aliquot
1264 4132 1356 4207 (apud

278 4217 432 4273 Davisium
456 4237 519 4286 sex,
543 4219 727 4293 Oxx.U1¹,t›)
751 4222 886 4291 intelleqr's,
910 4218 988 4292 qnod
1011 4219 1105 4274 secanti
1128 4225 1197 4274 suunt
1218 4217 1357 4287 Munatii,

277 4302 453 4359 Lambinus.
484 4304 637 4364 Davisius,
660 4304 835 4379 'Ernestiua
864 4304 1015 4374 Bromius,
1044 4304 1094 4377 qui
1123 4303 1210 4359 etiam
1235 4311 1359 4378 propter

278 4389 452 4444 sententiam
477 4389 652 4462 pendentem
674 4409 761 4444 annon
785 4390 855 4463 poni
878 4389 1006 4445 volebat.
1040 4389 1147 4454 Locos,
1172 4388 1220 4444 nbi
1241 4388 1357 4445 dicatur

278 4493 392 4547 qrmero,
417 4494 515 4543 rsonae,
546 4474 623 4530 malo
646 4492 664 4529 a
687 4474 838 4532 Schellero
862 4477 902 4547 (v.
927 4475 1023 4547 ironiae)
1045 4474 1107 4549 peti
1137 4492 1225 4548 quam
1248 4492 1285 4529 ex
1309 4473 1358 4531 his
