3030 5086
294 478 359 544 508
686 496 732 541 na
753 494 885 543 marsus
908 494 980 543 nou.

295 682 374 742 rum,
396 665 481 744 quod
503 670 574 728 erat
594 663 706 728 insitus
722 664 817 728 menti
836 663 1022 745 cognitionis
1038 680 1135 742 amor,
1158 683 1175 729 e
1197 682 1259 745 quo
1281 665 1376 730 etiam

295 765 427 830 rationis
450 765 652 845 explicandae
674 765 913 846 disserendique
935 765 1091 846 cupiditas
1109 767 1375 846 consequebatur;

295 867 443 947 qnodque
471 866 530 931 hoc
551 867 653 932 solum
674 867 788 931 animai
811 875 919 931 natum
942 873 990 931 est
1011 867 1143 947 pudoris
1165 885 1202 932 ac
1223 886 1376 933 verecun-

295 966 367 1032 diae
389 969 548 1049 particeps
570 973 785 1050 appetensque
807 968 1162 1063 convictumbominum
1184 986 1222 1033 ac
1240 969 1375 1034 societa-
1444 997 1449 1005 ·

256 1070 359 1136 btem
381 1069 695 1151 animadvertensque
722 1070 753 1134 in
776 1070 918 1134 omnibus
940 1070 1049 1148 rebus,
1077 1087 1156 1151 quas
1183 1077 1291 1150 ageret
1317 1077 1377 1136 aut

294 1170 422 1250 diceret,
445 1178 536 1236 utne
555 1172 630 1252 quid
651 1172 692 1236 ab
715 1190 752 1236 eo
771 1169 863 1237 fieret
885 1171 945 1235 nisi
966 1172 1099 1237 honeste
1120 1189 1157 1236 ac
1179 1171 1375 1250 decorabis

294 1271 391 1337 initiis
413 1276 449 1352 ct,
472 1278 507 1337 ut
529 1279 602 1338 ante
619 1273 691 1352 dixi,
714 1273 882 1338 seminibus
905 1293 925 1338 a
947 1278 1061 1338 natura
1083 1273 1174 1353 datis,
1196 1281 1375 1355 temperan-

369 1499 387 1544 i.
412 1491 560 1557 capitationis
583 1492 604 1541 P
656 1508 736 1543 amare
759 1509 804 1556 qno
823 1493 847 1542 E
870 1510 899 1543 es
917 1510 963 1558 qno
981 1492 1138 1561 (tacitos.
1192 1498 1215 1544 2.
1239 1491 1379 1558 espis'cadi

294 1559 363 1611 PCR
398 1560 619 1625 desserendequeis
664 1567 688 1610 4.
703 1562 826 1626 particeps
844 1563 935 1613 omia
970 1561 1124 1612 conianetcnrn
1143 1561 1166 1610 E
1187 1562 1375 1612 cantuaniensem

295 1628 339 1677 ΒΡ
357 1628 538 1678 coniunctionem
557 1627 648 1680 eROr.
701 1629 839 1679 societatum
858 1630 902 1679 a?
964 1636 986 1679 5.
1006 1630 1219 1680 animadvertentes
1237 1631 1261 1679 t'n
1279 1632 1302 1679 E
1349 1639 1375 1679 nt

295 1699 352 1762 (pro
370 1699 463 1759 aat)E
505 1702 526 1749 t.
549 1697 680 1748 atomi.
716 1698 821 1761 qnodii
856 1707 878 1747 et
896 1697 979 1748 decore
997 1698 1131 1750 LPCROr.
1170 1701 1191 1750 7.
1211 1706 1233 1748 et
1251 1697 1320 1766 (ante
1338 1696 1375 1764 ut)

295 1780 336 1816 om
364 1780 459 1826 omncs,
477 1764 520 1818 Or.
558 1765 616 1826 dici,
634 1773 755 1830 tamqnam
773 1765 899 1816 seminabat
918 1765 1029 1817 PCROr.

294 1973 435 2048 scriptum
459 1971 565 2040 fuisse,
594 1981 627 2027 ut
649 1974 809 2029 occultorum
831 1972 982 2031 videretur
1004 1973 1095 2047 (quod
1118 1973 1147 2029 in
1170 1991 1188 2047 χ
1209 1991 1279 2032 casu
1302 1973 1374 2030 scri·

290 2056 400 2130 bitur);
424 2057 453 2114 id
476 2058 514 2113 ab
537 2056 604 2114 aliis
626 2057 656 2113 in
680 2057 769 2113 aliam
792 2066 905 2134 partam
929 2067 1053 2115 tractum
1078 2076 1152 2115 esse.

379 2145 491 2200 mannis
521 2141 711 2217 explicandae)
735 2142 785 2201 Sic
807 2143 919 2218 primus
942 2143 1104 2200 Lambinus
1134 2153 1163 2200 et
1186 2143 1228 2200 sic
1253 2142 1375 2212 „laudat

293 2245 331 2283 ex
344 2226 477 2286 Cuiacii“
492 2236 525 2284 nt
537 2226 684 2285 Gruterus
702 2236 787 2303 putat
802 2228 1000 2296 „membranis
1012 2227 1182 2304 Scaliger“;
1200 2227 1374 2285 confirmant

293 2313 358 2369 cod.
371 2312 446 2370 Mor.
465 2314 655 2388 (explicandae
675 2315 751 2386 rat),
775 2312 830 2383 Et,
854 2311 933 2383 Gzii,
957 2313 1090 2389 exceptis
1108 2311 1219 2372 Gudt
1237 2321 1266 2369 et
1277 2312 1372 2384 Mora,

293 2415 405 2468 omnes,
425 2394 489 2478 [B].
526 2398 698 2472 Explicandc'
707 2397 805 2471 (Pell.
824 2397 904 2457 Oxx.
919 2395 963 2475 ξχ)
982 2409 1078 2456 ortum
1097 2408 1196 2456 estex
1213 2399 1372 2455 disserendi.

293 2480 409 2560 [Amore
431 2502 484 2557 quo
508 2482 596 2539 etiam
621 2481 671 2561 Β.]

379 2572 525 2625 convictam
547 2568 680 2624 bominum
699 2586 733 2625 ccc
749 2566 911 2642 societatem)
929 2568 994 2625 Hoc
1011 2567 1122 2625 latebat
1140 2567 1171 2624 in
1188 2567 1298 2624 codicis
1310 2566 1373 2623 Erl.

293 2650 337 2730 [et
356 2651 396 2730 B]
414 2653 561 2729 scriptura
577 2653 625 2728 (de
648 2652 754 2710 ceteris
771 2652 856 2710 bonis
874 2653 948 2710 nibil
965 2655 1101 2726 constat),
1125 2653 1373 2726 confirmaturque

292 2755 331 2794 ex
343 2737 393 2794 III
404 2735 462 2798 Off.
477 2739 532 2795 21:
555 2739 622 2794 tollit
644 2741 791 2795 convictam
814 2739 958 2795 numanum
980 2747 1006 2794 et
1026 2741 1185 2796 societatem.
1220 2738 1286 2795 Hoc
1304 2755 1370 2794 cum

292 2822 323 2878 in
346 2826 512 2880 coniunctum
534 2822 690 2880 transisset
706 2825 803 2896 (victas
825 2831 933 2893 autern,
957 2826 1069 2894 uinctos,
1092 2827 1197 2881 innatus
1219 2821 1281 2880 fere
1304 2841 1373 2898 per-

292 2916 382 2982 petuo
400 2907 641 2981 confunduntur),
665 2916 761 2965 ortum
780 2916 839 2965 est:
861 2919 989 2984 appetens
1005 2912 1215 2966 coniunctionum
1228 2940 1265 2950 —
1279 2926 1312 2965 ac
1329 2926 1372 2964 so·
1418 2924 1424 2936 ·

292 2995 412 3050 aetatem
434 2995 479 3068 (ut
496 3003 541 3050 est
561 2994 590 3049 in
609 2993 654 3066 L),
678 3000 755 3050 tum:
779 2997 990 3050 coniunctionum
1008 3026 1046 3038 -
1066 2999 1229 3063 constatura,
1252 3001 1285 3049 ut
1301 2993 1372 3050 Vic-

214 3143 217 3149 ,
292 3077 385 3135 torius
408 3087 438 3136 et
461 3078 599 3154 deinceps
621 3070 712 3135 ceteri
735 3087 804 3135 ante
826 3079 982 3136 Davisium
1006 3079 1162 3137 ediderunt
1183 3097 1200 3135 a
1223 3077 1374 3135 codicibus

292 3163 434 3221 nostriP
463 3164 618 3220 similibus.
669 3162 727 3222 Sed
756 3164 880 3239 pluralis
908 3182 1047 3221 numerus
1074 3162 1146 3221 ferri
1174 3164 1256 3220 nulio
1285 3163 1373 3220 modo

292 3256 398 3323 potest.
433 3249 539 3322 Itaque
562 3257 663 3305 natum
687 3257 732 3306 est
755 3257 784 3305 at
805 3257 873 3323 post
892 3257 1006 3306 veteres
1029 3249 1156 3306 editores
1179 3247 1374 3306 aDavisioa

291 3331 377 3399 000,
403 3333 513 3402 Maad.‚
537 3335 622 3392 Parr.
637 3335 698 3404 2,3
721 3330 905 3391 restitutum:
928 3338 1131 3391 coniunctionem
1150 3365 1187 3376 —
1212 3336 1372 3404 societatem,

292 3417 381 3491 idque
403 3437 421 3475 a
444 3427 585 3493 quattuor
606 3419 668 3477 suis
692 3419 859 3476 confirmari
878 3418 972 3478 Gzius
995 3419 1074 3476 dicit.
1114 3419 1274 3476 Habebant
1289 3421 1373 3475 socie-

292 3494 382 3574 tatem,
405 3504 457 3561 vix
481 3522 581 3561 omnes
604 3507 818 3575 coniunctionem,
842 3522 879 3560 ne
898 3504 1054 3562 Davisiani
1077 3504 1120 3561 illi
1141 3504 1269 3578 quidem.
1304 3502 1373 3576 (Ed.

292 3587 351 3647 Ox.
375 3593 580 3647 coniunctionem
603 3622 643 3632 —
666 3592 835 3659 societatum
859 3589 912 3661 Εψ
935 3592 1105 3663 societatem.)

378 3685 407 3731 nt
434 3695 467 3732 ne
496 3677 565 3748 qnid
590 3675 625 3730 ab
652 3675 695 3749 eo)
723 3675 774 3745 Ut,
803 3674 871 3731 inde
899 3693 917 3730 a
944 3674 1026 3734 Crat.
1056 3675 1212 3745 omissum,
1242 3672 1374 3729 restituit

293 3756 369 3814 Dav.
392 3778 409 3815 e
432 3761 526 3817 tribus
544 3761 638 3828 Parc..
663 3760 769 3827 Metu,
793 3758 887 3838 (Oxx.
910 3754 1007 3834 Εξχψ,
1031 3758 1100 3818 Gzii
1123 3758 1268 3828 omnibus,
1292 3755 1305 3837 [
1333 3753 1372 3836 ]).

292 3843 457 3901 Addendus
480 3853 524 3902 est
547 3845 594 3902 bic
618 3845 699 3902 loeus
722 3845 842 3915 ceteris.
873 3844 903 3900 iu
926 3843 1033 3919 quibus
1056 3845 1086 3902 in
1109 3843 1283 3901 secundaria
1305 3861 1372 3900 sen·

292 3929 385 3986 tentia
407 3933 431 3986 is
454 3929 495 3987 ita
519 3930 646 3987 refertur
662 3931 700 3986 ad
723 3930 886 3986 subiectum
906 3929 1074 4004 primariae,
1097 3939 1131 3986 ut
1148 3947 1309 4005 pronomen
1324 3947 1372 3984 re·

290 4014 430 4072 flexivum
450 4016 616 4091 ponendum
636 4014 728 4072 fuisse
740 4014 885 4072 videatur.
921 4013 996 4086 (Otr.
1011 4014 1121 4090 Opusc.
1134 4014 1227 4072 Acad.
1240 4014 1255 4071 1
1267 4032 1296 4088 p.
1308 4013 1372 4069 tto

291 4102 364 4171 not.)
404 4100 477 4157 Mox
499 4120 533 4159 ac
554 4103 650 4158 decore
672 4101 760 4156 etiarn
785 4099 863 4176 Spir.
888 4097 953 4177 [B].
988 4100 1103 4157 Deinde
1126 4100 1155 4156 in
1180 4098 1263 4155 codd.
1286 4096 1373 4155 bonis

291 4184 399 4259 (tribus
419 4186 622 4260 „potioribus“
637 4184 715 4252 Gaii,
734 4182 802 4265 [B])
820 4185 966 4243 omittitur
983 4195 1133 4259 tamquam
1151 4191 1284 4259 apparet,
1302 4191 1372 4239 ante

292 4279 321 4327 nt
342 4269 488 4328 excidisse
510 4281 549 4340 ct,
580 4271 652 4328 iilud
682 4272 720 4328 ad
743 4269 888 4329 defectum
918 4271 1103 4328 sanciendum
1133 4270 1264 4326 additum
1295 4286 1370 4327 esse.

290 4354 369 4412 Illud
398 4366 427 4411 nt
454 4366 515 4413 onte
542 4358 603 4414 dini
629 4356 665 4412 ad
690 4361 818 4413 seminam
840 4356 1069 4432 appellationem
1093 4355 1223 4431 pertinet
1245 4354 1371 4431 positam

291 4444 306 4510 ς
333 4441 380 4496 17.
425 4437 544 4520 [Itaque
568 4459 644 4498 nunc
667 4441 709 4499 sic
732 4441 810 4498 edidi
833 4459 898 4498 cum
923 4437 1067 4520 Baitero]
