3030 5086
271 474 336 540 838
685 491 858 540 excussus
882 491 937 537 vu

269 665 447 723 Plutarchus
469 664 534 735 (vit.
558 663 647 720 Alex.
666 664 697 736 7)
720 672 750 720 et
769 662 916 720 [siscianus
934 662 1008 735 (vit.
1022 663 1110 720 Auct.
1125 663 1187 736 26).
1234 663 1352 721 Deinde

269 749 375 810 Cicero
393 749 435 805 ita
452 749 481 804 in
499 748 603 805 ethicis
621 748 738 823 scriptis
763 748 836 804 hanc
854 748 1056 805 diversitatem
1075 758 1295 817 commemorat,
1319 759 1353 803 ut

268 844 367 892 tamen
396 852 595 908 nequaquam,
624 851 699 906 quae
724 832 823 890 Buhlii
852 841 881 889 et
910 832 1022 891 Stahrii
1051 832 1153 907 opinio
1181 832 1253 903 fuit,
1285 852 1351 890 eam

268 919 355 977 huius
368 919 484 994 generis
502 918 651 993 propriam
665 936 729 974 esse
746 927 847 993 aperte
866 917 1020 993 significet.
1055 917 1131 974 Nam
1151 936 1217 975 oum
1236 927 1352 975 ceteras

268 1004 473 1081 philosophiae
501 1014 600 1078 partes
624 1003 796 1059 brevissime
818 1010 1092 1071 commemorasset,
1122 1004 1159 1058 ab
1188 1003 1225 1060 iis
1248 1004 1353 1077 (Atque

268 1091 310 1147 his
338 1091 372 1145 de
399 1091 478 1145 rebus
501 1093 568 1161 oet.)
596 1087 634 1144 ad
661 1107 725 1144 eam
756 1088 915 1156 transiens,
945 1087 981 1143 de
1009 1105 1068 1162 qua
1096 1105 1173 1164 nunc
1201 1088 1350 1163 agendum

269 1183 324 1245 est,
348 1192 413 1231 oum
436 1192 501 1230 eam
525 1173 706 1230 nominasset
727 1173 786 1245 (De
807 1192 909 1229 summo
930 1182 1021 1228 autem
1044 1173 1136 1247 bono),
1161 1173 1208 1230 hic
1231 1174 1352 1230 demum

268 1260 333 1318 eius
351 1259 528 1315 discriminis
545 1258 696 1325 librorum,
720 1258 799 1333 quod
818 1257 1046 1332 discrepantiam
1070 1259 1284 1315 sententiarum
1307 1256 1352 1315 af·

269 1344 347 1403 ferre
382 1363 467 1419 posse
502 1343 669 1408 videbatur,
704 1343 883 1399 mentionem
917 1341 1036 1415 lecit.¹)
1088 1343 1210 1400 Alteros
1244 1343 1352 1404 Cicero

270 1430 442 1506 popularius
465 1428 591 1504 scriptos
614 1425 705 1484 fuisse
728 1428 784 1496 eit,
815 1428 923 1484 alteros
946 1426 1091 1497 limatius,
1123 1428 1234 1498 idest,
1265 1437 1299 1485 ut
1322 1428 1352 1485 i'n

270 1515 462 1573 annotatione
485 1514 652 1589 expositum
676 1523 735 1581 est,
765 1531 831 1570 crim
855 1513 1009 1569 subtiliore
1032 1522 1062 1569 et
1084 1513 1251 1570 astrictiore
1274 1514 1353 1570 veri·

270 1600 339 1658 tatis
362 1599 602 1674 explicatione.²)
648 1597 707 1657 Sed
735 1599 789 1655 hos
813 1598 992 1674 posteriores
1021 1616 1079 1654 nou
1102 1600 1140 1654 ab
1163 1599 1235 1672 ipsis
1258 1600 1352 1676 scrip3

270 1686 384 1743 toribus
407 1684 510 1753 editos,
535 1685 586 1742 sed
609 1683 639 1740 in
662 1683 880 1740 commentariis
903 1683 988 1758 quasi
1006 1683 1085 1739 domi
1103 1694 1234 1740 retentos
1252 1684 1352 1741 tradit.

271 1772 376 1845 ltaque
404 1770 513 1827 iniuria
539 1788 634 1845 nuper
662 1768 797 1825 Stahrius
820 1768 959 1840 (Aristot.
983 1769 1015 1825 ΙΙ
1038 1788 1066 1844 p.
1088 1768 1141 1842 35)
1170 1771 1304 1843 negavit,
1334 1787 1354 1825 a

268 1875 419 1932 quoquam
449 1864 547 1912 vetere
576 1854 719 1928 scriptore
748 1852 858 1929 apertis
888 1854 985 1910 verbis
1014 1853 1105 1923 tradi,
1134 1854 1213 1929 quod
1243 1855 1353 1913 Strabo

269 1940 451 2018 significat
443 1957 472 1996 ιιι
501 1939 656 1996 notissima
684 1939 852 1995 narratione
875 1939 968 2011 (Xlll
992 1958 1019 2014 p
1040 1939 1352 2037 obtusissimam

271 2027 363 2084 libros
392 2043 462 2082 suos
491 2024 609 2082 maioris
641 2023 780 2080 momenti
803 2023 959 2097 plerosque
983 2014 1068 2097 (πλὴν
1091 2008 1195 2098 ὀλίγων
1217 2013 1265 2080 aul
1289 2013 1353 2099 μα’·

270 2109 358 2168 λιστα
379 2107 438 2166 τῶν
461 2102 647 2184 ἐξωτερικῶν)
670 2127 728 2165 non
756 2108 853 2183 ipsum
882 2108 1018 2164 edidisse.
1065 2108 1142 2164 Nam
1171 2108 1250 2183 quod
1273 2109 1353 2166 idem

273 2196 316 2268 (II
329 2215 358 2270 p.
373 2194 456 2268 243),
481 2193 638 2251 Niebuhrii
654 2194 824 2269 opinionem
847 2193 994 2268 quandam
1018 2211 1144 2267 sequens
1156 2194 1247 2265 (Hist.
1268 2195 1352 2252 Rom.

273 2281 289 2338 1
311 2300 340 2357 p.
355 2281 394 2336 22
418 2280 463 2335 ed.
488 2279 527 2351 3),
553 2279 582 2335 in
606 2279 825 2336 commentariis
847 2279 967 2336 relictos
990 2297 1041 2335 eos
1064 2278 1154 2335 libros
1177 2279 1235 2336 dici
1259 2288 1354 2355 putat,
1379 2268 1388 2283 ⁰

270 2383 347 2441 quos
371 2363 549 2422 Aristoteles
572 2372 601 2419 et
623 2365 847 2440 Theophrastus
870 2383 928 2420 nou
952 2365 1068 2433 statim,
1091 2382 1157 2420 cum
1181 2365 1285 2440 scripti
1308 2384 1354 2422 es·

273 2461 348 2519 sent,
371 2449 526 2518 ediderint,
549 2448 601 2506 sed
624 2449 804 2524 aliquamdiu
827 2449 1004 2506 retinuerint
1026 2458 1056 2505 et
1072 2448 1196 2505 subinde
1215 2450 1355 2507 emenda·

275 2537 381 2604 verint,
405 2535 530 2610 primum
552 2534 633 2591 illius
655 2535 823 2609 aliquamdiu
847 2543 876 2591 et
899 2534 1036 2591 editionis
1056 2543 1158 2608 postea
1178 2545 1355 2593 consecutae

274 2641 311 2678 ne
336 2621 486 2677 minimum
510 2618 627 2694 quidem
651 2619 808 2695 vestigium
832 2618 926 2676 estin
944 2619 1043 2676 verbis
1058 2618 1226 2689 Ciceronis;
1250 2621 1357 2678 deinde

275 2706 462 2784 perspicuum
487 2715 541 2772 est,
564 2704 589 2760 si
612 2705 648 2761 de
671 2704 837 2761 huiusmodi
861 2703 987 2779 quadam
1013 2704 1183 2761 Aristotelis
1207 2714 1236 2761 et
1257 2707 1358 2763 Theo-

276 2790 388 2884 phrasti
413 2788 623 2847 consvetudine
647 2788 751 2848 Cicero
774 2789 953 2864 loqueretur,
977 2797 1009 2845 ut
1032 2798 1121 2846 antea
1143 2789 1232 2846 dixit.
1256 2784 1357 2859 llore-

276 2862 358 2952 ρικόι
386 2874 574 2950 appellabant,
603 2874 644 2929 sic
673 2874 720 2930 hic
749 2874 904 2931 dicendum
933 2873 1024 2931 luisse
1055 2876 1248 2948 (aliquamdiu)
1276 2877 1358 2931 relin-

276 2961 408 3035 quebant,
437 2977 515 3016 nuuc
543 2958 674 3034 perfecto
697 2968 830 3034 tempore
853 2959 1026 3035 significari
1055 2979 1207 3035 quousque
1236 2960 1357 3017 omnino

278 3063 435 3121 progressa
463 3045 502 3102 sit
529 3044 632 3101 horum
662 3044 804 3101 librorum
834 3045 871 3100 ab
899 3045 1070 3102 auctoribus
1104 3046 1165 3101 suis
1194 3063 1260 3102 cum
1290 3045 1358 3102 aliis

275 3130 513 3189 communicatio.
548 3128 708 3210 ‘Quamvis
741 3129 832 3207 igitur
865 3130 1037 3187 incredibile
1071 3130 1124 3199 sit,
1159 3130 1232 3186 nihil
1260 3130 1357 3206 ipsum

278 3216 469 3276 Aristotelem
494 3215 605 3284 exiis,
629 3234 704 3290 quae
727 3215 858 3272 limatius
881 3214 1075 3290 disputasset,
1098 3216 1136 3271 ad
1159 3215 1265 3272 iustam
1290 3214 1359 3272 libri

277 3301 403 3359 formam
433 3295 600 3358 absolutum
629 3301 772 3371 edidisse,
807 3300 965 3374 multisque
996 3301 1090 3357 modis
1119 3299 1286 3369 refellatur,
1321 3301 1358 3358 de

278 3387 425 3445 sententia
459 3395 556 3443 tamen
585 3385 736 3446 Ciceronis
770 3394 900 3452 constat,
934 3397 1077 3459 quantum
1110 3386 1228 3461 quidem
1259 3386 1358 3443 verbis

280 3490 422 3547 expressa
444 3480 503 3540 est;
527 3490 593 3529 uam
617 3471 764 3546 quomodo
787 3472 840 3528 hos
864 3471 964 3541 libros,
988 3489 1062 3546 quos
1084 3470 1114 3527 in
1138 3472 1358 3529 commentariis

277 3575 298 3614 a
320 3556 513 3632 scriptoribus
536 3557 655 3614 relictos
673 3557 753 3627 dicit,
778 3565 881 3633 postea
897 3556 1033 3631 vulgatos
1057 3557 1176 3633 putarit,
1200 3575 1257 3614 non
1276 3556 1358 3626 dicit,

307 3808 530 3871 ¹)Plutarrhus
523 3821 549 3855 ιιι
572 3809 624 3856 rita
647 3807 821 3857 Alexandri?
848 3826 894 3858 rov
922 3802 1020 3876 rilinde
1047 3810 1089 3859 aul
1117 3805 1252 3859 collusor
1273 3805 1359 3878 λογον

347 3879 502 3928 contrarium
530 3875 593 3924 lucit
618 3882 675 3941 -ralg
701 3873 880 3959 dnoppqroeg
896 3876 939 3925 sul
965 3874 1133 3958 βα1ιιιιραις
1161 3877 1358 3960 ὅιιῖασιιαλίαις.
1404 3903 1406 3907 ·

348 3947 445 3996 Contra
463 3946 520 3996 adv
540 3944 623 3995 Colot.
647 3950 676 3991 lt
696 3961 718 4008 p
734 3946 833 3993 111511
852 3942 881 3995 ru'
901 3939 1019 4015 thuu'
1004 3964 1179 4018 rnorssqfruru
1199 3948 1242 3996 aul
1259 3963 1291 3996 ru
1310 3965 1359 4013 φυ-

348 4015 409 4065 σικά
428 4014 538 4076 seiungit
556 4029 572 4060 a
589 4012 699 4074 dialogis
717 4008 893 4095 ἐξωτερικοῖς.

304 4082 329 4148 ²)
347 4083 472 4132 Nomen
465 4098 491 4130 ιιι
510 4084 647 4147 posteriorc
665 4095 756 4142 genere
772 4082 912 4130 definitioni
927 4094 978 4129 nou
994 4081 1073 4138 addit,
1093 4081 1138 4130 etsi
1154 4096 1205 4130 non
1221 4082 1303 4130 minor
1316 4081 1358 4131 hic

348 4153 401 4201 eius
420 4152 529 4216 ponendi
548 4165 626 4200 causa
644 4148 722 4199 luisse
740 4152 844 4200 ridetur.
877 4146 1082 4220 'Aspoauarsnol
1100 4148 1185 4231 λόγοι
1197 4150 1360 4215 appellantur

348 4221 374 4267 in
392 4221 508 4284 epistulis
526 4221 578 4269 illis
596 4218 745 4275 subditioiis
767 4232 831 4282 quas
849 4219 899 4266 ism
919 4208 1084 4267 Andronicus
1104 4218 1218 4268 Rhodius
1237 4219 1326 4269 libro
1320 4234 1358 4267 m·

348 4298 460 4337 seruarat
476 4288 552 4352 (Gen.
572 4288 630 4345 XX
651 4290 684 4347 5).
720 4282 879 4357 ’Eoorsprsa'
905 4284 1101 4384 orpppduuam
1125 4288 1220 4368 primus
1245 4287 1360 4368 appellat

349 4357 466 4406 Clemens
486 4357 575 4413 alex..
595 4358 637 4405 sed
659 4355 852 4420 Peripateticum
871 4367 942 4404 et
914 4352 942 4431 a}
937 4353 1072 4426 onpsao'v
1089 4363 1114 4403 et
1132 4351 1290 4426 ι’όιιιιριιιόν
1307 4356 1360 4404 1ιιιιι

350 4425 486 4474 Lucienus.
