3030 5086
254 461 316 526 232
645 477 690 522 nn
713 476 844 524 sturnus
866 476 938 523 non.

252 647 284 711 in
308 645 450 711 omnibus
472 644 563 710 factis
586 663 630 723 re,
655 663 717 709 non
740 654 821 709 teste
841 662 1029 708 moveamur.
1073 644 1125 709 53.
1148 642 1228 708 Sunt
1249 642 1336 708 enim

252 748 333 813 levia
355 754 387 812 et
408 745 597 828 perinfirma,
621 765 702 827 quae
721 745 904 811 dicebantur
925 766 946 809 a
968 756 1007 823 te,
1030 745 1125 810 animi
1140 744 1336 810 conscientia

255 849 415 930 improbos
437 847 616 926 excruciari,
639 853 705 912 tum
728 848 821 912 etiam
843 867 963 929 poenae
986 847 1105 926 timore,
1127 866 1190 928 qua
1206 853 1262 912 aut
1284 845 1334 910 af·

253 950 397 1016 finiantur
418 956 475 1014 aut
496 968 620 1030 semper
643 949 760 1013 sintin
783 957 868 1014 metu
889 967 928 1014 ne
950 947 1129 1014 alliciantur
1150 948 1332 1030 aliquando.

214 1053 322 1118 bNon
346 1058 471 1133 oportet
492 1051 634 1116 timidum
656 1056 711 1115 aut
732 1051 884 1116 imbecillo
907 1051 1009 1114 animo
1032 1049 1107 1133 fingi
1129 1069 1192 1116 non
1214 1051 1333 1116 bonum

252 1154 337 1219 illum
355 1155 465 1232 virum,
488 1154 550 1235 qui,
573 1152 724 1233 quidquid
746 1151 863 1230 feeerit,
885 1153 954 1232 ipse
976 1171 1010 1216 se
1033 1153 1148 1218 cruciet
1164 1152 1333 1234 omniaque

252 1254 411 1334 formidet,
440 1255 496 1319 sed
518 1255 622 1319 omnia
644 1254 755 1319 callide
778 1253 961 1319 referentem
983 1254 1026 1317 ad
1047 1254 1228 1334 utilitatem,
1255 1272 1332 1320 aau-

253 1362 333 1434 tum
361 1363 536 1435 versutum,
560 1360 782 1434 veteratorem,
810 1355 899 1421 facile
920 1363 956 1421 ut
977 1356 1144 1438 excogitet,
1173 1356 1332 1437 quomodo

323 1531 345 1574 2.
371 1543 422 1575 cam
445 1525 521 1574 animi
543 1542 619 1576 conse.
641 1524 715 1573 MCR
742 1542 792 1574 cam
813 1543 882 1573 conse
911 1525 931 1572 L
985 1531 1007 1576 3.
1033 1534 1080 1574 tum
1104 1526 1203 1574 ananan
1239 1543 1289 1590 qao
1308 1535 1334 1575 al

254 1592 344 1710 1:in
371 1593 510 1659 qfficr'aatar
528 1593 646 1643 apolon
682 1600 703 1642 4.
723 1601 777 1642 sant
793 1594 889 1641 LPblll
905 1594 971 1643 et'tC
1008 1599 1030 1641 5.
1050 1611 1138 1643 omnem
1157 1598 1332 1658 (praeportat)

265 1662 274 1679 ³
302 1665 435 1727 compend.
451 1664 558 1711 obscuro
576 1660 722 1710 imbecillill
759 1667 781 1712 6.
801 1661 872 1709 allam
891 1663 912 1709 E
931 1661 1099 1725 par'dqaaraE
1136 1667 1158 1714 8.
1178 1663 1332 1712 verolamii

254 1731 387 1795 recapitare
406 1731 427 1778 Ε
463 1748 508 1794 qao
527 1731 584 1794 (pro
602 1728 726 1793 qaonrodo)
746 1729 908 1780 LPMCROr.

252 1869 316 1925 eod.
340 1869 417 1925 Vict.
462 1869 539 1925 Nam
563 1869 705 1925 edebatur
728 1879 804 1938 trrtn,
833 1879 866 1924 ut
894 1878 939 1924 est
966 1869 995 1924 in
1020 1869 1214 1926 deterioribus
1237 1868 1333 1941 (Oxx.

251 1964 306 2026 χψ,
330 1952 399 2012 Gzii
422 1953 649 2021 recentioribus;
674 1954 698 2009 E
720 1974 757 2009 aa
779 1974 838 2014 aon,
863 1952 878 2022 ξ
899 1974 934 2010 ora
958 1974 1008 2009 aon
1031 1955 1141 2027 veram).

339 2039 388 2094 53.
411 2043 494 2096 arriani
508 2042 677 2111 venerantia)
696 2040 750 2109 Ila,
770 2050 801 2094 ut
819 2036 912 2096 Gzius
931 2038 1030 2107 edidit,
1049 2039 1136 2095 etiarn
1150 2034 1235 2118 [AB]
1248 2039 1330 2114 Spin.

253 2131 282 2178 et
304 2123 373 2182 Bas.
398 2134 428 2180 et
449 2124 494 2181 od.
518 2123 598 2183 Crat.
655 2123 704 2181 Sie
727 2134 824 2180 tamen
847 2122 909 2181 iero
933 2133 993 2180 tum
1017 2124 1179 2197 loquimur,
1209 2143 1274 2181 oum
1301 2125 1331 2180 in

252 2208 350 2280 priore
375 2209 504 2265 membro
527 2209 654 2264 nondum
679 2209 767 2265 simul
788 2208 910 2265 alterius
933 2210 1100 2283 expectatio
1124 2210 1332 2285 praesumitur,

252 2294 329 2365 quod
353 2294 401 2350 hie
423 2311 516 2369 paene
539 2293 601 2350 lieri
625 2294 761 2351 debuisse
784 2294 915 2363 videtur,
944 2294 1081 2367 quoniam
1106 2312 1219 2369 poenae
1242 2295 1334 2351 timor
1378 2331 1382 2338 ·

252 2378 300 2433 vel
329 2379 518 2454 praecipuum
548 2389 725 2435 momontum
754 2377 890 2436 faciebat.
938 2376 1024 2458 [Tam
1052 2379 1095 2435 sie
1123 2381 1235 2454 posito,
1269 2398 1330 2437 non

252 2464 447 2536 praecedento
469 2482 536 2534 eatur,
560 2463 628 2520 addi
650 2468 728 2520 elram
751 2464 786 2520 de
810 2464 847 2520 N.
873 2464 909 2522 Ι).
934 2465 958 2533 I,
983 2464 1038 2532 43,
1063 2465 1175 2521 monuit
1197 2464 1331 2534 Alanus3

206 2543 208 2546 ⁴
253 2565 320 2603 nam
344 2548 557 2606 dubitaveram.
603 2549 681 2605 Add.
706 2550 794 2624 Legg.
817 2549 842 2617 I,
863 2545 929 2627 35]
963 2549 1329 2620 Deret·id.1,50atbl.

338 2635 496 2706 afficiantur
524 2665 563 2675 -
593 2635 659 2707 siat)
688 2633 914 2692 Coairrnetivnm
950 2634 978 2689 in
1007 2634 1157 2691 reddenda
1184 2635 1331 2708 Torquati

252 2718 398 2774 sententia
427 2719 623 2775 necessarium
652 2720 825 2775 confirmant
853 2719 941 2775 etiam
971 2719 1035 2775 Pal.
1062 2723 1075 2776 l
1106 2729 1136 2777 et
1163 2720 1241 2795 Spir.
1264 2718 1332 2798 [B].

253 2801 394 2860 Restituit
416 2803 487 2860 Ern.
531 2802 572 2880 [B
595 2822 711 2878 quoque
733 2805 869 2871 imbecilli,
894 2823 920 2859 v.
943 2805 980 2860 ad
1004 2806 1041 2873 V,
1066 2803 1131 2882 7Ι.]

330 2891 403 2961 firmi
422 2909 472 2945 noa
496 2890 590 2945 borram
612 2891 685 2945 r'llma
711 2889 808 2962 viratu)
826 2889 1006 2945 Pravissime
1024 2890 1112 2966 vulgo
1131 2890 1330 2965 distinguunt:

245 2973 333 3045 Jiapi,
363 2993 414 3030 noa
442 2976 537 3030 borram
564 2976 639 3031 illum
662 2977 755 3030 rr'rma.
806 2975 911 3047 Itaque
939 2974 1079 3030 haerebat
1107 2974 1268 3032 Lambinus
1299 2976 1330 3032 in

252 3060 423 3132 pronomine
451 3061 540 3129 illam,
571 3070 650 3116 reete
678 3060 819 3115 haetenus
848 3059 1013 3132 requirens:
1041 3080 1091 3115 aon
1120 3061 1215 3117 bonam
1244 3064 1332 3118 airaon

252 3142 335 3217 (fingi
369 3146 506 3218 oportet).
556 3146 650 3218 Atqui
686 3145 805 3201 timidas
839 3144 908 3218 fingi
939 3155 1055 3218 poterat
1082 3146 1248 3219 improbus,
1284 3146 1331 3203 vir

252 3228 346 3285 bonus
368 3230 439 3305 fingi
462 3248 521 3286 non
543 3240 668 3304 poterat.
715 3231 778 3286 Hoe
801 3230 923 3285 dieitur:
947 3229 1007 3298 ille,
1031 3230 1066 3285 de
1089 3249 1147 3303 quo
1171 3230 1330 3305 loquimur,

252 3312 298 3368 vir
319 3332 377 3369 non
401 3315 495 3371 bonus
518 3315 695 3389 (improbus)
717 3333 776 3370 non
799 3315 886 3371 debet
907 3314 977 3389 tingi
1001 3314 1130 3373 timidus.

337 3401 468 3472 qaornorlo
495 3401 606 3472 occulte)
640 3399 699 3467 Quo
727 3400 814 3455 otiam
848 3399 972 3456 aliorum
1002 3399 1129 3473 aliquot,
1164 3400 1247 3457 velut
1272 3412 1329 3476 χψ,

252 3481 332 3540 Gud.
361 3492 498 3557 uterque,
534 3485 602 3542 Bas.
635 3486 678 3558 (et
705 3484 767 3541 sins
796 3484 884 3540 dubio
913 3485 1038 3559 plures);
1071 3495 1235 3543 correctum
1256 3486 1328 3543 iam

251 3576 296 3624 est
318 3567 348 3623 ia
367 3578 437 3624 vett.
455 3570 530 3638 edd,
554 3579 586 3625 nt
609 3569 638 3624 in
657 3571 790 3639 Aseans,
804 3568 884 3628 Crat.
922 3570 958 3627 Id
976 3570 1102 3646 arripuit
1119 3569 1222 3641 Gzius,
1246 3571 1329 3647 igno·

252 3671 319 3709 rans
342 3663 438 3710 ortam
462 3672 526 3710 esse
549 3673 586 3710 ex
610 3655 782 3729 compendio
806 3655 882 3713 male
905 3655 1071 3725 intellecto,
1094 3656 1124 3712 in
1147 3675 1205 3729 quo
1229 3656 1259 3713 in
1282 3656 1328 3713 his

250 3738 334 3795 libris
352 3757 439 3814 saepe
457 3751 608 3814 peceatum
622 3751 681 3809 est;
700 3740 757 3796 vid.
777 3751 893 3815 praeter
911 3741 997 3797 huius
1010 3740 1077 3796 libri
1090 3746 1104 3810 ἓ
1119 3743 1158 3797 60
1171 3751 1201 3797 et
1214 3742 1252 3797 97
1267 3760 1328 3798 var.

250 3823 350 3897 script.
375 3836 403 3879 et
426 3833 538 3880 annott.
562 3825 598 3881 ad
621 3826 678 3894 ΙΙΙ,
704 3826 742 3882 37
762 3836 791 3882 et
809 3828 847 3883 67
872 3826 934 3897 (ubi
959 3826 1090 3900 plerique
1113 3829 1187 3900 qaod
1209 3827 1327 3890 habent,

251 3909 339 3964 etiam
363 3908 442 3966 Oxx.
463 3904 584 3982 Εϋξψ),
608 3912 662 3973 IV,
682 3912 730 3972 76,
751 3911 799 3974 33,
813 3911 861 3974 50,
876 3912 926 3981 73,
950 3912 987 3979 V,
1002 3913 1050 3967 77.
1085 3911 1153 3968 Non
1176 3912 1328 3985 quaeritur

250 3995 286 4049 de
309 3994 504 4051 instrumento
527 3992 658 4065 fallendi,
682 3997 733 4053 sed
757 3997 792 4053 do
816 3997 911 4054 modo.
953 3995 1045 4053 Gzius
1068 4016 1122 4052 suo
1146 4015 1225 4053 more
1249 4015 1326 4053 eom·

251 4089 336 4153 parat
363 4079 462 4136 neseio
491 4098 577 4153 quem
607 4082 703 4138 loeum
732 4101 769 4138 ex
799 4081 933 4156 epistulis
960 4080 997 4137 ad
1025 4082 1159 4138 Atticum
1188 4085 1267 4152 (nam
1297 4082 1327 4138 in

250 4182 371 4220 numero
395 4174 523 4221 erratum
546 4169 617 4238 est),
646 4168 695 4224 nbi
719 4167 848 4242 legatur:
876 4170 1009 4239 ercopr'ta,
1038 4186 1101 4240 qao
1124 4170 1252 4242 rectius
1275 4170 1328 4222 ista

249 4259 382 4305 careatur.
429 4250 515 4323 Quod
543 4252 660 4324 quidam
690 4272 743 4326 qao
766 4271 818 4327 pro
841 4254 972 4326 qaorrrorlo
994 4251 1051 4307 dici
1074 4262 1193 4326 putant,
1224 4261 1328 4308 eontra

250 4352 366 4390 omnem
394 4335 560 4410 analogiam
589 4347 618 4393 et
646 4355 729 4393 usum
759 4337 891 4393 nituntur
918 4337 1032 4393 duobus
1055 4335 1154 4394 Ovidii
1178 4337 1249 4394 lot-is
1273 4338 1325 4411 (Α.

249 4421 289 4478 Α.
315 4420 338 4487 I,
360 4421 420 4478 285
445 4432 474 4478 et
498 4422 581 4493 745),
604 4441 728 4495 quorum
752 4431 877 4495 utroque
900 4421 1084 4479 scribendum
1109 4432 1154 4480 est
1175 4442 1239 4498 qua.
