3030 5086
231 459 294 524 578
618 477 664 522 na
686 476 817 524 arsisse
839 477 912 524 nore.

230 644 342 710 cedere
369 649 400 709 et
427 644 575 726 progredi
601 645 633 708 in
655 645 784 723 virtute,
815 663 877 725 quo
905 644 1007 710 minus
1036 645 1229 710 miserrimus
1257 643 1308 723 sit,

229 752 396 828 antequem
413 747 454 810 ad
471 765 539 810 earn
557 747 745 828 pervenerit,
764 746 909 826 quonium
926 747 957 811 in
974 765 1059 828 aque
1075 745 1152 811 nihil
1168 745 1307 826 adiuvat,

229 853 261 913 et
280 847 428 930 quonism
450 848 558 926 catuli,
581 847 635 929 qui
656 848 718 913 iem
741 848 912 930 dispecturi
935 855 1024 928 sunt,
1046 848 1130 914 ceeei
1152 865 1254 929 seque
1276 853 1309 912 et

208 949 263 1029 sii,
291 950 345 1031 qui
365 950 458 1013 medo
481 951 560 1028 nati,
587 948 749 1014 Platonem
770 968 895 1032 quoque
917 967 1045 1016 neeesse
1066 956 1128 1028 est,
1158 947 1306 1031 quoniam

295 1124 319 1167 a.
339 1118 474 1183 despectm
488 1134 575 1168 omnes
594 1120 629 1183 (ct
646 1135 707 1169 mox
725 1120 812 1168 eadem
832 1120 941 1185 ratione)
977 1129 999 1169 et
1015 1118 1044 1168 ts·
1058 1119 1078 1168 L
1096 1128 1122 1168 ut
1140 1119 1159 1168 o·
1175 1120 1197 1168 R

226 1278 279 1332 sint
301 1294 354 1350 pro
376 1275 559 1343 indicativis,
583 1275 634 1349 qui
656 1275 685 1331 in
709 1275 888 1332 editionibus
910 1284 1008 1333 erant.
1035 1275 1145 1332 habere
1168 1274 1241 1331 dicit
1263 1275 1307 1348 (et

225 1359 394 1435 improbat),
418 1360 572 1417 confirmat
593 1359 629 1423 de
651 1363 868 1435 appropinquent
889 1359 958 1416 edit.
981 1360 1062 1419 Crat.
1087 1364 1156 1433 (non
1175 1360 1211 1418 de
1229 1362 1305 1433 eruet)

226 1443 271 1522 [et
292 1463 369 1501 nunc
392 1445 530 1503 Baiterus
553 1444 588 1501 de
601 1445 662 1502 Erl.
685 1454 714 1501 et
732 1443 780 1522 B].
815 1445 953 1502 Postulat
969 1445 1188 1503 coniunctivurn
1206 1443 1305 1502 oratio

224 1529 357 1604 obliqua,
385 1549 452 1587 cum
482 1530 554 1587 nulli
584 1530 656 1587 certi
684 1530 819 1587 homines
846 1530 1060 1607 significentur3
1095 1540 1125 1587 et
1152 1529 1306 1606 praecedit

224 1617 311 1673 uelint.
347 1616 507 1672 Praeterea
528 1615 689 1672 indicativo
712 1614 798 1671 modo
816 1615 969 1672 dicendum
988 1617 1198 1690 e1·at(propter
1209 1617 1303 1689 sore):

222 1701 478 1775 appropinquabunt
507 1733 543 1742 —
573 1710 658 1756 eruut.
703 1701 738 1757 In
767 1701 829 1768 111,
860 1701 899 1757 48
932 1709 996 1757 tota
1029 1700 1172 1757 orationis
1204 1699 1305 1757 forma

222 1784 357 1843 aliaest.
403 1784 499 1842 Paulo
521 1792 589 1841 ante
613 1788 652 1840 uti
673 1785 782 1842 omittit
804 1785 892 1842 etiam
916 1784 994 1860 Spir.
1019 1783 1084 1863 [B]
1129 1786 1205 1842 'l'unr
1236 1784 1305 1842 nitu

221 1873 302 1943 ἐρίων
324 1870 400 1927 Dav.
424 1870 523 1939 tacite,
547 1870 646 1927 nescio
669 1870 760 1938 unde;
784 1869 835 1927 sed
857 1871 901 1926 ita
924 1889 980 1946 mg.
1004 1870 1097 1938 Crat,
1121 1870 1185 1926 cod.
1211 1870 1302 1941 Mon,

222 1954 295 2026 Eri,
318 1955 395 2031 Spir.
420 1953 490 2034 [B],
514 1953 593 2013 Gud.
615 1957 650 2021 2;
680 1956 817 2022 Menutii,
840 1955 959 2026 Lamb,
984 1956 1086 2026 Grut,
1111 1954 1206 2012 Gzius
1229 1973 1302 2029 ayo,

222 2048 251 2096 et
273 2040 377 2097 siletur·
399 2040 435 2097 de
447 2039 525 2099 Oxx.
538 2040 702 2108 codicibus3
726 2038 806 2098 Gud.
824 2043 837 2097 l
859 2049 889 2097 et
906 2040 971 2096 edd.
984 2050 1055 2097 vett.
1069 2044 1145 2098 enim.
1182 2039 1302 2098 Deinde

221 2125 291 2182 Ern.
316 2125 435 2200 scripsit
457 2129 495 2183 sis
517 2157 558 2168 -
576 2128 746 2200 pmmeris,
775 2125 884 2182 oblitus
914 2135 1002 2182 notae
1031 2124 1147 2182 dicendi
1176 2123 1303 2196 formes,

220 2210 368 2284 quemad
392 2210 417 2279 I,
442 2211 480 2267 67
505 2210 535 2266 in
559 2220 729 2267 transcursu
751 2210 846 2285 attigi.
879 2210 1035 2267 Postremo
1048 2210 1225 2269 Schuetsius
1247 2227 1303 2286 pro

219 2297 259 2352 cd
280 2314 339 2352 eum
361 2295 465 2351 scribit
486 2296 525 2352 ad
545 2315 692 2353 werimum.
721 2305 753 2352 ut
781 2295 836 2351 hoc
863 2293 959 2351 simile
988 2295 1026 2352 sit
1048 2313 1180 2353 summae
1203 2312 1302 2369 aquae

220 2379 376 2449 mentioni,
405 2398 469 2436 curn
493 2379 681 2454 praesertim,
705 2381 756 2453 qui
774 2381 969 2455 proprediotur
990 2384 1023 2437 r'n
1045 2384 1156 2450 virtute,
1185 2380 1211 2437 is
1239 2379 1300 2437 iam

220 2466 251 2522 in
274 2483 309 2521 ea
330 2483 395 2522 esse
418 2463 566 2529 videatur,
595 2475 627 2521 ut
649 2466 689 2522 ad
709 2483 767 2522 eom
784 2468 925 2539 peruenire
947 2483 1004 2521 non
1028 2465 1102 2541 opus
1125 2465 1172 2522 sit.
1220 2465 1301 2523 Ien-

219 2550 361 2619 dsndum,
389 2558 423 2606 ut
444 2549 531 2618 alibi,
555 2549 632 2623 quod
656 2548 858 2606 difficultatem
883 2550 989 2620 sensit,
1018 2569 1075 2607 non
1104 2550 1184 2624 quod
1207 2549 1302 2607 verba

218 2635 352 2691 mutavit.
386 2634 496 2692 Nam
487 2653 582 2710 ipsum
601 2634 673 2691 iliud
686 2637 833 2708 procedere
849 2645 874 2692 et
888 2637 1044 2710 propredi'
1033 2657 1066 2692 ru
1082 2638 1180 2692 uirtute
1191 2632 1301 2694 Cicero

218 2719 294 2777 dixit
327 2719 364 2776 ed
398 2737 580 2777 communem
611 2718 736 2776 formam
768 2719 922 2813 loquendi;
956 2719 1064 2791 Stoici,
1099 2720 1149 2794 qui
1179 2719 1303 2777 virtutis

218 2803 326 2880 gradus
355 2822 419 2861 esse
448 2804 610 2880 negabant,
641 2796 682 2868 εἰς
704 2791 826 2879 αρετὴν,
855 2823 912 2861 non
942 2797 971 2861 io
1000 2796 1090 2879 ἀρετῇ
1117 2791 1302 2879 προκόπτειν

218 2889 351 2946 homines
374 2889 519 2947 docebant
541 2888 613 2961 (vid.
633 2887 671 2944 ad
688 2888 822 2962 111,48)‚
847 2897 879 2945 ut
902 2907 1045 2946 summurn
1070 2898 1148 2947 esset
1170 2887 1210 2945 ed
1233 2905 1301 2946 eam

218 2974 388 3050 pervenire;
416 2992 483 3030 nam
514 2973 550 3030 ad
579 2992 721 3030 summam
746 2984 935 3051 pervenerat,
965 2974 1015 3048 qui
1044 2974 1164 3030 omnino
1193 2991 1303 3049 perve-

218 3068 311 3117 nerat.
358 3059 443 3116 Hanc
470 3057 610 3133 loquendi
638 3056 762 3115 formam
793 3059 926 3133 sequitur
949 3058 1054 3118 Cicero
1083 3059 1113 3114 in
1136 3057 1240 3115 verbis
1261 3058 1305 3117 ad

218 3163 284 3205 eam,
308 3154 340 3200 ut
362 3152 465 3218 postea
488 3147 502 3213 ξ
522 3145 571 3201 66.
606 3142 664 3202 Sed
687 3153 892 3219 praeterquam
917 3144 995 3218 quod
1018 3143 1061 3200 ita
1082 3143 1305 3218 repugnantiae

217 3228 361 3305 quaedam
384 3228 498 3304 species
520 3229 630 3296 oritur,
660 3228 692 3284 fit
714 3229 818 3298 etiam,
847 3238 960 3286 utnon
984 3228 1056 3285 satis
1079 3236 1226 3303 appareat
1248 3228 1305 3286 ab·

217 3313 345 3371 surditas
367 3330 418 3381 ea,
442 3331 528 3387 quam
553 3313 657 3372 Cicero
680 3312 834 3370 ostendere
856 3314 928 3370 vult.
973 3313 1050 3370 Nem
1074 3314 1199 3370 miseros
1223 3330 1304 3384 esse,

218 3398 268 3473 qui
291 3397 329 3454 ad
350 3397 488 3454 virtutem
518 3417 576 3456 non
599 3398 816 3474 pervenissent,
845 3398 900 3456 hoe
923 3407 983 3467 est,
1012 3398 1063 3472 qui
1091 3397 1205 3455 nullam
1235 3397 1305 3456 eius

217 3491 330 3559 partem
354 3483 535 3556 attigissent,
559 3493 674 3540 veteres
696 3501 813 3557 quoque
835 3492 865 3540 et
887 3483 950 3559 ipse
974 3481 1078 3541 Cicero
1101 3499 1304 3540 concessurus

217 3577 290 3626 eret.
336 3566 416 3641 Quid
443 3586 513 3644 ergo
535 3566 600 3625 esti
645 3568 801 3624 Debebunt
824 3567 990 3626 Stoicorum
1014 3567 1177 3625 adversarii
1200 3567 1304 3626 notio·

217 3671 284 3710 nem
314 3671 377 3710 eam
407 3652 540 3721 virtutis,
570 3671 629 3727 qua
655 3652 699 3709 illi
727 3653 757 3710 in
785 3653 831 3710 his
859 3653 1108 3728 disputationibus
1136 3652 1305 3711 utebantur

217 3756 332 3812 quaque
356 3756 421 3795 earn
444 3737 486 3795 sie
508 3738 545 3795 ab
568 3738 671 3794 habitu
694 3737 784 3794 animi
807 3738 936 3795 nondum
960 3737 1083 3813 perfecti
1106 3737 1303 3809 dirimebant,

217 3832 250 3880 ut
272 3822 360 3880 simul
381 3842 485 3899 reapse
508 3842 524 3880 e
547 3823 609 3880 vita
631 3823 773 3892 eicerent,
801 3841 972 3899 oppugnare
995 3832 1037 3888 et,
1066 3841 1132 3879 cum
1155 3823 1185 3878 id
1209 3821 1304 3881 fecis·

217 3917 298 3976 sent,
332 3918 433 3965 vetare
466 3927 517 3966 eos
544 3908 681 3982 ambigue
708 3907 799 3982 loqui.
849 3908 1013 3982 Despecturr'
1039 3917 1069 3965 et
1096 3917 1201 3983 postea
1230 3907 1302 3981 (65)

219 3996 398 4069 despumet
419 4012 529 4062 ornnes,
552 4003 585 4050 ut
607 3993 760 4062 videntur,
784 3991 868 4050 codd.
891 3991 993 4070 [etiarn
1019 3990 1073 4070 B];
1103 4000 1304 4050 correxerunt

216 4078 320 4136 Lamb.
343 4087 373 4135 et
395 4078 471 4135 Dav.
516 4077 578 4137 cfr.
600 4079 642 4146 11,
668 4078 717 4136 97.

302 4181 387 4237 oeque
408 4172 433 4220 et
453 4163 486 4236 ii)
510 4163 561 4222 Sic
582 4163 670 4220 etiam
695 4162 777 4220 codd.
795 4162 882 4232 Pali,
907 4162 994 4229 Dav,
1018 4161 1107 4232 Oxx,
1131 4159 1202 4219 Gaii
1226 4160 1301 4234 (nisi

217 4248 295 4323 qnod
312 4248 399 4305 huius
416 4257 476 4306 tres
494 4249 548 4323 dr);
572 4258 600 4305 ut
622 4266 682 4305 una
698 4258 726 4304 et
744 4248 838 4304 altera
855 4246 955 4315 editio,
978 4256 1128 4322 postrema
1140 4245 1299 4315 Lambini;

217 4333 276 4391 vid.
299 4333 336 4390 ad
353 4333 378 4404 1,
393 4334 441 4390 67.
487 4335 559 4392 Mox
582 4334 670 4391 etiarn
693 4343 718 4390 et
740 4334 882 4389 Phalarim
901 4331 995 4391 Gzius
1014 4331 1085 4402 nrt,
1108 4331 1201 4406 Spin,
1225 4329 1298 4388 Bas.

217 4426 353 4476 auctores
381 4417 490 4488 citans3
519 4415 617 4498 [deB
646 4426 723 4475 tecet
751 4417 903 4489 Beitsrus,
933 4417 969 4475 de
992 4417 1053 4474 Erl.
1082 4433 1160 4473 nunc
1188 4415 1297 4473 contir-
