3030 5086
215 468 281 534 552
482 541 485 551 ,
605 486 651 530 ua
673 482 804 531 errimus
826 483 897 529 sou.

216 663 321 719 tamen
354 672 458 719 rerum
492 672 562 719 esse
594 654 625 718 in
659 653 698 717 iis
730 659 887 717 momenta
920 651 1052 730 dicerem
1090 652 1181 733 quasi
1213 668 1291 716 vero
1375 641 1392 652 ’

291 867 307 907 t.
328 867 405 906 autem
423 866 585 923 (protorum)
604 872 698 917 omnes,
717 858 759 908 Or.
796 857 819 906 in
836 856 872 906 dir
892 857 1000 906 LPCOr.
1037 857 1135 905 veroli

217 1033 325 1089 tionem
350 1031 465 1088 Davisii
489 1042 517 1088 et
541 1031 660 1088 Bromii.
703 1034 870 1088 Accusatur
892 1031 1018 1088 Zenonis
1040 1030 1238 1087 inconstantia
1260 1030 1290 1086 iu

217 1118 422 1174 constituenda
445 1136 544 1173 eorum
569 1117 726 1192 dignitate,
754 1136 829 1191 quae
857 1126 941 1172 extra
964 1116 1102 1173 virtutem
1125 1125 1202 1172 sunt.
1246 1115 1292 1172 Ea

217 1204 327 1276 (cetero)
350 1203 375 1259 is
399 1202 525 1278 negabat
549 1212 725 1259 momentum
749 1203 840 1259 ullum
864 1201 972 1257 habere
995 1202 1138 1258 advitam
1164 1202 1290 1270 beatam,

135 1346 140 1352 ,
217 1307 292 1363 quae
316 1297 345 1343 et
367 1288 431 1344 sine
453 1287 490 1344 iis
513 1297 664 1344 essetnec
687 1306 752 1344 cum
775 1287 812 1345 iis
835 1287 948 1343 beatior
971 1287 1068 1356 fieret;
1092 1297 1121 1343 et
1139 1297 1235 1343 tamen
1253 1285 1291 1342 ad

217 1373 428 1449 appetitionem
452 1392 549 1430 rerum
573 1381 716 1430 summum
745 1374 774 1429 in
805 1373 842 1429 iis
870 1383 1047 1429 momentum
1071 1390 1137 1428 esse
1160 1372 1292 1439 dicebat;

217 1478 284 1515 nem
309 1459 376 1515 inde
399 1477 485 1515 omne
507 1459 622 1515 initium
641 1454 927 1534 appetendi'aliquid
945 1469 975 1513 et
990 1458 1096 1533 agendi
1112 1457 1293 1514 commoveri

217 1545 281 1617 (43,
295 1545 334 1600 48
348 1548 427 1616 cet).
474 1543 609 1602 Ciceroni
632 1554 728 1601 autern
753 1543 867 1599 videtur
891 1543 962 1599 haec
985 1543 1127 1618 appetitio
1151 1562 1168 1597 a
1185 1541 1294 1599 summi

218 1630 286 1686 boni
310 1630 466 1704 adeptione
489 1648 547 1687 non
571 1649 656 1705 posse
679 1630 792 1703 seiungi
815 1630 893 1701 (noro
913 1628 942 1685 id
960 1647 1023 1684 esse
1041 1628 1174 1684 ultimum
1193 1647 1292 1684 rerum

218 1715 464 1790 appetendarum
487 1719 501 1784 ᾖ
521 1716 582 1786 34).
628 1716 662 1771 in
685 1715 769 1772 codd.
794 1724 823 1770 et
845 1714 1046 1789 superioribus
1069 1714 1133 1770 edd.
1156 1712 1198 1770 sic
1220 1713 1294 1770 scri·

219 1801 313 1857 bitur:
336 1810 369 1871 et,
392 1820 451 1857 cum
473 1802 511 1857 od
534 1802 636 1856 beatum
659 1803 739 1857 uitam
760 1802 861 1856 nicilum
884 1809 1039 1855 momentum
1062 1818 1093 1854 eo
1114 1818 1157 1854 res
1175 1799 1293 1869 haberet,

218 1888 257 1942 od
278 1888 462 1960 oppetitionem
484 1895 572 1942 autem
594 1906 696 1951 rerum,
720 1905 776 1942 esse
798 1888 825 1940 in
848 1886 889 1942 bis
912 1894 1041 1941 momenta
1064 1886 1175 1952 diceret,
1203 1902 1293 1958 quem

218 1971 393 2046 scripturam
417 1970 536 2028 difficile
560 1981 605 2027 est
626 1970 769 2039 refutare;
792 1970 866 2027 odeo
888 1971 969 2026 nulla
991 1970 1018 2027 ei
1036 1970 1182 2026 sententia
1198 1969 1295 2027 subici

219 2066 325 2132 potest.
370 2056 453 2128 Quae
477 2068 521 2113 est
544 2056 620 2113 enirn
643 2076 675 2113 eo
697 2053 760 2112 res?
783 2074 926 2128 quaenam
950 2055 1009 2118 illo,
1034 2055 1069 2112 de
1092 2056 1198 2128 quibus
1221 2055 1295 2112 dici-

220 2152 267 2198 tur
289 2146 316 2198 io
339 2140 400 2198 bis?
430 2143 467 2198 ad
496 2161 651 2215 quamnam
680 2161 742 2197 rem
771 2141 908 2197 dicuntur
936 2144 963 2197 r'u
991 2142 1032 2196 iris
1060 2161 1116 2198 esse
1143 2137 1295 2197 momento?

219 2246 294 2301 quae
318 2237 362 2284 est
384 2237 532 2302 postremo
555 2227 641 2295 haec,
671 2246 747 2302 quae
773 2227 803 2282 in
827 2227 945 2284 Zenone
972 2226 1218 2300 reprehendatur,
1247 2245 1295 2282 re·

221 2314 391 2389 pugnantia,
415 2313 502 2386 quod,
526 2330 591 2369 curn
615 2332 647 2369 eo
668 2332 712 2369 res
734 2311 845 2386 (neseio
868 2315 955 2386 quae)
978 2321 1156 2368 momentum
1181 2311 1295 2367 nullum

218 2398 327 2455 habeat
343 2399 379 2454 ad
398 2399 513 2455 beatam
526 2399 626 2461 vitam,
644 2407 673 2454 et
690 2409 787 2454 tamen
804 2397 841 2453 ad
859 2397 939 2453 aliud
957 2396 1073 2465 habeat,
1098 2397 1169 2453 haec
1181 2397 1296 2467 (nescio

220 2502 294 2559 quae
318 2484 388 2556 alia)
412 2494 590 2541 momentum
620 2484 669 2555 (ad
699 2483 797 2539 nescio
821 2483 902 2557 quid)
926 2483 1033 2538 habere
1056 2480 1153 2539 dicat?
1197 2483 1295 2538 Inter·

217 2579 351 2644 pretatur
374 2578 471 2625 temen
495 2567 602 2627 Gaius:
629 2589 687 2626 eom
709 2588 764 2625 rem
787 2587 851 2625 ease
870 2571 1086 2643 propensionem
1114 2571 1141 2624 in
1163 2568 1205 2623 iris
1228 2585 1296 2624 esse

218 2659 245 2710 in
268 2658 363 2711 virtute
384 2665 432 2710 aut
454 2658 523 2711 m'tio.
558 2657 613 2727 (At
637 2673 722 2711 voces
744 2664 792 2710 out
814 2658 876 2710 vitio
899 2654 986 2710 homo
1009 2672 1097 2728 supra
1120 2653 1204 2709 tidem
1227 2672 1295 2727 per·

218 2758 320 2796 versus
354 2739 500 2796 tollendas
527 2743 705 2811 consuerat.)
756 2740 878 2798 Serione
906 2738 1072 2795 huiusmodi
1100 2739 1297 2795 deliramenta

218 2825 375 2882 refutanda
398 2823 483 2881 sunt?
528 2827 619 2882 Putes
642 2824 767 2882 fortasse
795 2844 842 2881 res
871 2824 978 2880 habere
1007 2825 1233 2899 propensionem
1256 2823 1296 2881 ad

218 2912 310 2967 vitam
339 2911 453 2967 beatam
481 2923 530 2967 aut
559 2912 695 2968 miseram
725 2910 918 2967 efficiendam.
962 2912 1005 2966 At
1034 2909 1080 2966 hic
1109 2920 1136 2966 te
1166 2910 1295 2976 docebit,

217 2997 444 3071 propensionem
467 3015 524 3053 non
548 2997 656 3053 habere
676 3005 863 3062 momentum,
887 2996 987 3064 idest,
1011 2996 1236 3071 propensionem
1256 2995 1295 3052 ad

217 3082 333 3138 beatem
351 3082 451 3146 vitam,
475 3091 505 3138 et
526 3092 623 3139 tamen
641 3083 678 3138 ad
695 3081 906 3157 appetitionem
924 3100 1030 3142 rerum,
1054 3093 1092 3148 et,
1115 3098 1296 3155 quamquam

220 3167 273 3224 hoc
302 3168 343 3223 ita
371 3168 424 3235 sit,
453 3177 551 3224 tamen
574 3168 721 3224 Zenonem
746 3167 857 3234 dicare,
886 3167 915 3222 in
945 3167 1052 3223 virtute
1081 3176 1111 3222 et
1133 3167 1205 3223 vitio
1228 3184 1295 3223 esse

217 3263 374 3311 momenta.
410 3252 515 3309 Discas
534 3253 621 3309 etium
634 3252 733 3324 (modo
751 3253 926 3327 intelleges),
948 3252 1042 3319 „velle
1055 3263 1213 3319 auctorem,
1233 3252 1294 3308 vim

216 3339 333 3411 quidem
358 3339 387 3394 in
411 3357 458 3394 res
475 3338 656 3413 appetendus
675 3338 812 3394 virtutem
831 3349 860 3393 et
878 3337 980 3393 vitium
999 3355 1129 3393 exerere.
1153 3356 1209 3394 non
1228 3337 1295 3393 vice

217 3431 331 3480 versa.“
367 3424 406 3479 Et
427 3435 524 3480 tamen
548 3424 595 3480 hic
618 3424 713 3495 locum
737 3433 815 3479 recte
839 3423 946 3479 habere
967 3423 1121 3497 persuasit,
1144 3441 1202 3479 non
1225 3422 1295 3479 dico

218 3507 416 3566 Billerbeckio
439 3518 490 3566 aut
507 3509 618 3575 Ottoni,
642 3508 693 3564 sed
717 3508 838 3566 Orellio.
872 3508 958 3565 Adeo
981 3508 1052 3563 satis
1075 3518 1120 3564 est
1136 3508 1294 3565 verborum

218 3595 373 3669 strepitum
397 3595 492 3652 edere.
539 3594 695 3653 Contraria
718 3612 781 3650 esse
804 3596 843 3650 od
865 3595 967 3650 beatam
990 3598 1071 3648 eitum
1099 3604 1128 3650 et
1150 3595 1188 3650 od
1209 3613 1294 3668 oppe-

219 3683 334 3736 titionem
358 3700 460 3748 rerum,
489 3683 590 3737 trullum
612 3689 767 3736 nronrmtum
790 3680 887 3736 habere
909 3689 939 3735 et
960 3699 1017 3735 esse
1039 3681 1066 3734 in
1089 3680 1131 3734 iris
1153 3690 1295 3750 momento,

218 3776 251 3822 ut
278 3766 482 3840 coniungenda
510 3766 583 3822 hacc
610 3766 685 3822 sint:
714 3767 753 3821 od
779 3769 965 3840 oppetitionem
993 3783 1083 3820 reorum
1110 3785 1167 3821 esse
1194 3768 1221 3820 io
1251 3766 1295 3821 bis

216 3862 356 3911 momento.
380 3862 408 3907 et
433 3851 505 3907 haec
527 3852 600 3921 duo,
625 3860 801 3907 momentum
828 3851 938 3907 nullum
963 3850 1071 3906 habere
1094 3861 1123 3906 et
1145 3861 1296 3907 momenta

219 3937 336 4003 habere,
360 3937 395 3992 de
419 3937 520 3993 eadem
543 3957 575 3994 re
598 3937 671 3999 diei,
695 3936 724 3992 in
747 3936 830 3992 cuius
853 3937 882 3992 vi
905 3935 1110 3992 constituenda
1132 3936 1212 3992 Zeno
1236 3936 1296 3993 sibi

216 4040 274 4079 non
298 4023 477 4092 constiterit,
507 4023 553 4079 vel
582 4042 618 4078 ex
649 4021 790 4078 orationis
813 4022 909 4078 forma
930 4023 1004 4078 adeo
1028 4020 1212 4078 manifestum
1237 4031 1294 4092 est,

217 4118 249 4164 ut
273 4107 345 4164 nihil
368 4108 461 4183 possit
485 4109 585 4183 magis.
632 4108 736 4180 Itaque
763 4116 792 4162 et
814 4111 839 4162 iu
863 4112 896 4164 iis
918 4108 1095 4183 respondere
1118 4107 1205 4162 debet
1227 4107 1294 4182 plu-

217 4194 287 4250 ralis
310 4194 425 4250 numeri
442 4194 517 4258 voci,
541 4212 615 4267 quae
635 4193 707 4249 latet
724 4193 777 4248 sub
796 4193 861 4249 illo:
885 4214 915 4250 eo
938 4214 988 4257 res,
1012 4204 1042 4250 ct
1063 4203 1150 4249 obtem
1172 4192 1293 4268 corrigi.

218 4280 323 4335 Latere
353 4289 451 4335 nutem
480 4279 721 4354 significationem
746 4279 875 4335 omnium
900 4289 1060 4335 ceterarum
1085 4298 1180 4335 rerum
1204 4280 1296 4352 (quae

215 4364 274 4421 sint
296 4365 455 4421 secundum
478 4370 624 4436 naturam)
642 4374 759 4438 praeter
776 4365 923 4432 virtutem,
947 4383 1005 4420 non
1024 4364 1117 4439 magis
1134 4364 1293 4421 obscurum

216 4450 243 4506 ai
267 4468 331 4506 asse
353 4459 459 4525 potest,
484 4450 533 4523 qui
556 4449 668 4523 aliquid
692 4464 728 4505 ex
753 4450 806 4506 hac
829 4461 891 4506 tota
913 4450 1113 4524 disputatione
1136 4448 1295 4506 intellexit.
