3030 5086
416 503 460 549 ar
484 505 564 551 usn.
587 505 696 551 amn
719 505 792 553 css.
811 508 922 556 rr-aa
943 505 1077 569 (ss-ro.)
1220 490 1282 556 261

207 672 248 736 sit
269 671 382 736 dicere.
417 671 500 751 Quid
521 671 625 752 affers,
648 692 703 739 cur
716 672 861 754 Thorius,
884 691 940 738 cur
956 672 1285 755 †ChiusP0stumius,

206 791 261 839 cur
284 773 422 837 omnium
443 773 556 838 horum
576 776 734 855 magister,
757 778 865 855 Orata,
888 794 949 840 non
971 775 1194 841 iucundissime
1215 777 1282 840 vix·

206 875 287 940 erit?
329 876 403 956 lpse
426 884 528 956 negat,
552 883 586 940 ut
607 885 680 943 autc
697 877 769 956 dixi,
791 877 1021 942 luxuriosorum
1037 877 1134 942 vitam
1151 896 1281 958 repren-

206 978 356 1055 dendam,
381 976 439 1041 nisi
461 977 554 1058 plane
576 976 654 1042 latui
677 979 752 1056 sint,
775 978 806 1043 id
829 985 890 1059 est,
919 977 979 1043 nisi
1001 984 1057 1043 aut
1078 979 1207 1060 cupiant
1228 984 1283 1044 aut

205 1084 354 1144 metuant.
400 1080 539 1158 Quarum
567 1080 727 1144 ambarum
756 1098 860 1145 rerum
888 1098 956 1145 cum
985 1080 1168 1146 medicinam
1191 1081 1323 1162 pelli-5

207 1188 307 1259 cetur,
336 1179 476 1245 luxuriae
503 1180 658 1246 licentiam
686 1181 857 1262 pollicetur.
909 1181 967 1246 llis
996 1181 1076 1247 enim
1104 1183 1199 1248 rebus
1226 1183 1282 1248 de·

206 1281 313 1346 tractis
335 1287 430 1363 negat
451 1300 485 1346 se
507 1282 698 1363 reperirem
721 1290 882 1348 asotorum
901 1283 975 1363 vita,
997 1284 1081 1365 quod
1103 1284 1282 1366 reprendat-

281 1457 298 1502 l.
318 1460 353 1500 est
372 1450 393 1502 C
428 1450 565 1501 Postumius
583 1470 625 1502 cur
645 1452 716 1503 Odius
734 1453 853 1503 LPMCR
871 1471 913 1502 cur
932 1453 957 1504 C.
973 1453 1072 1504 Him'us
1082 1453 1218 1504 Postumius
1237 1453 1280 1505 Or.

206 1533 263 1567 mim
282 1527 343 1568 nota
361 1520 444 1568 mendi
464 1519 592 1569 Postumus
611 1522 632 1569 E
682 1526 705 1570 2.
723 1520 803 1570 iorum
823 1537 871 1573 om.
891 1522 1012 1571 LPMCR
1062 1529 1083 1571 4.
1104 1522 1164 1572 idom
1182 1524 1239 1588 (pro
1258 1521 1285 1571 id

207 1591 251 1651 est)
270 1586 336 1640 uPc
355 1587 423 1636 iidem
439 1588 489 1637 LM
516 1597 558 1638 out
573 1588 646 1653 pluas
664 1588 799 1654 cupioatlt
835 1588 1015 1639 ammissum
1028 1592 1111 1639 cumb)
1148 1595 1171 1640 t.
1190 1589 1249 1655 quid
1260 1591 1282 1640 Is

291 1747 340 1784 cur
355 1727 439 1785 Citius
450 1728 620 1805 Postumius)
638 1728 688 1788 Sic
705 1729 793 1787 etiam
811 1729 876 1786 Pal.
892 1732 918 1800 1,
936 1748 993 1805 rng.
1007 1728 1100 1800 Crat,
1118 1729 1181 1787 cod.
1194 1730 1283 1802 Mon,

207 1812 301 1888 Spir..
333 1810 412 1872 Gud.
440 1816 454 1870 l
480 1817 529 1887 (an
554 1815 651 1888 potius
675 1811 735 1887 Qi).
779 1815 826 1872 El.
852 1815 869 1870 2
900 1833 949 1871 cur
974 1815 1088 1872 Cltireus
1110 1816 1280 1884 Postumium

207 1899 387 1972 eandemque
410 1898 583 1973 scripturam
609 1899 742 1974 Scaliger
763 1909 949 1974 reppererat,
978 1918 1015 1955 ex
1043 1918 1102 1974 qua
1124 1900 1174 1956 ille
1196 1898 1282 1958 fecit:

205 2002 254 2041 cur
280 1983 309 2041 C.
334 1984 448 2041 Hirtius
470 1986 639 2052 Postumius,
669 1984 913 2058 quemadmodum
936 1985 1080 2042 ltlorelius
1103 1994 1132 2041 et
1154 1985 1282 2044 Ursinus
1367 2006 1370 2017 ·

206 2069 273 2142 (nisi
298 2069 376 2142 quod
398 2069 446 2125 hic
473 2069 502 2126 C.
525 2069 656 2142 Hirrus),
679 2077 712 2125 ut
734 2069 923 2145 intellegatur
945 2070 984 2139 is,
1015 2088 1101 2144 quem
1124 2071 1222 2127 Varro
1245 2070 1282 2127 de

205 2155 241 2211 R.
254 2154 288 2211 R.
313 2154 467 2224 111,1t,2
491 2163 521 2210 et
543 2154 658 2211 Plinius
677 2155 714 2210 ΙΙ.
727 2155 764 2212 Ν.
778 2155 835 2224 IX,
852 2156 907 2211 171
928 2155 1054 2230 primum
1075 2173 1280 2211 muraenarum

205 2238 351 2295 rivarium
374 2239 558 2315 excogitasse
581 2248 710 2296 narrant.
758 2239 857 2297 Securi
885 2239 960 2296 hanc
988 2240 1185 2296 coniecturam
1214 2249 1282 2314 post

206 2324 361 2381 Davisium
380 2343 482 2381 omnes
499 2334 565 2381 sunt
583 2333 701 2398 praeter
712 2323 879 2381 Ernestium
898 2335 928 2381 et
946 2325 1105 2384 Bremium.
1141 2324 1201 2384 Sed
1217 2343 1280 2393 nec,

205 2427 258 2466 cur
280 2418 339 2466 tam
363 2409 519 2484 diligenter
535 2420 565 2465 et
581 2409 676 2466 tribus
694 2409 862 2467 nominibus
879 2409 1063 2486 insigniatur,
1087 2417 1211 2485 apparat
1227 2427 1282 2468 nec

206 2512 367 2571 cognomen
391 2495 418 2550 ei
440 2496 537 2552 Varro
560 2504 589 2550 et
611 2495 727 2551 Plinius
749 2494 874 2564 addunt;
903 2495 1030 2551 debebat
1051 2505 1205 2569 praeterea
1227 2496 1281 2552 Po-

207 2591 309 2638 strenuus
321 2598 399 2648 esse3
414 2576 457 2659 [et
468 2580 524 2636 hoc
536 2579 653 2654 quidem
666 2579 764 2635 inErl.
774 2580 834 2636 etB
846 2576 912 2658 est].
937 2579 1071 2647 Accedit,
1084 2579 1175 2636 utrix
1188 2581 1282 2654 possit

206 2669 318 2722 orarium
342 2665 435 2721 lorum
460 2665 495 2721 de
519 2665 656 2720 universo
678 2683 795 2740 genere,
819 2683 853 2721 ac
871 2684 928 2721 nou
948 2665 983 2721 de
1001 2664 1047 2734 iis,
1070 2665 1120 2739 qui
1138 2664 1280 2721 nominati

206 2751 273 2815 sint,
296 2749 438 2826 intellegi,
463 2751 539 2823 quod
563 2751 653 2806 sensit
677 2750 764 2806 etiarn
784 2749 934 2806 Davisius.
978 2750 1083 2823 ltaque
1106 2760 1166 2806 tres
1188 2749 1282 2807 nomi·

206 2854 292 2892 nasse
315 2834 419 2893 Cicero
443 2836 569 2904 viderur,
593 2835 666 2891 duos
689 2846 806 2910 praeter
828 2834 985 2899 Thorium,
1009 2843 1056 2904 ut,
1079 2836 1103 2891 si
1131 2835 1214 2892 Clas
1236 2844 1282 2891 est

211 2921 240 2978 C.
253 2921 366 2977 Hirmas
380 2918 427 3001 [C.
442 2916 553 2998 Heius}
577 2920 678 2976 deesse
697 2920 831 2977 videatur
848 2919 993 2976 Postumii
1011 2938 1205 2994 praecuntem
1228 2937 1281 2975 nec

206 3006 283 3062 eninr
302 3006 406 3062 mirum
425 3017 478 3075 est,
502 3005 646 3061 nominari
664 3005 797 3061 homines
815 3004 900 3061 nobis
916 3005 1042 3079 ignotos.
1076 3005 1111 3060 In
1129 3004 1183 3062 tris.
1206 3022 1281 3078 quos

207 3090 309 3149 Cicero
331 3091 408 3147 inter
432 3091 590 3161 Thorium,
620 3108 704 3164 quem
729 3100 796 3146 ante
819 3099 1076 3158 commemoraret,
1105 3098 1133 3145 et
1157 3088 1280 3147 Oratam

206 3175 344 3236 intericit.
361 3185 440 3232 recte
458 3175 599 3251 asyndeto
617 3175 658 3231 uti
677 3175 782 3248 potuit.
819 3174 989 3231 Deteriores
1006 3174 1140 3242 aliorum,
1163 3184 1194 3230 ut
1213 3173 1281 3242 mei,

205 3261 384 3337 perturbate.
430 3262 546 3318 Marsus
575 3262 721 3317 Postumus
748 3280 797 3316 sur
828 3260 942 3317 Cicirrus
965 3259 1080 3334 (Cicirrus
1102 3259 1168 3317 Urs.
1192 3259 1279 3330 cod).

209 3342 386 3427 [Kayserum
409 3347 591 3411 curHirrius,
615 3365 663 3403 erm
675 3341 853 3424 Postumius]
888 3347 965 3402 Tum
984 3346 1086 3418 lomim,
1109 3342 1186 3418 quod
1200 3342 1280 3402 Crat.

206 3432 275 3505 (non
299 3433 442 3505 Marsus).
466 3431 562 3499 Visa,
594 3430 698 3487 deinde
728 3429 814 3489 Grut.
843 3431 932 3488 tacite
961 3431 1128 3499 ediderunt,
1158 3438 1282 3504 apparet

205 3535 283 3573 nunc
306 3535 321 3572 e
339 3516 509 3573 melioribus
527 3516 609 3572 codd.
630 3516 748 3573 ductum
767 3535 845 3587 esse3
868 3516 1015 3572 omittitur
1036 3517 1065 3572 in
1080 3514 1186 3585 Mead.,
1204 3513 1281 3573 CCC

206 3596 254 3675 (ξ),
278 3602 364 3671 Ball,
388 3602 443 3677 Uu,
468 3600 546 3659 Gud.
566 3602 594 3672 2,
618 3602 686 3659 Bas.
733 3601 780 3658 De
804 3601 836 3660 C.
861 3600 956 3675 Sergii
980 3600 1089 3659 Oratae
1113 3602 1281 3672 (Auratae),

206 3686 255 3760 qui
278 3687 310 3743 L.
336 3685 436 3745 Crassi
458 3686 584 3743 oratoris
607 3686 739 3760 aequalis
761 3685 831 3755 tuit,
860 3685 979 3742 luxuria
1006 3694 1033 3741 et
1063 3685 1091 3741 in
1116 3703 1151 3740 eo
1173 3702 1281 3760 genere

205 3771 333 3829 inventis
363 3772 445 3828 nrulti
474 3771 579 3833 multa,
608 3771 671 3846 ipse
700 3771 804 3830 Cicero
832 3771 861 3826 in
890 3770 993 3845 fragm.
1022 3770 1175 3826 Hortensii
1202 3770 1280 3844 apud

205 3857 333 3933 August.
356 3857 391 3913 de
414 3857 475 3914 Vit.
498 3857 582 3913 Beat.
608 3858 645 3913 26
670 3857 711 3931 (p.
729 3857 789 3913 484
814 3856 887 3929 Oa),
910 3855 977 3913 Val.
1002 3856 1082 3912 lllax.
1106 3856 1167 3922 IX,
1195 3857 1226 3924 1,
1253 3857 1280 3924 1,

205 3941 283 3999 Plin.
306 3943 345 3999 H.
368 3943 406 3999 N.
428 3942 485 4011 IX,
513 3943 581 4010 168,
605 3942 736 3998 Macrob.
762 3943 878 4000 Satura.
902 3942 942 4011 II,
970 3944 1016 3997 11.

291 4031 343 4083 m'sr'
364 4029 447 4102 plone
467 4029 545 4100 sutrii
567 4029 635 4097 siat,
662 4028 693 4082 id
719 4035 770 4096 est,
799 4029 853 4082 misi
879 4025 950 4100 cet.)
973 4023 1151 4099 Praeposuit
1173 4021 1279 4081 Cicero

206 4130 287 4169 suam
311 4112 594 4186 interpretationem,
618 4111 741 4168 subiecit
764 4111 829 4185 ipsa
847 4110 967 4185 Epicuri
991 4110 1081 4166 rerba
1104 4109 1151 4180 (de
1175 4108 1283 4182 quibus

205 4197 264 4256 vid.
290 4198 325 4253 ad
350 4198 445 4268 §203
469 4197 530 4253 dixi
554 4198 590 4253 de
611 4197 668 4252 hoc
690 4214 744 4252 usu
767 4213 872 4252 vocum
896 4197 927 4252 id
948 4205 986 4251 est
1009 4195 1046 4251 ad
1068 4195 1092 4251 1.
1117 4194 1167 4249 33.
1202 4193 1279 4249 Tum

206 4282 342 4339 mendum
361 4283 405 4339 ed.
419 4284 454 4352 R,
468 4286 551 4358 plone
568 4289 635 4339 ante
653 4284 762 4356 eripient
779 4279 948 4356 repetentis,
972 4288 1167 4355 propagatum
1185 4295 1280 4351 usque

205 4368 242 4424 ad
264 4369 440 4426 Victoriam.
486 4367 627 4424 Moralius
655 4369 739 4441 plone
771 4367 800 4422 in
834 4384 888 4423 suo
922 4367 985 4423 cod.
1020 4363 1115 4422 omitti
1146 4372 1279 4419 annotat.

206 4453 301 4510 Paulo
324 4463 390 4529 post
413 4453 491 4509 cebris
514 4471 570 4510 orn.
594 4453 670 4521 Bas,
694 4452 821 4510 Marsus.
904 4512 910 4521 ,
1106 4460 1113 4469 ”
