<?xml version="1.0" encoding="UTF-8"?>
<!DOCTYPE html PUBLIC "-//W3C//DTD XHTML 1.0 Transitional//EN"
    "http://www.w3.org/TR/xhtml1/DTD/xhtml1-transitional.dtd">
<html xmlns="http://www.w3.org/1999/xhtml" xml:lang="en" lang="en">
 <head>
  <title>
</title>
<meta http-equiv="Content-Type" content="text/html;charset=utf-8" />
  <meta name='ocr-system' content='tesseract 3.04.00' />
  <meta name='ocr-capabilities' content='ocr_page ocr_carea ocr_par ocr_line ocrx_word'/>
</head>
<body>
  <div class='ocr_page' id='page_1' title='image "./mtulliiciceroni35cicegoog/mtulliiciceroni35cicegoog_0141.png"; bbox 0 0 3030 5086; ppageno 0'>
   <div class='ocr_carea' id='block_1_1' title="bbox 218 457 902 522">
    <p class='ocr_par' dir='ltr' id='par_1_1' title="bbox 218 457 902 522">
     <span class='ocr_line' id='line_1_1' title="bbox 218 457 902 522; baseline 0.001 -2"><span class='ocrx_word' id='word_1_1' title='bbox 218 457 261 522; x_wconf 80' lang='lat'>26</span> <span class='ocrx_word' id='word_1_2' title='bbox 609 475 654 520; x_wconf 82' lang='lat' dir='ltr'>on</span> <span class='ocrx_word' id='word_1_3' title='bbox 677 475 809 522; x_wconf 81' lang='lat' dir='ltr'>murone</span> <span class='ocrx_word' id='word_1_4' title='bbox 831 475 902 521; x_wconf 79' lang='lat' dir='ltr'>nou.</span> 
     </span>
    </p>
   </div>
   <div class='ocr_carea' id='block_1_2' title="bbox 217 640 1305 1030">
    <p class='ocr_par' dir='ltr' id='par_1_2' title="bbox 217 640 1305 826">
     <span class='ocr_line' id='line_1_2' title="bbox 217 640 1305 725; baseline 0.003 -19"><span class='ocrx_word' id='word_1_5' title='bbox 217 642 334 723; x_wconf 78' lang='lat' dir='ltr'>poetis,</span> <span class='ocrx_word' id='word_1_6' title='bbox 362 651 473 722; x_wconf 89' lang='lat' dir='ltr'>postea</span> <span class='ocrx_word' id='word_1_7' title='bbox 500 642 623 722; x_wconf 90' lang='lat' dir='ltr'>quidem</span> <span class='ocrx_word' id='word_1_8' title='bbox 646 661 739 725; x_wconf 88' lang='lat' dir='ltr'>quam</span> <span class='ocrx_word' id='word_1_9' title='bbox 762 641 833 721; x_wconf 79' lang='lat' dir='ltr'>urit,</span> <span class='ocrx_word' id='word_1_10' title='bbox 861 640 953 724; x_wconf 83' lang='lat' dir='ltr'>querit</span> <span class='ocrx_word' id='word_1_11' title='bbox 974 642 1188 723; x_wconf 69' lang='lat' dir='ltr'>imitaremur,</span> <span class='ocrx_word' id='word_1_12' title='bbox 1216 643 1305 709; x_wconf 91' lang='lat' dir='ltr'>ullus</span> 
     </span>
     <span class='ocr_line' id='line_1_3' title="bbox 218 744 1140 826; baseline 0.003 -18"><span class='ocrx_word' id='word_1_13' title='bbox 218 745 368 808; x_wconf 88' lang='lat' dir='ltr'>orationis</span> <span class='ocrx_word' id='word_1_14' title='bbox 390 744 437 809; x_wconf 81' lang='lat' dir='ltr'>vel</span> <span class='ocrx_word' id='word_1_15' title='bbox 461 745 606 826; x_wconf 82' lang='lat' dir='ltr'>copiosae</span> <span class='ocrx_word' id='word_1_16' title='bbox 627 745 677 810; x_wconf 82' lang='lat' dir='ltr'>rel</span> <span class='ocrx_word' id='word_1_17' title='bbox 699 744 848 826; x_wconf 84' lang='lat' dir='ltr'>elegantis</span> <span class='ocrx_word' id='word_1_18' title='bbox 870 751 1000 809; x_wconf 88' lang='lat' dir='ltr'>ornatus</span> <span class='ocrx_word' id='word_1_19' title='bbox 1021 745 1140 811; x_wconf 77' lang='lat' dir='ltr'>definit?</span> 
     </span>
    </p>

    <p class='ocr_par' dir='ltr' id='par_1_3' title="bbox 218 845 1304 1030">
     <span class='ocr_line' id='line_1_4' title="bbox 302 845 1304 929; baseline 0.003 -20"><span class='ocrx_word' id='word_1_20' title='bbox 302 846 356 910; x_wconf 88' lang='lat' dir='ltr'>IV.</span> <span class='ocrx_word' id='word_1_21' title='bbox 401 846 468 926; x_wconf 85' lang='lat' dir='ltr'>Ego</span> <span class='ocrx_word' id='word_1_22' title='bbox 492 864 580 925; x_wconf 75' lang='lat' dir='ltr'>vero,</span> <span class='ocrx_word' id='word_1_23' title='bbox 609 848 756 929; x_wconf 88' lang='lat' dir='ltr'>quoniam</span> <span class='ocrx_word' id='word_1_24' title='bbox 778 845 955 911; x_wconf 81' lang='lat' dir='ltr'>forensibus</span> <span class='ocrx_word' id='word_1_25' title='bbox 977 847 1098 928; x_wconf 86' lang='lat' dir='ltr'>operis,</span> <span class='ocrx_word' id='word_1_26' title='bbox 1125 847 1304 926; x_wconf 80' lang='lat' dir='ltr'>laboribus,</span> 
     </span>
     <span class='ocr_line' id='line_1_5' title="bbox 218 947 1304 1030; baseline -0.002 -17"><span class='ocrx_word' id='word_1_27' title='bbox 218 948 363 1028; x_wconf 88' lang='lat' dir='ltr'>perieulis</span> <span class='ocrx_word' id='word_1_28' title='bbox 386 966 448 1011; x_wconf 93' lang='lat' dir='ltr'>non</span> <span class='ocrx_word' id='word_1_29' title='bbox 471 947 647 1014; x_wconf 88' lang='lat' dir='ltr'>deseruisse</span> <span class='ocrx_word' id='word_1_30' title='bbox 669 949 744 1014; x_wconf 91' lang='lat' dir='ltr'>mihi</span> <span class='ocrx_word' id='word_1_31' title='bbox 766 949 874 1014; x_wconf 89' lang='lat' dir='ltr'>videor</span> <span class='ocrx_word' id='word_1_32' title='bbox 895 948 1099 1030; x_wconf 79' lang='lat' dir='ltr'><strong>praesidium,</strong></span> <span class='ocrx_word' id='word_1_33' title='bbox 1128 950 1161 1014; x_wconf 93' lang='lat' dir='ltr'>in</span> <span class='ocrx_word' id='word_1_34' title='bbox 1190 966 1257 1030; x_wconf 89' lang='lat' dir='ltr'>quo</span> <span class='ocrx_word' id='word_1_35' title='bbox 1281 966 1304 1011; x_wconf 86' lang='lat' dir='ltr'>a</span> 
     </span>
    </p>
   </div>
   <div class='ocr_carea' id='block_1_3' title="bbox 218 1125 1302 1270">
    <p class='ocr_par' dir='ltr' id='par_1_4' title="bbox 218 1125 1302 1270">
     <span class='ocr_line' id='line_1_6' title="bbox 290 1125 1302 1202; baseline 0.003 -20"><span class='ocrx_word' id='word_1_36' title='bbox 290 1140 309 1186; x_wconf 82' lang='lat' dir='ltr'>l.</span> <span class='ocrx_word' id='word_1_37' title='bbox 332 1133 407 1198; x_wconf 74' lang='lat' dir='ltr'>poetis</span> <span class='ocrx_word' id='word_1_38' title='bbox 426 1150 466 1184; x_wconf 93' lang='lat' dir='ltr'>om</span> <span class='ocrx_word' id='word_1_39' title='bbox 494 1135 514 1182; x_wconf 89' lang='lat' dir='ltr'>L</span> <span class='ocrx_word' id='word_1_40' title='bbox 553 1133 628 1200; x_wconf 79' lang='lat' dir='ltr'>[quem</span> <span class='ocrx_word' id='word_1_41' title='bbox 653 1151 716 1185; x_wconf 87' lang='lat' dir='ltr'>corr.</span> <span class='ocrx_word' id='word_1_42' title='bbox 740 1125 828 1185; x_wconf 83' lang='lat' dir='ltr'>eadem</span> <span class='ocrx_word' id='word_1_43' title='bbox 847 1150 923 1184; x_wconf 88' lang='lat' dir='ltr'>manu</span> <span class='ocrx_word' id='word_1_44' title='bbox 942 1150 974 1185; x_wconf 84' lang='lat' dir='ltr'>ox</span> <span class='ocrx_word' id='word_1_45' title='bbox 992 1152 1055 1199; x_wconf 80' lang='lat' dir='ltr'>qaae</span> <span class='ocrx_word' id='word_1_46' title='bbox 1072 1133 1107 1202; x_wconf 82' lang='lat' dir='ltr'>A]</span> <span class='ocrx_word' id='word_1_47' title='bbox 1146 1141 1170 1187; x_wconf 79' lang='lat'>2.</span> <span class='ocrx_word' id='word_1_48' title='bbox 1194 1144 1302 1185; x_wconf 72' lang='lat' dir='ltr'>mus</span> 
     </span>
     <span class='ocr_line' id='line_1_7' title="bbox 218 1201 1301 1270; baseline 0.003 -20"><span class='ocrx_word' id='word_1_49' title='bbox 218 1220 246 1251; x_wconf 84' lang='lat' dir='ltr'>ae</span> <span class='ocrx_word' id='word_1_50' title='bbox 256 1203 347 1266; x_wconf 79' lang='lat' dir='ltr'>sot&#39;tE</span> <span class='ocrx_word' id='word_1_51' title='bbox 383 1207 405 1253; x_wconf 83' lang='lat'>8.</span> <span class='ocrx_word' id='word_1_52' title='bbox 425 1203 624 1267; x_wconf 74' lang='lat' dir='ltr'>catasorerasibue</span> <span class='ocrx_word' id='word_1_53' title='bbox 643 1218 737 1263; x_wconf 89' lang='lat' dir='ltr'>omncs,</span> <span class='ocrx_word' id='word_1_54' title='bbox 757 1203 800 1254; x_wconf 89' lang='lat' dir='ltr'>Or.</span> <span class='ocrx_word' id='word_1_55' title='bbox 837 1209 860 1254; x_wconf 85' lang='grc'>4,</span> <span class='ocrx_word' id='word_1_56' title='bbox 880 1202 958 1253; x_wconf 80' lang='lat' dir='ltr'>uideri</span> <span class='ocrx_word' id='word_1_57' title='bbox 975 1201 1048 1270; x_wconf 63' lang='lat' dir='ltr'>[Au]</span> <span class='ocrx_word' id='word_1_58' title='bbox 1066 1220 1112 1267; x_wconf 83' lang='lat' dir='ltr'>qao</span> <span class='ocrx_word' id='word_1_59' title='bbox 1130 1221 1152 1253; x_wconf 85' lang='lat' dir='ltr'>m</span> <span class='ocrx_word' id='word_1_60' title='bbox 1168 1202 1301 1269; x_wconf 72' lang='lat' dir='ltr'>populoll</span> 
     </span>
    </p>
   </div>
   <div class='ocr_carea' id='block_1_4' title="bbox 210 1356 1302 2624">
    <p class='ocr_par' dir='ltr' id='par_1_5' title="bbox 210 1356 1302 2624">
     <span class='ocr_line' id='line_1_8' title="bbox 217 1356 1302 1439; baseline 0.003 -25"><span class='ocrx_word' id='word_1_61' title='bbox 217 1358 308 1432; x_wconf 85' lang='lat' dir='ltr'>priori</span> <span class='ocrx_word' id='word_1_62' title='bbox 332 1358 482 1415; x_wconf 86' lang='lat' dir='ltr'>collationi</span> <span class='ocrx_word' id='word_1_63' title='bbox 499 1360 619 1426; x_wconf 83' lang='lat' dir='ltr'>credidi,</span> <span class='ocrx_word' id='word_1_64' title='bbox 643 1362 716 1417; x_wconf 80' lang='lat' dir='ltr'>uobis</span> <span class='ocrx_word' id='word_1_65' title='bbox 733 1369 762 1417; x_wconf 84' lang='lat' dir='ltr'>ut</span> <span class='ocrx_word' id='word_1_66' title='bbox 778 1362 875 1419; x_wconf 79' lang='lat' dir='ltr'>dicata.</span> <span class='ocrx_word' id='word_1_67' title='bbox 898 1358 976 1433; x_wconf 91' lang='lat' dir='ltr'>quod</span> <span class='ocrx_word' id='word_1_68' title='bbox 994 1359 1070 1416; x_wconf 88' lang='lat' dir='ltr'>idem</span> <span class='ocrx_word' id='word_1_69' title='bbox 1089 1356 1302 1439; x_wconf 29' lang='lat' dir='ltr'>signiticaret].,</span> 
     </span>
     <span class='ocr_line' id='line_1_9' title="bbox 217 1443 1301 1519; baseline 0.005 -20"><span class='ocrx_word' id='word_1_70' title='bbox 217 1444 299 1500; x_wconf 82' lang='lat' dir='ltr'><strong>Idem</strong></span> <span class='ocrx_word' id='word_1_71' title='bbox 320 1443 348 1500; x_wconf 90' lang='lat' dir='ltr'>in</span> <span class='ocrx_word' id='word_1_72' title='bbox 368 1444 474 1500; x_wconf 88' lang='lat' dir='ltr'>ceteris</span> <span class='ocrx_word' id='word_1_73' title='bbox 493 1445 612 1518; x_wconf 87' lang='lat' dir='ltr'>optimis</span> <span class='ocrx_word' id='word_1_74' title='bbox 629 1444 729 1503; x_wconf 84' lang='lat' dir='ltr'>fuisse.</span> <span class='ocrx_word' id='word_1_75' title='bbox 752 1444 839 1502; x_wconf 80' lang='lat' dir='ltr'>facile</span> <span class='ocrx_word' id='word_1_76' title='bbox 858 1444 929 1501; x_wconf 90' lang='lat' dir='ltr'>mihi</span> <span class='ocrx_word' id='word_1_77' title='bbox 947 1445 1118 1519; x_wconf 80' lang='lat' dir='ltr'>perevadeo.</span> <span class='ocrx_word' id='word_1_78' title='bbox 1141 1446 1197 1502; x_wconf 88' lang='lat' dir='ltr'>etsi</span> <span class='ocrx_word' id='word_1_79' title='bbox 1215 1444 1301 1504; x_wconf 87' lang='lat' dir='ltr'>Gru·</span> 
     </span>
     <span class='ocr_line' id='line_1_10' title="bbox 219 1528 1299 1603; baseline 0.002 -18"><span class='ocrx_word' id='word_1_80' title='bbox 219 1537 297 1585; x_wconf 85' lang='lat' dir='ltr'>torus</span> <span class='ocrx_word' id='word_1_81' title='bbox 326 1547 394 1584; x_wconf 90' lang='lat' dir='ltr'>suos</span> <span class='ocrx_word' id='word_1_82' title='bbox 417 1528 568 1603; x_wconf 86' lang='lat' dir='ltr'>vulgatum</span> <span class='ocrx_word' id='word_1_83' title='bbox 600 1532 639 1586; x_wconf 84' lang='lat' dir='ltr'>vel</span> <span class='ocrx_word' id='word_1_84' title='bbox 665 1531 739 1587; x_wconf 82' lang='lat' dir='ltr'>uobis</span> <span class='ocrx_word' id='word_1_85' title='bbox 767 1533 855 1586; x_wconf 73' lang='lat' dir='ltr'>circum</span> <span class='ocrx_word' id='word_1_86' title='bbox 883 1529 958 1586; x_wconf 88' lang='lat' dir='ltr'>tueri</span> <span class='ocrx_word' id='word_1_87' title='bbox 988 1529 1075 1600; x_wconf 83' lang='lat' dir='ltr'>dicit,</span> <span class='ocrx_word' id='word_1_88' title='bbox 1104 1530 1169 1588; x_wconf 86' lang='lat' dir='ltr'>Pal.</span> <span class='ocrx_word' id='word_1_89' title='bbox 1195 1534 1209 1587; x_wconf 97' lang='lat' dir='ltr'>l</span> <span class='ocrx_word' id='word_1_90' title='bbox 1236 1548 1299 1587; x_wconf 90' lang='lat' dir='ltr'>non</span> 
     </span>
     <span class='ocr_line' id='line_1_11' title="bbox 218 1610 1300 1694; baseline 0.001 -24"><span class='ocrx_word' id='word_1_91' title='bbox 218 1613 369 1689; x_wconf 86' lang='lat' dir='ltr'>excipiens</span> <span class='ocrx_word' id='word_1_92' title='bbox 397 1610 497 1693; x_wconf 88' lang='lat' dir='ltr'>[quem</span> <span class='ocrx_word' id='word_1_93' title='bbox 527 1614 662 1672; x_wconf 82' lang='lat' dir='ltr'>debuisse</span> <span class='ocrx_word' id='word_1_94' title='bbox 690 1616 788 1690; x_wconf 81' lang='lat' dir='ltr'>excipi</span> <span class='ocrx_word' id='word_1_95' title='bbox 817 1632 892 1671; x_wconf 89' lang='lat' dir='ltr'>nunc</span> <span class='ocrx_word' id='word_1_96' title='bbox 920 1611 1065 1694; x_wconf 86' lang='lat' dir='ltr'>constat];</span> <span class='ocrx_word' id='word_1_97' title='bbox 1093 1633 1188 1689; x_wconf 87' lang='lat' dir='ltr'>neque</span> <span class='ocrx_word' id='word_1_98' title='bbox 1215 1615 1300 1672; x_wconf 90' lang='lat' dir='ltr'>enim</span> 
     </span>
     <span class='ocr_line' id='line_1_12' title="bbox 218 1698 1300 1769; baseline 0.002 -14"><span class='ocrx_word' id='word_1_99' title='bbox 218 1698 349 1755; x_wconf 81' lang='lat' dir='ltr'>ordinem</span> <span class='ocrx_word' id='word_1_100' title='bbox 374 1701 529 1755; x_wconf 78' lang='lat' dir='ltr'>verborum</span> <span class='ocrx_word' id='word_1_101' title='bbox 553 1717 656 1756; x_wconf 90' lang='lat' dir='ltr'>curare</span> <span class='ocrx_word' id='word_1_102' title='bbox 678 1702 762 1757; x_wconf 87' lang='lat' dir='ltr'>solet.</span> <span class='ocrx_word' id='word_1_103' title='bbox 808 1700 900 1757; x_wconf 81' lang='lat' dir='ltr'>ll&#39;obio.</span> <span class='ocrx_word' id='word_1_104' title='bbox 924 1701 965 1756; x_wconf 84' lang='lat' dir='ltr'>vel</span> <span class='ocrx_word' id='word_1_105' title='bbox 986 1702 1088 1769; x_wconf 72' lang='lat' dir='ltr'>dicum,</span> <span class='ocrx_word' id='word_1_106' title='bbox 1111 1709 1159 1757; x_wconf 84' lang='lat' dir='ltr'>out</span> <span class='ocrx_word' id='word_1_107' title='bbox 1181 1702 1300 1757; x_wconf 65' lang='lat' dir='ltr'>oratoru·</span> 
     </span>
     <span class='ocr_line' id='line_1_13' title="bbox 219 1783 1300 1858; baseline 0.002 -19"><span class='ocrx_word' id='word_1_108' title='bbox 219 1785 275 1841; x_wconf 82' lang='lat' dir='ltr'>lue.</span> <span class='ocrx_word' id='word_1_109' title='bbox 299 1783 329 1839; x_wconf 91' lang='lat' dir='ltr'>id</span> <span class='ocrx_word' id='word_1_110' title='bbox 346 1793 399 1844; x_wconf 80' lang='lat' dir='ltr'>est,</span> <span class='ocrx_word' id='word_1_111' title='bbox 424 1787 463 1840; x_wconf 83' lang='lat' dir='ltr'>rel</span> <span class='ocrx_word' id='word_1_112' title='bbox 480 1788 571 1858; x_wconf 75' lang='lat' dir='ltr'>potius</span> <span class='ocrx_word' id='word_1_113' title='bbox 590 1786 639 1856; x_wconf 92' lang='lat' dir='ltr'>(ne</span> <span class='ocrx_word' id='word_1_114' title='bbox 662 1785 698 1841; x_wconf 89' lang='lat' dir='ltr'>de</span> <span class='ocrx_word' id='word_1_115' title='bbox 720 1785 806 1842; x_wconf 92' lang='lat' dir='ltr'>nobis</span> <span class='ocrx_word' id='word_1_116' title='bbox 824 1784 932 1856; x_wconf 88' lang='lat' dir='ltr'>dicam)</span> <span class='ocrx_word' id='word_1_117' title='bbox 948 1792 1053 1841; x_wconf 78' lang='lat' dir='ltr'>onrnirto</span> <span class='ocrx_word' id='word_1_118' title='bbox 1074 1795 1123 1841; x_wconf 83' lang='lat' dir='ltr'>out</span> <span class='ocrx_word' id='word_1_119' title='bbox 1143 1785 1300 1842; x_wconf 63' lang='lat' dir='ltr'>oratoribus</span> 
     </span>
     <span class='ocr_line' id='line_1_14' title="bbox 218 1867 1300 1945; baseline 0.003 -21"><span class='ocrx_word' id='word_1_120' title='bbox 218 1879 273 1926; x_wconf 87' lang='lat' dir='ltr'>cet.</span> <span class='ocrx_word' id='word_1_121' title='bbox 320 1867 370 1926; x_wconf 86' lang='lat' dir='ltr'>Sic</span> <span class='ocrx_word' id='word_1_122' title='bbox 386 1870 470 1925; x_wconf 87' lang='lat' dir='ltr'>Brut.</span> <span class='ocrx_word' id='word_1_123' title='bbox 484 1869 559 1926; x_wconf 78' lang='lat'><strong>207:</strong></span> <span class='ocrx_word' id='word_1_124' title='bbox 582 1871 648 1926; x_wconf 78' lang='lat' dir='ltr'>mili</span> <span class='ocrx_word' id='word_1_125' title='bbox 665 1871 789 1945; x_wconf 80' lang='lat' dir='ltr'>placebat</span> <span class='ocrx_word' id='word_1_126' title='bbox 812 1871 985 1944; x_wconf 78' lang='lat' dir='ltr'>Pomponius.</span> <span class='ocrx_word' id='word_1_127' title='bbox 1007 1871 1048 1927; x_wconf 78' lang='lat' dir='ltr'>ool</span> <span class='ocrx_word' id='word_1_128' title='bbox 1070 1871 1168 1937; x_wconf 69' lang='grc' dir='ltr'>ἀίσαυι,</span> <span class='ocrx_word' id='word_1_129' title='bbox 1190 1872 1300 1928; x_wconf 66' lang='lat' dir='ltr'>minente</span> 
     </span>
     <span class='ocr_line' id='line_1_15' title="bbox 218 1954 1299 2030; baseline 0.002 -21"><span class='ocrx_word' id='word_1_130' title='bbox 218 1954 388 2028; x_wconf 56' lang='lat' dir='ltr'>displicebam</span> <span class='ocrx_word' id='word_1_131' title='bbox 417 1954 476 2010; x_wconf 89' lang='lat' dir='ltr'>ibd.</span> <span class='ocrx_word' id='word_1_132' title='bbox 501 1955 578 2010; x_wconf 79' lang='lat'>246:</span> <span class='ocrx_word' id='word_1_133' title='bbox 601 1974 647 2012; x_wconf 85' lang='lat' dir='ltr'>nec</span> <span class='ocrx_word' id='word_1_134' title='bbox 670 1956 747 2012; x_wconf 79' lang='lat' dir='ltr'>babeo</span> <span class='ocrx_word' id='word_1_135' title='bbox 769 1958 796 2011; x_wconf 76' lang='lat' dir='ltr'>ia</span> <span class='ocrx_word' id='word_1_136' title='bbox 818 1959 921 2018; x_wconf 73' lang='lat' dir='ltr'>carreis,</span> <span class='ocrx_word' id='word_1_137' title='bbox 945 1957 986 2012; x_wconf 82' lang='lat' dir='ltr'>v&#39;el</span> <span class='ocrx_word' id='word_1_138' title='bbox 1007 1956 1109 2024; x_wconf 76' lang='lat' dir='ltr'>dicum,</span> <span class='ocrx_word' id='word_1_139' title='bbox 1127 1957 1194 2030; x_wconf 82' lang='lat' dir='ltr'>plus</span> <span class='ocrx_word' id='word_1_140' title='bbox 1215 1958 1299 2013; x_wconf 63' lang='lat' dir='ltr'>effata</span> 
     </span>
     <span class='ocr_line' id='line_1_16' title="bbox 217 2039 1299 2114; baseline 0.004 -21"><span class='ocrx_word' id='word_1_141' title='bbox 217 2058 299 2112; x_wconf 75' lang='lat' dir='ltr'>otram</span> <span class='ocrx_word' id='word_1_142' title='bbox 321 2059 372 2094; x_wconf 84' lang='lat' dir='ltr'>noa</span> <span class='ocrx_word' id='word_1_143' title='bbox 395 2040 487 2109; x_wconf 49' lang='lat' dir='ltr'>beben</span> <span class='ocrx_word' id='word_1_144' title='bbox 512 2058 564 2114; x_wconf 90' lang='lat' dir='ltr'>pro</span> <span class='ocrx_word' id='word_1_145' title='bbox 588 2039 670 2098; x_wconf 87' lang='lat' dir='ltr'>Cael.</span> <span class='ocrx_word' id='word_1_146' title='bbox 696 2042 750 2097; x_wconf 78' lang='lat'>75:</span> <span class='ocrx_word' id='word_1_147' title='bbox 773 2061 829 2114; x_wconf 68' lang='grc' dir='ltr'>(μαι</span> <span class='ocrx_word' id='word_1_148' title='bbox 851 2059 884 2096; x_wconf 77' lang='lat' dir='ltr'>er</span> <span class='ocrx_word' id='word_1_149' title='bbox 906 2042 974 2107; x_wconf 78' lang='lat' dir='ltr'>aito,</span> <span class='ocrx_word' id='word_1_150' title='bbox 997 2041 1162 2111; x_wconf 68' lang='lat' dir='ltr'>boleticum,</span> <span class='ocrx_word' id='word_1_151' title='bbox 1185 2059 1241 2114; x_wconf 85' lang='lat' dir='ltr'>qtro</span> <span class='ocrx_word' id='word_1_152' title='bbox 1264 2060 1299 2097; x_wconf 76' lang='lat' dir='ltr'>er</span> 
     </span>
     <span class='ocr_line' id='line_1_17' title="bbox 217 2124 1299 2200; baseline 0.003 -21"><span class='ocrx_word' id='word_1_153' title='bbox 217 2143 351 2191; x_wconf 53' lang='lat' dir='ltr'>semicolon</span> <span class='ocrx_word' id='word_1_154' title='bbox 380 2124 457 2181; x_wconf 84' lang='lat' dir='ltr'>Phil.</span> <span class='ocrx_word' id='word_1_155' title='bbox 480 2125 521 2193; x_wconf 85' lang='lat'>11,</span> <span class='ocrx_word' id='word_1_156' title='bbox 547 2125 600 2180; x_wconf 84' lang='lat'>30:</span> <span class='ocrx_word' id='word_1_157' title='bbox 628 2136 763 2200; x_wconf 79' lang='lat' dir='ltr'>elttporem</span> <span class='ocrx_word' id='word_1_158' title='bbox 786 2127 909 2184; x_wconf 77' lang='lat' dir='ltr'>bortrinis.</span> <span class='ocrx_word' id='word_1_159' title='bbox 932 2127 974 2181; x_wconf 83' lang='lat' dir='ltr'>vel</span> <span class='ocrx_word' id='word_1_160' title='bbox 995 2126 1097 2194; x_wconf 80' lang='lat' dir='ltr'>dicam,</span> <span class='ocrx_word' id='word_1_161' title='bbox 1115 2127 1232 2200; x_wconf 77' lang='lat' dir='ltr'>pecudia</span> <span class='ocrx_word' id='word_1_162' title='bbox 1255 2136 1299 2182; x_wconf 86' lang='lat' dir='ltr'>at·</span> 
     </span>
     <span class='ocr_line' id='line_1_18' title="bbox 218 2209 1297 2285; baseline 0.004 -21"><span class='ocrx_word' id='word_1_163' title='bbox 218 2210 328 2277; x_wconf 80' lang='lat' dir='ltr'>tendt&#39;te3</span> <span class='ocrx_word' id='word_1_164' title='bbox 357 2210 393 2265; x_wconf 90' lang='lat' dir='ltr'>nd</span> <span class='ocrx_word' id='word_1_165' title='bbox 418 2210 499 2266; x_wconf 81' lang='lat' dir='ltr'>Fam.</span> <span class='ocrx_word' id='word_1_166' title='bbox 524 2209 578 2268; x_wconf 80' lang='lat' dir='ltr'>IV.</span> <span class='ocrx_word' id='word_1_167' title='bbox 603 2211 631 2267; x_wconf 79' lang='lat'>7.</span> <span class='ocrx_word' id='word_1_168' title='bbox 656 2211 689 2267; x_wconf 88' lang='lat'>3:</span> <span class='ocrx_word' id='word_1_169' title='bbox 712 2213 895 2285; x_wconf 76' lang='lat' dir='ltr'>raptorisque.</span> <span class='ocrx_word' id='word_1_170' title='bbox 919 2212 960 2266; x_wconf 81' lang='lat' dir='ltr'>vel</span> <span class='ocrx_word' id='word_1_171' title='bbox 982 2211 1079 2273; x_wconf 80' lang='lat' dir='ltr'>dt&#39;cam.</span> <span class='ocrx_word' id='word_1_172' title='bbox 1101 2210 1136 2266; x_wconf 85' lang='lat' dir='ltr'>ab</span> <span class='ocrx_word' id='word_1_173' title='bbox 1158 2210 1297 2277; x_wconf 78' lang='lat' dir='ltr'>omaihue3</span> 
     </span>
     <span class='ocr_line' id='line_1_19' title="bbox 218 2293 1298 2371; baseline 0.002 -22"><span class='ocrx_word' id='word_1_174' title='bbox 218 2294 254 2350; x_wconf 86' lang='lat' dir='ltr'>ad</span> <span class='ocrx_word' id='word_1_175' title='bbox 278 2293 370 2353; x_wconf 81' lang='lat' dir='ltr'>Atrio.</span> <span class='ocrx_word' id='word_1_176' title='bbox 393 2295 456 2363; x_wconf 77' lang='lat' dir='ltr'>lx,</span> <span class='ocrx_word' id='word_1_177' title='bbox 482 2297 515 2362; x_wconf 80' lang='lat'>7,</span> <span class='ocrx_word' id='word_1_178' title='bbox 542 2298 573 2350; x_wconf 83' lang='lat'>1:</span> <span class='ocrx_word' id='word_1_179' title='bbox 603 2315 635 2352; x_wconf 83' lang='lat' dir='ltr'>ue</span> <span class='ocrx_word' id='word_1_180' title='bbox 662 2297 731 2369; x_wconf 80' lang='lat' dir='ltr'>quid</span> <span class='ocrx_word' id='word_1_181' title='bbox 752 2299 866 2371; x_wconf 83' lang='lat' dir='ltr'>turpiter</span> <span class='ocrx_word' id='word_1_182' title='bbox 880 2297 1017 2368; x_wconf 80' lang='lat' dir='ltr'>facerem,</span> <span class='ocrx_word' id='word_1_183' title='bbox 1045 2297 1087 2352; x_wconf 81' lang='lat' dir='ltr'>vet</span> <span class='ocrx_word' id='word_1_184' title='bbox 1108 2296 1211 2363; x_wconf 59' lang='lat' dir='ltr'>donna,</span> <span class='ocrx_word' id='word_1_185' title='bbox 1241 2298 1298 2352; x_wconf 79' lang='lat' dir='ltr'>iam</span> 
     </span>
     <span class='ocr_line' id='line_1_20' title="bbox 210 2379 1298 2455; baseline 0.003 -21"><span class='ocrx_word' id='word_1_186' title='bbox 210 2381 346 2451; x_wconf 76' lang='lat' dir='ltr'>jecissem.</span> <span class='ocrx_word' id='word_1_187' title='bbox 391 2379 426 2435; x_wconf 89' lang='lat' dir='ltr'>In</span> <span class='ocrx_word' id='word_1_188' title='bbox 450 2380 513 2436; x_wconf 89' lang='lat' dir='ltr'>solo</span> <span class='ocrx_word' id='word_1_189' title='bbox 536 2379 712 2455; x_wconf 83' lang='lat' dir='ltr'>Philippicae</span> <span class='ocrx_word' id='word_1_190' title='bbox 739 2381 805 2438; x_wconf 92' lang='lat' dir='ltr'>loco</span> <span class='ocrx_word' id='word_1_191' title='bbox 832 2398 908 2437; x_wconf 79' lang='lat' dir='ltr'>tinus</span> <span class='ocrx_word' id='word_1_192' title='bbox 936 2380 1030 2437; x_wconf 83' lang='lat' dir='ltr'>codex</span> <span class='ocrx_word' id='word_1_193' title='bbox 1058 2379 1200 2443; x_wconf 80' lang='lat' dir='ltr'>deflectit,</span> <span class='ocrx_word' id='word_1_194' title='bbox 1231 2390 1298 2437; x_wconf 85' lang='lat' dir='ltr'>ten·</span> 
     </span>
     <span class='ocr_line' id='line_1_21' title="bbox 218 2463 1298 2541; baseline 0.003 -21"><span class='ocrx_word' id='word_1_195' title='bbox 218 2464 358 2537; x_wconf 86' lang='lat' dir='ltr'>tnbstque</span> <span class='ocrx_word' id='word_1_196' title='bbox 372 2463 532 2521; x_wconf 82' lang='lat' dir='ltr'>Lambinus</span> <span class='ocrx_word' id='word_1_197' title='bbox 555 2484 587 2520; x_wconf 81' lang='lat' dir='ltr'>aa</span> <span class='ocrx_word' id='word_1_198' title='bbox 608 2467 705 2522; x_wconf 82' lang='lat' dir='ltr'>tlr&#39;oom.</span> <span class='ocrx_word' id='word_1_199' title='bbox 740 2465 898 2523; x_wconf 81' lang='lat' dir='ltr'>Suetonius</span> <span class='ocrx_word' id='word_1_200' title='bbox 916 2464 1010 2541; x_wconf 80' lang='lat' dir='ltr'>Calig.</span> <span class='ocrx_word' id='word_1_201' title='bbox 1027 2465 1064 2521; x_wconf 86' lang='lat'>13</span> <span class='ocrx_word' id='word_1_202' title='bbox 1084 2464 1187 2522; x_wconf 87' lang='lat' dir='ltr'>babet:</span> <span class='ocrx_word' id='word_1_203' title='bbox 1206 2484 1298 2541; x_wconf 81' lang='lat' dir='ltr'>popu·</span> 
     </span>
     <span class='ocr_line' id='line_1_22' title="bbox 219 2549 1297 2624; baseline 0.003 -20"><span class='ocrx_word' id='word_1_204' title='bbox 219 2552 271 2604; x_wconf 76' lang='lat' dir='ltr'>lunt</span> <span class='ocrx_word' id='word_1_205' title='bbox 295 2549 459 2618; x_wconf 68' lang='lat' dir='ltr'>Bostrenum,</span> <span class='ocrx_word' id='word_1_206' title='bbox 490 2551 531 2605; x_wconf 84' lang='lat' dir='ltr'>cel</span> <span class='ocrx_word' id='word_1_207' title='bbox 552 2551 655 2607; x_wconf 73' lang='lat' dir='ltr'>(licam.</span> <span class='ocrx_word' id='word_1_208' title='bbox 685 2552 817 2607; x_wconf 81' lang='lat' dir='ltr'>bominum</span> <span class='ocrx_word' id='word_1_209' title='bbox 837 2569 936 2624; x_wconf 59' lang='lat' dir='ltr'>petitam</span> <span class='ocrx_word' id='word_1_210' title='bbox 969 2550 1000 2606; x_wconf 90' lang='lat' dir='ltr'>in</span> <span class='ocrx_word' id='word_1_211' title='bbox 1028 2549 1134 2609; x_wconf 83' lang='lat' dir='ltr'>Claud.</span> <span class='ocrx_word' id='word_1_212' title='bbox 1158 2552 1178 2607; x_wconf 86' lang='lat'>4</span> <span class='ocrx_word' id='word_1_213' title='bbox 1201 2558 1231 2607; x_wconf 89' lang='lat' dir='ltr'>et</span> <span class='ocrx_word' id='word_1_214' title='bbox 1256 2550 1297 2607; x_wconf 79' lang='lat'>39</span> 
     </span>
    </p>
   </div>
   <div class='ocr_carea' id='block_1_5' title="bbox 118 2631 1296 2717">
    <p class='ocr_par' dir='ltr' id='par_1_6' title="bbox 118 2631 1296 2717">
     <span class='ocr_line' id='line_1_23' title="bbox 118 2631 1296 2717; baseline 0.003 -28"><span class='ocrx_word' id='word_1_215' title='bbox 118 2711 122 2717; x_wconf 13' lang='grc' dir='ltr'><em>ᾗ</em></span> <span class='ocrx_word' id='word_1_216' title='bbox 217 2635 314 2690; x_wconf 91' lang='lat' dir='ltr'>minus</span> <span class='ocrx_word' id='word_1_217' title='bbox 336 2643 416 2690; x_wconf 88' lang='lat' dir='ltr'>recto</span> <span class='ocrx_word' id='word_1_218' title='bbox 443 2634 519 2690; x_wconf 87' lang='lat' dir='ltr'>bano</span> <span class='ocrx_word' id='word_1_219' title='bbox 547 2633 703 2691; x_wconf 85' lang='lat' dir='ltr'>formulam</span> <span class='ocrx_word' id='word_1_220' title='bbox 732 2634 842 2692; x_wconf 82' lang='lat' dir='ltr'>inferre</span> <span class='ocrx_word' id='word_1_221' title='bbox 870 2644 1022 2693; x_wconf 88' lang='lat' dir='ltr'>conantur.</span> <span class='ocrx_word' id='word_1_222' title='bbox 1066 2631 1178 2715; x_wconf 88' lang='lat' dir='ltr'>[Varro</span> <span class='ocrx_word' id='word_1_223' title='bbox 1201 2635 1236 2694; x_wconf 78' lang='lat'>1..</span> <span class='ocrx_word' id='word_1_224' title='bbox 1259 2635 1296 2693; x_wconf 91' lang='lat' dir='ltr'>L.</span> 
     </span>
    </p>
   </div>
   <div class='ocr_carea' id='block_1_6' title="bbox 216 2719 1300 3813">
    <p class='ocr_par' dir='ltr' id='par_1_7' title="bbox 217 2719 1300 2884">
     <span class='ocr_line' id='line_1_24' title="bbox 218 2719 1300 2797; baseline 0.002 -21"><span class='ocrx_word' id='word_1_225' title='bbox 218 2719 295 2776; x_wconf 93' lang='lat' dir='ltr'>VIII</span> <span class='ocrx_word' id='word_1_226' title='bbox 318 2738 346 2793; x_wconf 91' lang='lat' dir='ltr'>p.</span> <span class='ocrx_word' id='word_1_227' title='bbox 368 2719 426 2776; x_wconf 85' lang='lat'>106</span> <span class='ocrx_word' id='word_1_228' title='bbox 451 2719 517 2793; x_wconf 88' lang='lat' dir='ltr'>Bip.</span> <span class='ocrx_word' id='word_1_229' title='bbox 549 2719 624 2776; x_wconf 86' lang='lat' dir='ltr'>dixit</span> <span class='ocrx_word' id='word_1_230' title='bbox 652 2720 680 2778; x_wconf 92' lang='lat' dir='ltr'>in</span> <span class='ocrx_word' id='word_1_231' title='bbox 704 2721 853 2797; x_wconf 86' lang='lat' dir='ltr'>augendo:</span> <span class='ocrx_word' id='word_1_232' title='bbox 881 2740 969 2777; x_wconf 78' lang='lat' dir='ltr'>ornnes</span> <span class='ocrx_word' id='word_1_233' title='bbox 998 2721 1072 2776; x_wconf 80' lang='lat' dir='ltr'>binos</span> <span class='ocrx_word' id='word_1_234' title='bbox 1093 2722 1227 2785; x_wconf 70' lang='lat' dir='ltr'>corneolos,</span> <span class='ocrx_word' id='word_1_235' title='bbox 1256 2722 1300 2778; x_wconf 75' lang='lat' dir='ltr'>cel</span> 
     </span>
     <span class='ocr_line' id='line_1_25' title="bbox 217 2802 1088 2884; baseline -0.001 -23"><span class='ocrx_word' id='word_1_236' title='bbox 217 2806 306 2861; x_wconf 83' lang='lat' dir='ltr'>dicam</span> <span class='ocrx_word' id='word_1_237' title='bbox 327 2807 452 2878; x_wconf 83' lang='lat' dir='ltr'>amplius.</span> <span class='ocrx_word' id='word_1_238' title='bbox 476 2807 563 2861; x_wconf 83' lang='lat' dir='ltr'>omrtt&#39;o</span> <span class='ocrx_word' id='word_1_239' title='bbox 586 2802 715 2884; x_wconf 76' lang='lat' dir='ltr'>rromiaa]</span> <span class='ocrx_word' id='word_1_240' title='bbox 760 2805 953 2864; x_wconf 79' lang='lat' dir='ltr'>Coniecturae</span> <span class='ocrx_word' id='word_1_241' title='bbox 976 2807 1088 2861; x_wconf 90' lang='lat' dir='ltr'>omitto.</span> 
     </span>
    </p>

    <p class='ocr_par' dir='ltr' id='par_1_8' title="bbox 216 2886 1299 3813">
     <span class='ocr_line' id='line_1_26' title="bbox 303 2886 1297 2965; baseline 0.002 -20"><span class='ocrx_word' id='word_1_242' title='bbox 303 2886 376 2964; x_wconf 86' lang='lat' dir='ltr'>Cap.</span> <span class='ocrx_word' id='word_1_243' title='bbox 399 2889 453 2946; x_wconf 89' lang='lat' dir='ltr'>IV.</span> <span class='ocrx_word' id='word_1_244' title='bbox 489 2893 613 2963; x_wconf 66' lang='lat' dir='ltr'>quostiam</span> <span class='ocrx_word' id='word_1_245' title='bbox 633 2923 670 2933; x_wconf 91' lang='lat'><em>-</em></span> <span class='ocrx_word' id='word_1_246' title='bbox 689 2892 756 2947; x_wconf 75' lang='lat' dir='ltr'>trabi</span> <span class='ocrx_word' id='word_1_247' title='bbox 776 2889 880 2964; x_wconf 80' lang='lat' dir='ltr'>cu&#39;deor)</span> <span class='ocrx_word' id='word_1_248' title='bbox 904 2889 1067 2948; x_wconf 88' lang='lat' dir='ltr'>Tollendus</span> <span class='ocrx_word' id='word_1_249' title='bbox 1089 2898 1154 2946; x_wconf 87' lang='lat' dir='ltr'>erat</span> <span class='ocrx_word' id='word_1_250' title='bbox 1174 2897 1297 2965; x_wconf 84' lang='lat' dir='ltr'>apertus</span> 
     </span>
     <span class='ocr_line' id='line_1_27' title="bbox 216 2974 1299 3049; baseline 0.002 -20"><span class='ocrx_word' id='word_1_251' title='bbox 216 2976 354 3049; x_wconf 78' lang='lat' dir='ltr'>vulgatae</span> <span class='ocrx_word' id='word_1_252' title='bbox 384 2974 546 3049; x_wconf 87' lang='lat' dir='ltr'>scripturae</span> <span class='ocrx_word' id='word_1_253' title='bbox 574 2975 781 3042; x_wconf 73' lang='lat' dir='ltr'>soloecismus,</span> <span class='ocrx_word' id='word_1_254' title='bbox 815 2994 901 3049; x_wconf 87' lang='lat' dir='ltr'>quem</span> <span class='ocrx_word' id='word_1_255' title='bbox 926 2975 1079 3032; x_wconf 77' lang='lat' dir='ltr'>Ernestius</span> <span class='ocrx_word' id='word_1_256' title='bbox 1102 2974 1231 3044; x_wconf 83' lang='lat' dir='ltr'>viderat,</span> <span class='ocrx_word' id='word_1_257' title='bbox 1261 2992 1299 3031; x_wconf 88' lang='lat' dir='ltr'>ea</span> 
     </span>
     <span class='ocr_line' id='line_1_28' title="bbox 216 3058 1297 3135; baseline 0.001 -20"><span class='ocrx_word' id='word_1_258' title='bbox 216 3059 340 3129; x_wconf 67' lang='lat' dir='ltr'>rodope,</span> <span class='ocrx_word' id='word_1_259' title='bbox 365 3078 423 3132; x_wconf 86' lang='lat' dir='ltr'>qua</span> <span class='ocrx_word' id='word_1_260' title='bbox 445 3067 513 3134; x_wconf 91' lang='lat' dir='ltr'>post</span> <span class='ocrx_word' id='word_1_261' title='bbox 535 3059 609 3118; x_wconf 85' lang='lat' dir='ltr'>alios</span> <span class='ocrx_word' id='word_1_262' title='bbox 631 3079 725 3135; x_wconf 85' lang='lat' dir='ltr'>nuper</span> <span class='ocrx_word' id='word_1_263' title='bbox 739 3061 908 3117; x_wconf 83' lang='lat' dir='ltr'>Wunderus</span> <span class='ocrx_word' id='word_1_264' title='bbox 931 3070 961 3117; x_wconf 90' lang='lat' dir='ltr'>et</span> <span class='ocrx_word' id='word_1_265' title='bbox 977 3059 1108 3117; x_wconf 90' lang='lat' dir='ltr'>Orellius</span> <span class='ocrx_word' id='word_1_266' title='bbox 1129 3058 1161 3115; x_wconf 90' lang='lat' dir='ltr'>in</span> <span class='ocrx_word' id='word_1_267' title='bbox 1183 3059 1297 3134; x_wconf 88' lang='lat' dir='ltr'>epistu-</span> 
     </span>
     <span class='ocr_line' id='line_1_29' title="bbox 217 3143 1298 3214; baseline 0.003 -14"><span class='ocrx_word' id='word_1_268' title='bbox 217 3144 310 3200; x_wconf 87' lang='lat' dir='ltr'>larum</span> <span class='ocrx_word' id='word_1_269' title='bbox 329 3143 481 3201; x_wconf 88' lang='lat' dir='ltr'>Ciceronis</span> <span class='ocrx_word' id='word_1_270' title='bbox 504 3144 588 3201; x_wconf 89' lang='lat' dir='ltr'>libris</span> <span class='ocrx_word' id='word_1_271' title='bbox 610 3145 656 3201; x_wconf 91' lang='lat' dir='ltr'>usi</span> <span class='ocrx_word' id='word_1_272' title='bbox 679 3154 761 3214; x_wconf 86' lang='lat' dir='ltr'>sunt;</span> <span class='ocrx_word' id='word_1_273' title='bbox 786 3145 914 3202; x_wconf 82' lang='lat' dir='ltr'>correxit</span> <span class='ocrx_word' id='word_1_274' title='bbox 938 3144 1026 3201; x_wconf 86' lang='lat' dir='ltr'>etiem</span> <span class='ocrx_word' id='word_1_275' title='bbox 1044 3143 1125 3202; x_wconf 86' lang='lat' dir='ltr'>Otto.</span> <span class='ocrx_word' id='word_1_276' title='bbox 1159 3144 1298 3203; x_wconf 86' lang='lat' dir='ltr'>Bremius</span> 
     </span>
     <span class='ocr_line' id='line_1_30' title="bbox 217 3229 1298 3304; baseline 0.003 -20"><span class='ocrx_word' id='word_1_277' title='bbox 217 3229 409 3285; x_wconf 83' lang='lat' dir='ltr'>indicativum</span> <span class='ocrx_word' id='word_1_278' title='bbox 439 3240 507 3304; x_wconf 89' lang='lat' dir='ltr'>post</span> <span class='ocrx_word' id='word_1_279' title='bbox 533 3248 591 3286; x_wconf 84' lang='lat' dir='ltr'>cam</span> <span class='ocrx_word' id='word_1_280' title='bbox 620 3249 655 3287; x_wconf 91' lang='lat' dir='ltr'>eo</span> <span class='ocrx_word' id='word_1_281' title='bbox 678 3229 853 3299; x_wconf 81' lang='lat' dir='ltr'>defendens,</span> <span class='ocrx_word' id='word_1_282' title='bbox 882 3230 961 3304; x_wconf 91' lang='lat' dir='ltr'>quod</span> <span class='ocrx_word' id='word_1_283' title='bbox 983 3229 1088 3288; x_wconf 85' lang='lat' dir='ltr'>Cicero</span> <span class='ocrx_word' id='word_1_284' title='bbox 1116 3229 1152 3286; x_wconf 85' lang='lat' dir='ltr'>de</span> <span class='ocrx_word' id='word_1_285' title='bbox 1181 3229 1237 3286; x_wconf 86' lang='lat' dir='ltr'>hae</span> <span class='ocrx_word' id='word_1_286' title='bbox 1264 3248 1298 3287; x_wconf 79' lang='lat' dir='ltr'>re</span> 
     </span>
     <span class='ocr_line' id='line_1_31' title="bbox 218 3314 1297 3390; baseline 0 -20"><span class='ocrx_word' id='word_1_287' title='bbox 218 3326 365 3387; x_wconf 81' lang='lat' dir='ltr'>tamquam</span> <span class='ocrx_word' id='word_1_288' title='bbox 391 3324 471 3370; x_wconf 87' lang='lat' dir='ltr'>certa</span> <span class='ocrx_word' id='word_1_289' title='bbox 493 3322 523 3370; x_wconf 90' lang='lat' dir='ltr'>et</span> <span class='ocrx_word' id='word_1_290' title='bbox 545 3333 603 3371; x_wconf 92' lang='lat' dir='ltr'>non</span> <span class='ocrx_word' id='word_1_291' title='bbox 627 3315 717 3372; x_wconf 89' lang='lat' dir='ltr'>dubia</span> <span class='ocrx_word' id='word_1_292' title='bbox 738 3316 892 3390; x_wconf 80' lang='lat' dir='ltr'>loquetur,</span> <span class='ocrx_word' id='word_1_293' title='bbox 921 3314 1025 3371; x_wconf 88' lang='lat' dir='ltr'>incidit</span> <span class='ocrx_word' id='word_1_294' title='bbox 1052 3315 1082 3371; x_wconf 91' lang='lat' dir='ltr'>in</span> <span class='ocrx_word' id='word_1_295' title='bbox 1111 3332 1240 3371; x_wconf 88' lang='lat' dir='ltr'>errorem</span> <span class='ocrx_word' id='word_1_296' title='bbox 1265 3333 1297 3370; x_wconf 88' lang='lat' dir='ltr'>se</span> 
     </span>
     <span class='ocr_line' id='line_1_32' title="bbox 217 3399 1298 3474; baseline 0.003 -20"><span class='ocrx_word' id='word_1_297' title='bbox 217 3399 368 3474; x_wconf 80' lang='lat' dir='ltr'>indignum</span> <span class='ocrx_word' id='word_1_298' title='bbox 388 3417 497 3469; x_wconf 76' lang='lat' dir='ltr'>eorum,</span> <span class='ocrx_word' id='word_1_299' title='bbox 521 3399 570 3472; x_wconf 92' lang='lat' dir='ltr'>qui</span> <span class='ocrx_word' id='word_1_300' title='bbox 593 3399 623 3455; x_wconf 90' lang='lat' dir='ltr'>in</span> <span class='ocrx_word' id='word_1_301' title='bbox 647 3400 757 3457; x_wconf 68' lang='lat' dir='ltr'>musali</span> <span class='ocrx_word' id='word_1_302' title='bbox 780 3400 927 3457; x_wconf 88' lang='lat' dir='ltr'>sententia</span> <span class='ocrx_word' id='word_1_303' title='bbox 943 3400 1118 3473; x_wconf 81' lang='lat' dir='ltr'>ceterisque,</span> <span class='ocrx_word' id='word_1_304' title='bbox 1140 3399 1171 3456; x_wconf 89' lang='lat' dir='ltr'>in</span> <span class='ocrx_word' id='word_1_305' title='bbox 1188 3399 1298 3473; x_wconf 90' lang='lat' dir='ltr'>quibus</span> 
     </span>
     <span class='ocr_line' id='line_1_33' title="bbox 218 3484 1297 3558; baseline 0.001 -18"><span class='ocrx_word' id='word_1_306' title='bbox 218 3484 422 3541; x_wconf 83' lang='lat' dir='ltr'>coniunctivus</span> <span class='ocrx_word' id='word_1_307' title='bbox 456 3502 472 3540; x_wconf 89' lang='lat' dir='ltr'>e</span> <span class='ocrx_word' id='word_1_308' title='bbox 500 3502 578 3540; x_wconf 88' lang='lat' dir='ltr'>nexu</span> <span class='ocrx_word' id='word_1_309' title='bbox 607 3485 818 3542; x_wconf 86' lang='lat' dir='ltr'>sententiarum</span> <span class='ocrx_word' id='word_1_310' title='bbox 848 3486 943 3542; x_wconf 87' lang='lat' dir='ltr'>oritur</span> <span class='ocrx_word' id='word_1_311' title='bbox 973 3485 1095 3558; x_wconf 89' lang='lat' dir='ltr'>eiusque</span> <span class='ocrx_word' id='word_1_312' title='bbox 1123 3484 1213 3542; x_wconf 84' lang='lat' dir='ltr'>index</span> <span class='ocrx_word' id='word_1_313' title='bbox 1242 3493 1297 3554; x_wconf 84' lang='lat' dir='ltr'>est,</span> 
     </span>
     <span class='ocr_line' id='line_1_34' title="bbox 218 3568 1298 3646; baseline 0 -21"><span class='ocrx_word' id='word_1_314' title='bbox 218 3569 348 3626; x_wconf 82' lang='lat' dir='ltr'>incertae</span> <span class='ocrx_word' id='word_1_315' title='bbox 381 3578 411 3626; x_wconf 88' lang='lat' dir='ltr'>et</span> <span class='ocrx_word' id='word_1_316' title='bbox 443 3569 550 3625; x_wconf 83' lang='lat' dir='ltr'>dubiae</span> <span class='ocrx_word' id='word_1_317' title='bbox 583 3569 626 3626; x_wconf 90' lang='lat' dir='ltr'>rei</span> <span class='ocrx_word' id='word_1_318' title='bbox 660 3588 726 3627; x_wconf 88' lang='lat' dir='ltr'>eum</span> <span class='ocrx_word' id='word_1_319' title='bbox 760 3569 1004 3646; x_wconf 79' lang='lat' dir='ltr'>significationem</span> <span class='ocrx_word' id='word_1_320' title='bbox 1037 3568 1148 3625; x_wconf 88' lang='lat' dir='ltr'>habere</span> <span class='ocrx_word' id='word_1_321' title='bbox 1180 3578 1298 3645; x_wconf 70' lang='lat' dir='ltr'>putant,</span> 
     </span>
     <span class='ocr_line' id='line_1_35' title="bbox 218 3653 1297 3729; baseline 0 -19"><span class='ocrx_word' id='word_1_322' title='bbox 218 3654 312 3729; x_wconf 85' lang='lat' dir='ltr'>quasi,</span> <span class='ocrx_word' id='word_1_323' title='bbox 336 3673 401 3710; x_wconf 88' lang='lat' dir='ltr'>eum</span> <span class='ocrx_word' id='word_1_324' title='bbox 424 3653 466 3711; x_wconf 83' lang='lat' dir='ltr'>ita</span> <span class='ocrx_word' id='word_1_325' title='bbox 488 3653 597 3711; x_wconf 89' lang='lat' dir='ltr'>dicam:</span> <span class='ocrx_word' id='word_1_326' title='bbox 619 3674 679 3711; x_wconf 82' lang='lat' dir='ltr'>cura</span> <span class='ocrx_word' id='word_1_327' title='bbox 700 3657 814 3713; x_wconf 84' lang='lat' dir='ltr'>vr&#39;deom.</span> <span class='ocrx_word' id='word_1_328' title='bbox 838 3656 902 3712; x_wconf 82' lang='lat' dir='ltr'>loeo</span> <span class='ocrx_word' id='word_1_329' title='bbox 917 3656 996 3728; x_wconf 69' lang='lat' dir='ltr'>⁸strepi.</span> <span class='ocrx_word' id='word_1_330' title='bbox 1019 3673 1070 3711; x_wconf 83' lang='lat' dir='ltr'>nott</span> <span class='ocrx_word' id='word_1_331' title='bbox 1088 3655 1220 3727; x_wconf 61' lang='lat' dir='ltr'>refutabo.</span> <span class='ocrx_word' id='word_1_332' title='bbox 1243 3653 1297 3711; x_wconf 90' lang='lat' dir='ltr'>du·</span> 
     </span>
     <span class='ocr_line' id='line_1_36' title="bbox 218 3739 1297 3813; baseline 0.001 -18"><span class='ocrx_word' id='word_1_333' title='bbox 218 3740 323 3805; x_wconf 76' lang='lat' dir='ltr'>bitem,</span> <span class='ocrx_word' id='word_1_334' title='bbox 347 3749 411 3797; x_wconf 84' lang='lat' dir='ltr'>eut.</span> <span class='ocrx_word' id='word_1_335' title='bbox 434 3756 499 3795; x_wconf 90' lang='lat' dir='ltr'>eum</span> <span class='ocrx_word' id='word_1_336' title='bbox 524 3739 578 3796; x_wconf 88' lang='lat' dir='ltr'>ita:</span> <span class='ocrx_word' id='word_1_337' title='bbox 607 3759 723 3813; x_wconf 77' lang='lat' dir='ltr'>precoro.</span> <span class='ocrx_word' id='word_1_338' title='bbox 751 3760 799 3797; x_wconf 82' lang='lat' dir='ltr'>cur</span> <span class='ocrx_word' id='word_1_339' title='bbox 821 3742 911 3800; x_wconf 81' lang='lat' dir='ltr'>dicos.</span> <span class='ocrx_word' id='word_1_340' title='bbox 935 3758 993 3797; x_wconf 92' lang='lat' dir='ltr'>non</span> <span class='ocrx_word' id='word_1_341' title='bbox 1017 3748 1129 3796; x_wconf 88' lang='lat' dir='ltr'>eertum</span> <span class='ocrx_word' id='word_1_342' title='bbox 1152 3739 1225 3796; x_wconf 92' lang='lat' dir='ltr'>mihi</span> <span class='ocrx_word' id='word_1_343' title='bbox 1248 3739 1297 3808; x_wconf 77' lang='lat' dir='ltr'>sit,</span> 
     </span>
    </p>
   </div>
   <div class='ocr_carea' id='block_1_7' title="bbox 218 3823 1392 3882">
    <p class='ocr_par' dir='ltr' id='par_1_9' title="bbox 218 3823 1392 3882">
     <span class='ocr_line' id='line_1_37' title="bbox 218 3823 1392 3882; baseline 0.001 -2"><span class='ocrx_word' id='word_1_344' title='bbox 218 3824 342 3881; x_wconf 85' lang='lat' dir='ltr'>alterum</span> <span class='ocrx_word' id='word_1_345' title='bbox 367 3824 472 3881; x_wconf 86' lang='lat' dir='ltr'>dicere.</span> <span class='ocrx_word' id='word_1_346' title='bbox 507 3824 546 3881; x_wconf 87' lang='lat' dir='ltr'>Et</span> <span class='ocrx_word' id='word_1_347' title='bbox 568 3834 664 3881; x_wconf 88' lang='lat' dir='ltr'>tamen</span> <span class='ocrx_word' id='word_1_348' title='bbox 688 3826 718 3881; x_wconf 91' lang='lat' dir='ltr'>in</span> <span class='ocrx_word' id='word_1_349' title='bbox 742 3826 796 3882; x_wconf 90' lang='lat' dir='ltr'>hac</span> <span class='ocrx_word' id='word_1_350' title='bbox 818 3826 970 3882; x_wconf 90' lang='lat' dir='ltr'>notionum</span> <span class='ocrx_word' id='word_1_351' title='bbox 993 3823 1167 3881; x_wconf 85' lang='lat' dir='ltr'>confusione</span> <span class='ocrx_word' id='word_1_352' title='bbox 1190 3833 1220 3880; x_wconf 92' lang='lat' dir='ltr'>et</span> <span class='ocrx_word' id='word_1_353' title='bbox 1236 3824 1298 3881; x_wconf 88' lang='lat' dir='ltr'>ole-</span> <span class='ocrx_word' id='word_1_354' title='bbox 1384 3826 1392 3835; x_wconf 81' lang='grc'><strong>“</strong></span> 
     </span>
    </p>
   </div>
   <div class='ocr_carea' id='block_1_8' title="bbox 219 3909 1299 4495">
    <p class='ocr_par' dir='ltr' id='par_1_10' title="bbox 219 3909 1299 4495">
     <span class='ocr_line' id='line_1_38' title="bbox 219 3909 1297 3983; baseline 0 -17"><span class='ocrx_word' id='word_1_355' title='bbox 219 3919 381 3966; x_wconf 90' lang='lat' dir='ltr'>mentorum</span> <span class='ocrx_word' id='word_1_356' title='bbox 406 3910 589 3983; x_wconf 73' lang='lat' dir='ltr'>ignoratione</span> <span class='ocrx_word' id='word_1_357' title='bbox 612 3928 699 3983; x_wconf 87' lang='lat' dir='ltr'>quam</span> <span class='ocrx_word' id='word_1_358' title='bbox 723 3929 754 3966; x_wconf 89' lang='lat' dir='ltr'>se</span> <span class='ocrx_word' id='word_1_359' title='bbox 777 3909 902 3967; x_wconf 88' lang='lat' dir='ltr'>iactant!</span> <span class='ocrx_word' id='word_1_360' title='bbox 927 3909 985 3966; x_wconf 89' lang='lat' dir='ltr'>vid.</span> <span class='ocrx_word' id='word_1_361' title='bbox 1010 3909 1096 3966; x_wconf 89' lang='lat' dir='ltr'>modo</span> <span class='ocrx_word' id='word_1_362' title='bbox 1120 3909 1297 3967; x_wconf 82' lang='lat' dir='ltr'>Remsltorn.</span> 
     </span>
     <span class='ocr_line' id='line_1_39' title="bbox 219 3992 1298 4070; baseline -0.001 -19"><span class='ocrx_word' id='word_1_363' title='bbox 219 4014 247 4069; x_wconf 88' lang='lat' dir='ltr'>p.</span> <span class='ocrx_word' id='word_1_364' title='bbox 268 3996 328 4051; x_wconf 71' lang='lat'>71⁶2</span> <span class='ocrx_word' id='word_1_365' title='bbox 353 4003 381 4050; x_wconf 90' lang='lat' dir='ltr'>et</span> <span class='ocrx_word' id='word_1_366' title='bbox 404 3996 465 4050; x_wconf 77' lang='grc'>768</span> <span class='ocrx_word' id='word_1_367' title='bbox 490 3995 546 4068; x_wconf 92' lang='lat' dir='ltr'>(ed.</span> <span class='ocrx_word' id='word_1_368' title='bbox 571 3995 602 4065; x_wconf 87' lang='grc' dir='ltr'>Ι2)</span> <span class='ocrx_word' id='word_1_369' title='bbox 631 4005 659 4050; x_wconf 90' lang='lat' dir='ltr'>et</span> <span class='ocrx_word' id='word_1_370' title='bbox 687 3995 780 4052; x_wconf 86' lang='lat' dir='ltr'>Kritz.</span> <span class='ocrx_word' id='word_1_371' title='bbox 808 3996 844 4051; x_wconf 86' lang='lat' dir='ltr'>ed</span> <span class='ocrx_word' id='word_1_372' title='bbox 874 3994 947 4054; x_wconf 86' lang='lat' dir='ltr'>Sall.</span> <span class='ocrx_word' id='word_1_373' title='bbox 969 3995 1034 4070; x_wconf 85' lang='lat' dir='ltr'>Ing.</span> <span class='ocrx_word' id='word_1_374' title='bbox 1058 3997 1091 4055; x_wconf 81' lang='lat'>4.</span> <span class='ocrx_word' id='word_1_375' title='bbox 1115 3996 1144 4053; x_wconf 84' lang='lat'>4.</span> <span class='ocrx_word' id='word_1_376' title='bbox 1191 3992 1298 4069; x_wconf 90' lang='lat' dir='ltr'>Neque</span> 
     </span>
     <span class='ocr_line' id='line_1_40' title="bbox 219 4078 1299 4156; baseline 0.001 -21"><span class='ocrx_word' id='word_1_377' title='bbox 219 4090 316 4136; x_wconf 86' lang='lat' dir='ltr'>tunren</span> <span class='ocrx_word' id='word_1_378' title='bbox 330 4080 474 4148; x_wconf 77' lang='lat' dir='ltr'>Bromius,</span> <span class='ocrx_word' id='word_1_379' title='bbox 499 4080 577 4153; x_wconf 91' lang='lat' dir='ltr'>quod</span> <span class='ocrx_word' id='word_1_380' title='bbox 595 4078 689 4138; x_wconf 83' lang='lat' dir='ltr'>Gaius</span> <span class='ocrx_word' id='word_1_381' title='bbox 708 4081 735 4137; x_wconf 91' lang='lat' dir='ltr'>ei</span> <span class='ocrx_word' id='word_1_382' title='bbox 758 4079 873 4156; x_wconf 83' lang='lat' dir='ltr'>affingit</span> <span class='ocrx_word' id='word_1_383' title='bbox 896 4090 925 4137; x_wconf 89' lang='lat' dir='ltr'>et</span> <span class='ocrx_word' id='word_1_384' title='bbox 948 4081 1064 4154; x_wconf 85' lang='lat' dir='ltr'>probat,</span> <span class='ocrx_word' id='word_1_385' title='bbox 1088 4079 1130 4136; x_wconf 90' lang='lat' dir='ltr'>sio</span> <span class='ocrx_word' id='word_1_386' title='bbox 1153 4080 1226 4136; x_wconf 88' lang='lat' dir='ltr'>haec</span> <span class='ocrx_word' id='word_1_387' title='bbox 1248 4096 1299 4136; x_wconf 84' lang='lat' dir='ltr'>ao·</span> 
     </span>
     <span class='ocr_line' id='line_1_41' title="bbox 219 4164 1298 4241; baseline 0 -20"><span class='ocrx_word' id='word_1_388' title='bbox 219 4165 277 4239; x_wconf 83' lang='lat' dir='ltr'>cipi</span> <span class='ocrx_word' id='word_1_389' title='bbox 300 4164 373 4223; x_wconf 82' lang='lat' dir='ltr'>vult.</span> <span class='ocrx_word' id='word_1_390' title='bbox 396 4176 429 4220; x_wconf 90' lang='lat' dir='ltr'>ut</span> <span class='ocrx_word' id='word_1_391' title='bbox 451 4174 519 4222; x_wconf 88' lang='lat' dir='ltr'>ante</span> <span class='ocrx_word' id='word_1_392' title='bbox 539 4166 618 4221; x_wconf 71' lang='lat' dir='ltr'>‹lebet›</span> <span class='ocrx_word' id='word_1_393' title='bbox 635 4164 825 4241; x_wconf 82' lang='lat' dir='ltr'>intellegatur</span> <span class='ocrx_word' id='word_1_394' title='bbox 841 4176 904 4225; x_wconf 79' lang='lat' dir='ltr'>ttmr.</span> <span class='ocrx_word' id='word_1_395' title='bbox 928 4165 979 4222; x_wconf 91' lang='lat' dir='ltr'>sed</span> <span class='ocrx_word' id='word_1_396' title='bbox 997 4184 1062 4221; x_wconf 88' lang='lat' dir='ltr'>cum</span> <span class='ocrx_word' id='word_1_397' title='bbox 1081 4165 1122 4221; x_wconf 92' lang='lat' dir='ltr'>ibi</span> <span class='ocrx_word' id='word_1_398' title='bbox 1135 4164 1298 4222; x_wconf 85' lang='lat' dir='ltr'>Lambinus</span> 
     </span>
     <span class='ocr_line' id='line_1_42' title="bbox 219 4249 1297 4325; baseline -0.002 -18"><span class='ocrx_word' id='word_1_399' title='bbox 219 4261 272 4307; x_wconf 86' lang='lat' dir='ltr'>tum</span> <span class='ocrx_word' id='word_1_400' title='bbox 302 4250 461 4306; x_wconf 81' lang='lat' dir='ltr'>addidisset</span> <span class='ocrx_word' id='word_1_401' title='bbox 485 4250 592 4322; x_wconf 83' lang='lat' dir='ltr'>(audiri</span> <span class='ocrx_word' id='word_1_402' title='bbox 621 4251 697 4306; x_wconf 89' lang='lat' dir='ltr'>enim</span> <span class='ocrx_word' id='word_1_403' title='bbox 722 4270 823 4325; x_wconf 77' lang='lat' dir='ltr'>posse,</span> <span class='ocrx_word' id='word_1_404' title='bbox 858 4250 954 4306; x_wconf 89' lang='lat' dir='ltr'>neutri</span> <span class='ocrx_word' id='word_1_405' title='bbox 983 4251 1012 4306; x_wconf 91' lang='lat' dir='ltr'>in</span> <span class='ocrx_word' id='word_1_406' title='bbox 1042 4260 1168 4313; x_wconf 86' lang='lat' dir='ltr'>mentem</span> <span class='ocrx_word' id='word_1_407' title='bbox 1193 4249 1297 4321; x_wconf 82' lang='lat' dir='ltr'>venit),</span> 
     </span>
     <span class='ocr_line' id='line_1_43' title="bbox 219 4334 1297 4411; baseline 0 -20"><span class='ocrx_word' id='word_1_408' title='bbox 219 4334 361 4403; x_wconf 72' lang='lat' dir='ltr'>ostendit,</span> <span class='ocrx_word' id='word_1_409' title='bbox 393 4336 434 4390; x_wconf 83' lang='lat' dir='ltr'>sic</span> <span class='ocrx_word' id='word_1_410' title='bbox 464 4335 527 4391; x_wconf 91' lang='lat' dir='ltr'>tolli</span> <span class='ocrx_word' id='word_1_411' title='bbox 550 4347 682 4410; x_wconf 85' lang='lat' dir='ltr'>apertam</span> <span class='ocrx_word' id='word_1_412' title='bbox 706 4336 933 4392; x_wconf 85' lang='lat' dir='ltr'>conclusionem.</span> <span class='ocrx_word' id='word_1_413' title='bbox 979 4336 1119 4411; x_wconf 85' lang='lat' dir='ltr'>Magnum</span> <span class='ocrx_word' id='word_1_414' title='bbox 1143 4353 1297 4391; x_wconf 90' lang='lat' dir='ltr'>numerum</span> 
     </span>
     <span class='ocr_line' id='line_1_44' title="bbox 219 4419 1297 4495; baseline 0.001 -20"><span class='ocrx_word' id='word_1_415' title='bbox 219 4419 360 4487; x_wconf 77' lang='lat' dir='ltr'>locorum,</span> <span class='ocrx_word' id='word_1_416' title='bbox 379 4420 407 4476; x_wconf 92' lang='lat' dir='ltr'>in</span> <span class='ocrx_word' id='word_1_417' title='bbox 426 4422 533 4493; x_wconf 89' lang='lat' dir='ltr'>quibus</span> <span class='ocrx_word' id='word_1_418' title='bbox 550 4439 609 4477; x_wconf 84' lang='lat' dir='ltr'>eum</span> <span class='ocrx_word' id='word_1_419' title='bbox 620 4421 737 4478; x_wconf 83' lang='lat' dir='ltr'>causale</span> <span class='ocrx_word' id='word_1_420' title='bbox 751 4421 928 4478; x_wconf 87' lang='lat' dir='ltr'>indicativus</span> <span class='ocrx_word' id='word_1_421' title='bbox 946 4421 1028 4494; x_wconf 90' lang='lat' dir='ltr'>sequi</span> <span class='ocrx_word' id='word_1_422' title='bbox 1041 4429 1170 4495; x_wconf 80' lang='lat' dir='ltr'>putatur,</span> <span class='ocrx_word' id='word_1_423' title='bbox 1188 4419 1297 4478; x_wconf 84' lang='lat' dir='ltr'>rectius</span> 
     </span>
    </p>
   </div>
   <div class='ocr_carea' id='block_1_9' title="bbox 0 0 1520 5086">
    <p class='ocr_par' dir='ltr' id='par_1_11' title="bbox 0 0 1520 5086">
     <span class='ocr_line' id='line_1_45' title="bbox 0 0 1520 5086; baseline 0 0"><span class='ocrx_word' id='word_1_424' title='bbox 0 0 1520 5086; x_wconf 95' lang='lat' dir='ltr'> </span> 
     </span>
    </p>
   </div>
  </div>
 </body>
</html>
