3030 5086
463 507 507 553 ar
531 507 610 554 nnn.
634 506 697 552 rna.
721 508 743 553 v
765 506 838 554 cae.
857 509 898 553 m.
912 502 1044 571 (ro-ra.)
1158 580 1162 589 Ι
1227 486 1287 551 731

216 677 311 741 radiis
339 676 427 752 solis,
455 676 499 741 sic
525 675 605 740 istae
632 676 663 740 in
686 676 836 740 virtumm
858 674 1025 757 splendore
1053 693 1093 739 ne
1122 679 1291 738 cernantur
1364 698 1370 708 ·

216 779 348 859 quidem.
384 780 433 843 72.
451 779 555 859 Atque
570 777 629 843 hoc
645 784 681 842 ut
697 796 771 844 vere
793 777 913 855 dcitur,
935 795 1035 857 parva
1056 795 1126 842 esse
1142 778 1183 841 ad
1200 776 1291 841 beate

216 881 380 946 vivendum
410 889 565 945 momenta
592 881 653 945 ista
680 879 822 960 corporis
849 880 1095 958 commodorum,
1126 879 1171 943 sic
1197 877 1289 942 nimis

215 981 384 1047 violentum
402 989 451 1048 est
461 981 545 1046 nulla
557 1000 627 1047 esse
638 982 756 1061 dicere3
779 981 832 1062 qui
849 980 931 1046 enim
947 981 992 1046 sic
1010 981 1181 1062 disputant
1203 979 1292 1044 obliti

216 1085 290 1148 mihi
302 1085 455 1162 videntur,
472 1102 553 1164 quac
568 1083 629 1164 ipsi
647 1083 775 1149 fecerint
789 1083 943 1164 principia
959 1088 1101 1148 naturae
1135 1081 1288 1147 Tribuen·
1308 1085 1329 1150 5

290 1311 308 1354 l.
328 1305 397 1355 redtb
416 1304 505 1354 LPCR
558 1311 579 1353 2.
599 1305 658 1354 Isaeo
676 1305 722 1354 La
775 1307 797 1353 3,
817 1304 863 1353 istu
882 1303 988 1368 corporis
1006 1302 1178 1353 commodorum
1197 1320 1245 1354 orn.
1271 1303 1291 1351 L

218 1380 240 1424 4,
260 1373 326 1422 nulla
344 1382 379 1423 ast
397 1374 418 1422 E
455 1379 478 1421 5.
497 1373 584 1438 operiat
602 1390 697 1432 omnes,
717 1372 759 1424 Or.
779 1388 836 1421 oum
855 1383 915 1422 nota
933 1373 1016 1422 mendi

217 1564 300 1621 radio
333 1564 437 1620 stellae
470 1566 672 1621 obscurantur.
724 1560 844 1643 [Ortum
874 1563 1008 1619 mendum
1039 1562 1212 1638 corrigendo
1241 1580 1293 1618 ex:

217 1657 245 1706 in
263 1645 430 1728 rodiirob's]
482 1649 648 1706 Pronomen
678 1655 758 1713 istae,
793 1649 847 1705 etsi
876 1648 937 1712 hie,
971 1648 1040 1723 quia
1068 1647 1228 1704 intervenit
1255 1650 1293 1703 ito

214 1755 318 1811 porros
340 1745 411 1800 suut,
434 1744 463 1791 ut
485 1744 549 1799 cet..
575 1736 669 1792 minus
691 1734 885 1792 redundantia
907 1733 1161 1801 animadvertitur,
1185 1744 1293 1804 tamen,

218 1820 357 1896 quoniam
375 1838 461 1876 nemo
478 1820 520 1876 sic
537 1820 623 1876 dicit:
646 1825 713 1877 istos
728 1824 890 1877 accessiones
912 1823 950 1876 ita
966 1828 1158 1894 parauerunt,
1181 1827 1211 1874 ut
1226 1821 1293 1875 ieme
1352 1821 1357 1834 ⁶

221 1939 258 1950 -
283 1925 314 1962 ne
335 1915 480 1962 canantur
501 1907 617 1980 quidem,
640 1906 770 1963 additum
789 1914 833 1962 est
852 1916 916 1979 post
934 1908 972 1961 sio
989 1904 1026 1960 ad
1043 1903 1293 1979 comparationem

219 1991 376 2048 notandam
399 1991 501 2047 eodem
526 1991 621 2059 modo,
645 2010 703 2065 quo
726 1991 798 2047 haec
820 1991 957 2047 dicuntur
974 1991 1074 2061 (Tuso.
1089 1989 1143 2055 lv,
1158 1989 1225 2062 32):
1248 1989 1295 2044 In·

217 2081 327 2151 proieci,
351 2087 379 2132 ut
400 2096 447 2132 aes
467 2077 630 2133 Corinthium
654 2083 681 2133 iu
696 2080 857 2150 uerupr'nem.
880 2081 920 2133 sic
937 2078 978 2133 illi
994 2080 1020 2131 in
1037 2075 1157 2131 morbum
1174 2075 1296 2131 incidunt

219 2165 336 2229 tardius,
360 2162 410 2218 ubi
434 2161 492 2217 alie
515 2161 717 2219 demonstrant
739 2162 875 2218 editores.
921 2157 981 2239 [De
1001 2159 1052 2219 Or.
1072 2161 1113 2226 II.¹
1136 2160 1204 2226 130,
1223 2160 1295 2229 257,

221 2246 307 2325 310]
352 2247 446 2303 Extra
469 2248 716 2322 comparationem
745 2246 881 2303 similiter
910 2256 976 2320 post
1003 2246 1206 2322 interpositam
1231 2263 1296 2302 sen·

220 2334 341 2389 tentiam
366 2332 551 2405 praecedenti
575 2333 741 2406 pronomini
764 2333 889 2389 relativo
908 2332 945 2389 ad
963 2350 1116 2406 personam
1136 2331 1295 2388 notandam

219 2417 439 2493 superadditum
458 2428 503 2472 est
519 2413 582 2495 [iste
596 2436 649 2491 pro
662 2418 749 2474 domo
765 2413 849 2496 109,]
867 2419 908 2473 itti
923 2436 976 2492 pro
989 2416 1064 2496 Sest.
1081 2418 1119 2474 69
1132 2418 1172 2488 (v.
1185 2415 1296 2491 Opusc.

221 2504 235 2559 I
257 2522 283 2577 p.
305 2503 379 2575 468)
402 2513 431 2557 et
455 2501 532 2558 Phil.
558 2503 647 2568 XIII,
672 2504 722 2567 44,
745 2521 832 2577 quem
855 2503 951 2559 locum
976 2521 1066 2577 prave
1089 2502 1295 2559 sollicitarunt.

306 2589 354 2648 72.
379 2588 468 2660 Atque
490 2589 538 2643 boc
560 2598 588 2643 ut
607 2586 796 2665 benedicitur)
815 2588 864 2646 Sic
882 2588 939 2644 iam
959 2587 1003 2644 ed.
1022 2588 1125 2662 prima,
1150 2599 1210 2644 turn
1230 2596 1297 2662 post

221 2673 354 2730 Lambini
378 2672 574 2729 coniecturam
606 2674 647 2746 (in
678 2694 736 2749 mg.
766 2673 903 2731 editionis
931 2674 1087 2746 repetitae)
1110 2671 1296 2731 Gruteruse

220 2759 296 2816 Pall.
322 2761 340 2814 4
364 2767 393 2813 et
417 2759 450 2825 63
485 2778 551 2814 nam
586 2759 753 2834 superiores
782 2777 847 2816 cum
878 2758 993 2831 aliquot
1028 2759 1113 2815 malis
1146 2758 1297 2815 codicibus

220 2843 365 2916 („cunctis
388 2841 468 2898 fere“
495 2844 624 2912 Davisii.
649 2844 718 2912 EU3
743 2844 778 2900 de
801 2843 924 2902 Gzienis
947 2849 1087 2916 tacetur):
1111 2845 1200 2917 Atque
1223 2845 1296 2911 doec,

221 2941 249 2986 ut
271 2948 330 2984 uere
352 2929 454 2984 dicitur
475 2940 529 2984 cet.
566 2930 693 3005 Propter
715 2929 744 2985 id
769 2928 903 2986 mendum
922 2929 1009 2984 etiam
1031 2930 1060 2984 in
1074 2928 1137 2985 Pal.
1152 2929 1181 2996 2,
1205 2927 1297 2984 nostri

220 3016 245 3072 L
267 3013 398 3089 gemino,
427 3014 536 3070 omissa
563 3027 632 3070 sunt
660 3015 716 3070 tria
745 3015 835 3071 verba
858 3017 921 3083 (isto
949 3033 1023 3089 corp.
1047 3016 1166 3088 conam),
1195 3025 1226 3069 ut
1255 3013 1296 3069 sic

220 3100 315 3157 oratio
339 3100 524 3155 cohaereret:
548 3100 637 3173 Atque
660 3110 688 3155 ut
711 3119 770 3155 vere
791 3102 899 3165 dicitur,
923 3101 988 3156 boec
1009 3119 1066 3156 esse
1082 3108 1137 3154 cot.
1171 3098 1205 3155 In
1229 3099 1296 3154 aliis

220 3196 316 3242 autem
352 3184 437 3240 malis
470 3185 621 3242 codicibus
649 3185 771 3256 (Tertii,
805 3185 919 3250 Mend,
954 3185 1044 3256 Ball.)
1078 3185 1218 3260 scripturn
1253 3193 1299 3240 eet

220 3272 371 3335 conmrodu,
400 3269 469 3343 quia
492 3290 549 3326 non
572 3271 814 3346 intellegebatur.
843 3270 922 3344 quod
951 3289 986 3325 ne
1010 3269 1150 3327 Davisius
1178 3269 1295 3345 quidem

221 3356 381 3413 intellexit.
410 3368 538 3413 incruento
561 3360 614 3414 isto
636 3360 756 3432 corporis
777 3357 973 3413 courmodorum
996 3373 1059 3414 esse
1082 3359 1295 3426 ammonicius,

223 3461 292 3516 pirae
314 3443 433 3514 corporis
456 3445 592 3499 commoda
607 3445 742 3516 sererent.

306 3531 405 3597 oper-int
420 3532 556 3603 principia
568 3531 694 3602 victurae)
707 3525 771 3608 [Sic
783 3522 949 3605 edebatur]
968 3527 1032 3583 Hoc
1044 3525 1086 3582 sic
1098 3525 1206 3583 dictum
1220 3526 1297 3582 Met·

221 3613 336 3668 thiasus
361 3621 453 3690 putat,
478 3604 721 3687 quemadmodum
746 3632 799 3688 pro
823 3613 935 3669 Milone
958 3613 997 3669 75
1020 3630 1100 3685 apere
1114 3613 1298 3684 fundamenta

222 3709 357 3772 ponatur,
382 3706 413 3752 ut
436 3698 474 3754 sit
496 3705 594 3766 incere3
618 3698 757 3757 Gifanius
780 3703 887 3756 iecerint
909 3698 956 3754 hic
975 3695 1162 3755 scribendum
1180 3705 1299 3771 putarat

221 3784 263 3855 (in
287 3783 414 3856 epistula
436 3784 561 3856 quadam
585 3784 621 3839 ad
645 3783 836 3861 Scaligerum.
861 3783 972 3859 Syllog.
992 3784 1091 3841 Burm.
1116 3782 1147 3839 II
1171 3801 1199 3856 p.
1215 3782 1297 3852 308).

222 3870 333 3925 Verum
358 3868 484 3941 primum
507 3874 546 3926 sic
561 3889 641 3942 opere
656 3872 838 3942 fundamento
854 3869 925 3938 illio,
949 3879 981 3924 ut
1003 3868 1092 3923 etiarn
1115 3887 1132 3924 e
1154 3867 1298 3941 proximis

222 3963 345 4028 apparet
363 3957 506 4027 (parietem
523 3960 562 4011 aio
576 3973 627 4029 per
643 3955 800 4011 vestibulum
816 3958 916 4010 sororis
933 3956 1047 4010 instituit
1064 3954 1183 4026 ducere),
1207 3952 1298 4028 signi·

112 4064 118 4075 ·
222 4040 298 4100 licat
322 4037 410 4094 talem
431 4039 506 4095 viam
524 4040 553 4096 in
573 4040 610 4096 iis
627 4040 845 4115 aliquovorsum
864 4037 1058 4114 perducendis
1070 4048 1180 4105 tenere,
1196 4056 1297 4112 quem·

221 4125 377 4182 admodum
402 4123 508 4182 dicitnr
525 4145 603 4199 opere
620 4127 763 4191 cuniculos,
786 4143 865 4198 opere
881 4127 1000 4181 cloacam
1017 4126 1083 4198 (pro
1103 4143 1162 4199 quo
1179 4123 1299 4200 ponitur

222 4210 310 4267 etiam
329 4212 447 4280 discere),
465 4221 498 4267 ut
513 4211 563 4267 ille
582 4212 663 4268 Iocus
681 4211 717 4267 ad
734 4211 812 4267 hunc
828 4208 1043 4267 defendendum
1056 4209 1130 4266 nihil
1142 4210 1298 4286 pertineat.
1387 4222 1392 4229 '

223 4295 337 4353 Deinde
361 4305 459 4351 autem
488 4296 517 4353 in
548 4297 759 4371 principiorum
783 4295 901 4353 nomine
923 4294 1005 4351 nulla
1027 4314 1065 4351 ex
1088 4305 1172 4370 parte
1195 4295 1297 4351 eadem

222 4392 267 4438 est
289 4382 395 4456 imago,
420 4400 494 4455 quae
518 4383 546 4438 in
570 4381 836 4450 fundamentorum,
859 4391 893 4438 ut
913 4385 1001 4438 iacere
1017 4383 1154 4456 principio
1177 4399 1230 4456 pro
1253 4398 1297 4449 eo,

224 4467 301 4540 quod
324 4478 369 4523 est
384 4469 575 4540 fundamenta.
598 4467 680 4525 nullo
704 4467 790 4525 modo
806 4466 864 4524 dici
881 4466 990 4542 possit3
1013 4483 1080 4522 nam
1097 4465 1128 4522 in
1144 4463 1300 4541 principiis
