3030 5086
224 474 286 539 746
613 493 658 537 na
680 492 811 539 sunaus
833 492 905 539 son.

219 676 288 724 curn
322 660 451 725 summis
483 658 642 723 doloribus
676 658 870 738 conficiatur,
908 659 954 723 ait
985 659 1154 725 dicturum:
1195 662 1310 739 Quam

220 778 315 824 suave
343 761 404 825 estl
438 779 532 842 quam
560 760 637 825 nihil
666 761 755 826 curel
805 761 876 826 Non
904 779 1040 843 pugnem
1068 780 1137 826 cnm
1163 760 1308 839 homine,

220 879 276 925 cur
298 872 417 926 tantum
440 862 534 926 abeat
555 861 587 927 in
605 871 718 927 natura
734 862 822 942 boni;
844 862 920 927 illud
942 881 1099 944 urgueam
1122 881 1182 928 non
1207 861 1307 928 intel-

289 1053 311 1097 3.
330 1050 417 1098 haheat
436 1065 530 1105 omnes,
551 1048 593 1100 Or.

218 1207 305 1278 seht.)
327 1201 401 1284 [Sed
419 1205 556 1279 quoniam
570 1206 658 1261 etiam
673 1205 697 1261 B
714 1205 908 1273 soletomittit,
927 1205 1093 1265 videndum.
1113 1225 1148 1261 ne
1167 1224 1205 1262 ex
1224 1206 1307 1279 quod

219 1292 327 1364 quidem
338 1292 472 1348 ebullirent
484 1291 539 1362 (sic
551 1291 576 1347 B
588 1294 717 1364 quoque)
732 1290 793 1346 fleri
807 1290 927 1346 debeat:
944 1292 1018 1365 quod
1032 1292 1115 1348 audet
1125 1292 1237 1349 ebullire
1248 1299 1307 1348 aut

219 1378 293 1448 quod
309 1377 384 1431 uideo
401 1396 459 1432 euin
476 1371 529 1453 eh]
565 1376 722 1431 Ebuth'eruh'
731 1375 822 1431 verbo
839 1374 875 1430 de
892 1394 936 1444 eo,
954 1375 1032 1448 quod
1050 1375 1115 1449 quis
1129 1376 1211 1433 inani
1224 1395 1305 1435 sono

219 1471 329 1516 temere
352 1458 491 1531 effundat,
515 1461 620 1516 iterum
644 1459 749 1517 Cicero
772 1460 870 1534 posuit
892 1460 980 1517 Tusc.
1002 1460 1065 1528 ΙΙΙ,
1084 1462 1134 1525 42,
1159 1462 1210 1518 ubi
1233 1462 1305 1518 iure

219 1545 450 1616 Wesenbergius
473 1563 554 1602 inens
573 1545 706 1615 miratur,
730 1563 795 1601 cum
814 1544 956 1601 Davisius
974 1546 1115 1602 aberrans
1129 1546 1302 1603 Bentleinrn

218 1630 367 1691 traxisset,
390 1630 536 1686 nerninem
559 1630 683 1700 vidisse,
707 1630 782 1686 hanc
804 1649 869 1687 asse
891 1639 1024 1705 apertam
1047 1641 1077 1687 et
1099 1632 1303 1688 neeessariam

219 1715 339 1789 Epicuri
362 1714 504 1772 orationis
523 1715 714 1771 sententiam:
740 1714 792 1785 „Si
815 1715 904 1771 ceteri
928 1696 1110 1791 philosophi,
1134 1728 1167 1772 ut
1189 1716 1303 1786 solent,

219 1800 343 1857 virtutes
370 1810 400 1856 et
421 1799 582 1874 sapientias
604 1800 728 1857 ebullire
751 1800 865 1869 volent,
893 1819 926 1857 re
948 1800 1104 1876 diligenter
1125 1801 1305 1858 examinata

220 1885 293 1941 nihil
315 1885 395 1942 aliud
416 1884 515 1942 dicere
538 1885 723 1960 reperientur
744 1903 779 1941 ac
802 1894 915 1942 mutam
935 1885 1012 1943 viam
1033 1886 1194 1960 voluptatis
1217 1905 1305 1944 com·

124 2012 127 2017 ⁴
219 1971 367 2044 parandae
390 1980 567 2038 monstrare3
596 1988 631 2026 ea
659 1979 704 2027 est
726 1970 818 2034 enim,
846 1981 881 2027 nt
907 1989 962 2046 ago
991 1970 1082 2028 doceo
1112 1969 1177 2032 (cfr.
1209 1972 1304 2029 huius

217 2055 317 2129 operis
335 2055 447 2112 lib.Ic.
465 2055 501 2111 13
515 2059 601 2129 sqq.),
624 2055 670 2115 ris
692 2064 722 2111 et
743 2056 856 2113 utilitas
878 2055 1041 2129 sapientiae
1063 2066 1094 2112 et
1111 2056 1241 2125 virtutis,
1265 2068 1305 2114 nt

218 2140 256 2196 ad
278 2140 458 2215 voluptatem
482 2140 676 2197 certissimam
700 2158 753 2196 nos
775 2140 898 2209 ducant,
928 2158 986 2196 non
1015 2151 1048 2196 nt
1070 2159 1124 2214 per
1151 2159 1182 2197 se
1205 2159 1304 2217 expa-

216 2235 346 2282 tantur.“
382 2225 469 2283 Nunc
491 2234 610 2300 recepta
628 2225 715 2281 etiarn
734 2234 836 2282 oontra
846 2225 979 2282 Nonium
992 2225 1108 2282 Davisii
1125 2225 1305 2283 coniectura

218 2313 329 2382 (nolent)
351 2310 407 2367 hoc
423 2309 495 2366 dicit
513 2311 673 2385 Epicurus:
697 2309 729 2368 Si
751 2310 841 2366 ceteri
865 2310 1033 2385 philosophi
1052 2310 1153 2367 nolent
1170 2311 1303 2370 virtutes

218 2412 338 2469 crepare
371 2395 411 2466 (id
441 2407 501 2461 est.v
536 2396 560 2452 si
589 2414 658 2452 suas
687 2396 848 2452 sententias
876 2395 1022 2470 deponere
1051 2395 1152 2452 volent
1178 2404 1208 2453 et
1235 2395 1305 2454 for·

217 2491 296 2535 tasse
324 2480 398 2535 nihil
426 2498 545 2555 prorsas
572 2480 696 2551 dicere),
730 2479 887 2537 ostendent
919 2480 996 2536 viam
1026 2480 1187 2556 voluptatis
1211 2498 1304 2538 'oom-

219 2565 377 2639 parandae.
587 2632 592 2641 ι
1187 2585 1190 2590 ·

303 2669 353 2707 eur
369 2660 472 2707 tontum
489 2650 585 2706 habeut
602 2650 671 2723 cet.)
691 2646 755 2729 [Sic
768 2645 935 2728 edebatur]
954 2646 995 2718 Εξ
1011 2669 1071 2706 cum
1088 2659 1200 2720 motura,
1215 2651 1303 2708 Mon.

218 2754 309 2808 quirin.
335 2737 400 2792 Bas.
420 2739 472 2801 cui,
495 2735 525 2791 in
543 2753 601 2808 qna
618 2735 728 2791 nullius
744 2735 929 2791 auctoritatis
946 2735 1077 2792 codicum
1097 2735 1304 2810 discrepantia

219 2819 291 2875 nihil
304 2831 348 2876 est
361 2820 509 2879 momenti.
542 2820 573 2878 Si
588 2819 660 2876 nihil
673 2829 718 2876 est
731 2820 837 2890 mendi,
856 2821 898 2877 sic
915 2820 987 2876 haec
999 2819 1198 2896 intellegenda
1210 2831 1304 2895 puto:

218 2923 277 2961 non
295 2923 421 2980 pugnem
440 2923 505 2961 cum
523 2905 640 2965 homine
658 2905 709 2973 ita,
725 2914 760 2960 nt
776 2922 926 2978 quaeram,
945 2905 1042 2961 curin
1059 2913 1165 2963 natura
1176 2915 1302 2964 tanturn

218 2990 288 3046 boni
311 3007 376 3046 esse
398 3000 508 3046 statuat
525 2993 570 3060 (ut
586 2991 674 3046 beata
691 2988 753 3046 vita
769 2989 846 3046 inter
862 2990 1011 3046 cruciatus
1027 2999 1162 3048 constare
1180 2991 1303 3068 possit).

218 3074 295 3130 Nam
309 3074 456 3148 quomodo
468 3075 542 3132 verti
556 3094 572 3130 a
585 3075 698 3132 Kernio
710 3074 797 3131 rideo
807 3075 924 3148 (warram
941 3094 970 3131 er
986 3095 1036 3132 von
1053 3078 1102 3133 der
1114 3076 1207 3132 Natus·
1222 3081 1304 3135 eluere

217 3178 248 3214 so
273 3168 353 3231 putea
380 3158 480 3216 Gruud
508 3160 601 3234 habe),
630 3170 662 3216 ut
684 3159 866 3236 significetur
888 3171 1010 3217 naturae
1033 3161 1150 3217 bonitas
1171 3161 1202 3217 in
1226 3161 1302 3238 Epi·

217 3261 288 3299 curo
305 3243 478 3319 disciplinae
490 3245 712 3320 perversitatem
731 3246 860 3313 vincens,
883 3246 912 3302 id
933 3264 1028 3320 neque
1045 3245 1087 3302 sic
1104 3244 1161 3302 dici
1178 3255 1302 3321 potarat

217 3329 328 3398 (hahere
350 3332 459 3386 rnultmu
483 3331 545 3385 doni
570 3334 596 3386 in
620 3334 746 3404 reaturo),
775 3349 887 3405 nequo,
914 3349 975 3387 eur
997 3340 1056 3387 tant
1081 3331 1187 3388 bonam
1212 3339 1302 3389 natu·

217 3433 280 3470 ram
304 3414 442 3476 haberet.
466 3416 568 3489 quaeri
590 3425 620 3472 et
641 3415 766 3491 pugnari
789 3423 914 3490 poterat.
957 3417 1076 3490 (ltaque
1098 3415 1243 3474 Nodellns
1267 3416 1301 3474 in

218 3500 304 3557 Actis
322 3499 479 3559 societatis
497 3501 682 3558 Traiectinae
695 3501 709 3557 Ι
721 3520 749 3575 p.
766 3502 834 3572 154,
858 3501 984 3558 similem
1003 3501 1177 3559 sententiam
1197 3520 1303 3576 perse·

120 3628 126 3650 ,
218 3602 321 3658 quens,
335 3585 423 3641 scribi
436 3586 578 3642 malebat:
597 3605 667 3643 eum
685 3595 786 3642 tontum
805 3586 902 3642 habeat
918 3590 954 3652 in,
971 3586 1019 3643 vel
1038 3586 1144 3662 potins.
1161 3607 1178 3642 a
1196 3596 1302 3646 oratura

218 3671 301 3744 boni.)
331 3670 388 3727 Sed
402 3671 522 3729 omnino
534 3671 569 3727 de
581 3671 674 3746 ipsius
687 3670 808 3746 Epicuri
820 3680 927 3728 natura
938 3690 996 3728 non
1009 3672 1170 3746 quaeritur.
1202 3673 1237 3729 In
1251 3691 1300 3744 sa,
1320 3692 1324 3699 ·

217 3774 306 3829 quam
326 3755 403 3823 dixi,
427 3757 573 3813 sententia
596 3756 682 3813 valde
701 3775 806 3812 vereor
827 3766 860 3812 ut
877 3767 956 3813 recte
979 3756 1107 3813 dicatur:
1137 3758 1219 3814 habeo
1235 3767 1301 3814 tan·

216 3850 272 3896 tum
296 3841 357 3896 loru
372 3844 397 3896 in
415 3852 514 3898 nutrcro
532 3861 585 3916 pro
605 3859 650 3909 eo,
673 3842 751 3915 quod
768 3853 827 3898 est:
850 3845 877 3897 in
894 3851 993 3898 reaturo
1009 3861 1067 3898 esse
1083 3844 1185 3911 iudr'c03
1208 3842 1302 3919 longa

218 3925 295 3982 enim
319 3925 406 3982 aliter
433 3927 541 3984 dicitur
569 3928 666 3983 holm
693 3929 799 4000 aliqru'd
825 3930 852 3981 iu
875 3928 963 3996 bouis,
991 3927 1020 3983 id
1044 3937 1103 3993 est,
1131 3945 1302 3985 numerare.

218 4010 378 4067 Praeterea
400 4011 430 4067 in
454 4012 508 4068 hac
531 4012 677 4068 sententia
695 4011 783 4068 nimis
801 4012 913 4068 infinite
930 4015 957 4068 in
973 4021 1072 4068 saturo
1089 4012 1206 4082 dieitur,
1228 4031 1301 4070 cnm

217 4105 341 4153 naturae
364 4097 423 4152 rim
448 4097 593 4172 Epicurus
616 4116 674 4153 non
698 4096 883 4172 significarit,
912 4106 959 4163 ut,
983 4097 1148 4154 humanare
1170 4115 1208 4154 an
1231 4097 1305 4156 nni·

218 4198 310 4237 versa·
325 4181 530 4257 intellegatur.
561 4201 618 4238 non
641 4191 793 4257 appareat.
839 4183 943 4256 ltaque
967 4183 1100 4258 suspicor
1122 4183 1301 4242 Ciceronem

218 4266 385 4340 scripsisse:
409 4269 477 4340 quid
493 4278 594 4323 tonans
612 4277 678 4329 cet,
702 4267 730 4323 id
749 4278 803 4335 est,
827 4268 973 4341 quodnam
998 4276 1108 4325 tantum
1134 4268 1244 4326 bonnm
1269 4269 1303 4327 in

219 4359 323 4407 natura
345 4369 442 4407 rerum
467 4352 610 4426 reperiat,
639 4370 698 4427 quo
727 4353 755 4408 id
785 4351 901 4409 efficiat.
947 4354 1019 4425 (Hoc
1048 4363 1149 4410 tontum
1177 4354 1241 4411 boni
1261 4354 1305 4413 do

218 4435 319 4511 imper.
342 4436 449 4511 Pomp.
474 4438 529 4503 49;
553 4437 677 4511 Quintil.
700 4437 778 4507 XII,
805 4441 836 4507 1,
862 4438 917 4495 ³8:
945 4439 1030 4512 quid
1050 4457 1112 4512 erpo
1133 4448 1237 4498 matum
1259 4449 1306 4499 eet
