3030 5086
266 468 331 536 454
658 489 703 535 nn
725 488 858 537 eramus
880 490 952 537 sou.

265 663 302 720 ut
312 674 431 735 manus,
450 655 495 720 sic
510 656 659 722 immanes
671 657 825 737 quaedam
838 657 954 723 bestiae
970 657 1029 722 sibi
1045 656 1144 721 solum
1157 663 1249 722 neme
1260 662 1346 736 sunt,

266 765 301 822 at
322 757 384 835 illa,
407 758 534 838 quaein
552 758 669 822 concha
685 760 792 838 patule
809 759 885 840 pina
901 759 1022 836 dicitur,
1043 759 1141 840 isque,
1164 760 1216 840 qui
1235 766 1310 823 enat
1327 776 1345 824 e

266 858 392 937 conche,
409 859 471 939 qui,
489 860 572 941 quod
584 879 653 924 eam
665 860 809 939 custodit,
827 861 984 941 pinoteres
996 868 1136 938 vocatur,
1153 861 1184 925 in
1196 853 1345 926 madem-

266 977 327 1042 que
340 978 407 1023 eum
420 979 455 1026 se
463 961 589 1042 recepit,
597 961 773 1042 includitur,
786 970 822 1026 ut
829 962 973 1027 videatur
985 963 1153 1041 monuisse,
1166 969 1345 1040 utcsveret,

339 1168 359 1215 1.
382 1165 452 1213 beetee
475 1163 576 1227 quedam
597 1164 645 1213 eibi
664 1164 738 1213 solum
761 1165 807 1215 sibi
827 1173 886 1214 nata
905 1165 927 1213 E
980 1170 1002 1213 2.
1026 1182 1092 1230 quern
1111 1168 1168 1230 (pro
1185 1182 1248 1229 quoe
1266 1164 1302 1229 ia)
1322 1165 1345 1214 E

269 1229 392 1298 [incensio
409 1247 432 1282 v.
451 1232 561 1282 incendia
579 1231 613 1300 Α]
652 1233 733 1282 natC
773 1238 796 1284 8.
815 1234 901 1296 quique
919 1250 970 1282 eam
990 1233 1041 1282 MR
1059 1232 1150 1297 quidem
1170 1233 1234 1296 quod
1251 1250 1303 1282 eam
1325 1233 1345 1281 [ι

265 1299 330 1363 quod
346 1318 406 1357 eam,
424 1316 464 1349 om
492 1300 580 1365 quio
606 1301 764 1351 custodisti)
801 1300 945 1366 [pinotheras
965 1300 998 1368 Α]
1028 1301 1218 1351 vocaturomh
1245 1318 1346 1365 menone

268 1366 482 1435 [AJLPntcttOr.
519 1377 542 1417 t.
561 1368 643 1434 recepit
663 1368 832 1436 [AJELPMR

265 1549 385 1598 notetur
401 1542 521 1617 partitio
545 1551 574 1598 et
596 1542 720 1598 alterum
744 1542 905 1598 membrum
926 1542 1105 1618 praecipitur
1124 1541 1345 1617 expectatione)

268 1658 304 1669 -
333 1629 442 1701 aliquis.
494 1628 582 1683 Tusc.
610 1628 665 1696 IV,
692 1628 729 1683 60
760 1626 946 1703 perspicuum
981 1627 1037 1683 erit
1064 1627 1247 1702 inspicienti,
1283 1645 1343 1683 non

213 1785 216 1790 .
264 1711 401 1768 distribui
425 1731 517 1787 genus
540 1712 570 1767 in
593 1729 662 1769 strae
685 1723 798 1786 partes,
822 1712 871 1768 sed
896 1712 1063 1787 exemplum
1088 1730 1177 1767 uuum
1201 1730 1217 1767 e
1240 1710 1344 1767 uiuitis

266 1796 335 1871 poni
353 1798 452 1867 (Putat
467 1799 575 1871 aliquia.
599 1816 656 1853 esse
671 1799 831 1871 voluptatem
849 1798 965 1871 bonum),
984 1795 1089 1853 deinde
1106 1796 1186 1853 aliud
1204 1796 1344 1872 adiungi;

266 1891 295 1937 et
312 1890 448 1957 poterant
467 1882 557 1938 nrulto
576 1882 669 1955 plura.
704 1879 780 1961 [cfr.
793 1882 807 1938 I
822 1883 907 1940 Vere.
923 1883 976 1940 60:
1000 1883 1134 1938 Atedimns
1156 1874 1272 1955 aliquem
1291 1912 1343 1936 -.

265 1967 400 2023 Audimus
426 1969 508 2024 ulium
536 1998 587 2022 —.
633 1966 776 2025 Similiter
803 1967 851 2023 hic
879 1967 933 2037 IV,
959 1969 1013 2023 65:
1047 1969 1162 2041 decipiam
1191 1998 1231 2008 —
1259 1967 1344 2035 aliua,

265 2050 349 2109 Orat.
373 2048 436 2130 36.]
483 2052 528 2108 De
551 2050 609 2110 off.
633 2052 661 2120 1,
690 2053 747 2108 112
771 2052 912 2126 quidquid
941 2061 985 2108 eet
1007 2051 1140 2108 codicum
1164 2069 1222 2107 non
1245 2051 1344 2107 solum

264 2135 418 2200 bonorum.
442 2136 493 2193 sed
516 2138 588 2193 setis
612 2136 763 2199 bonorum,
787 2135 905 2194 sciere
928 2154 1029 2193 omnes
1052 2136 1180 2192 retinent
1200 2137 1273 2193 alites
1295 2137 1345 2193 de·

265 2221 338 2290 bect3
373 2220 466 2279 Gzius
490 2222 595 2277 lleiero
619 2221 772 2296 persuasit.
795 2231 826 2277 ut
850 2239 886 2278 ex
911 2221 1023 2277 duobus
1043 2219 1110 2279 Gzii
1134 2220 1218 2277 codd.
1240 2220 1345 2277 ederet

263 2308 373 2380 aliquis.
418 2307 511 2363 Acad.
536 2306 661 2380 denique
679 2307 719 2371 Il,
734 2306 783 2375 30,
807 2307 856 2362 ubi
880 2307 990 2363 editur:
1014 2308 1070 2363 ulia
1093 2309 1151 2362 eisc
1173 2308 1211 2362 eie
1232 2308 1344 2380 arripit,

266 2400 294 2446 nt
321 2394 354 2447 iis
382 2394 472 2447 statim
501 2402 607 2459 nitatur,
638 2393 731 2465 aliqua
759 2393 890 2460 recondit,
925 2411 939 2448 e
966 2392 1065 2464 quibus
1091 2393 1218 2447 memoria
1244 2394 1343 2460 oritur,

264 2475 348 2532 codd.
377 2476 486 2532 habent
513 2479 607 2550 aliqua
635 2480 673 2533 eie
700 2478 831 2545 recondit,
866 2495 882 2532 e
915 2495 974 2550 quo
1003 2476 1155 2532 verissime
1183 2475 1219 2533 P.
1244 2475 1344 2532 Faber

266 2559 376 2617 effecit:
405 2563 460 2616 alie
488 2565 570 2635 quasi
595 2563 721 2618 reeorndit.
766 2560 890 2638 [Recepi
921 2579 997 2617 nunc
1019 2564 1074 2617 ulia
1103 2578 1169 2617 cum
1193 2557 1343 2637 Baitero]

265 2645 336 2702 Mox
360 2646 395 2702 de
418 2649 503 2702 solutu
525 2647 590 2718 (siti
610 2649 695 2702 solum
717 2648 808 2721 natue)
831 2666 858 2702 v.
881 2647 917 2702 ad
941 2647 966 2710 1,
991 2649 1040 2702 44.

351 2750 420 2804 oreae
442 2736 468 2787 r'n
492 2733 591 2789 eoreclm
609 2735 707 2806 putida
726 2736 793 2806 pina
815 2731 927 2804 dieitur)
944 2732 1031 2788 Hanc
1050 2731 1228 2794 societatem,
1252 2746 1342 2803 quam

265 2815 336 2890 pinu
364 2826 391 2872 et
420 2816 569 2890 pinoteres
597 2817 733 2889 (squillae
762 2835 855 2891 genens
883 2821 940 2886 cst)
963 2815 1036 2872 inire
1060 2815 1253 2891 putabantur,
1281 2832 1343 2871 non

265 2908 343 2970 tam,
367 2910 399 2957 ut
421 2897 469 2957 hic
492 2901 614 2963 dieitur,
638 2902 674 2956 ad
698 2902 859 2957 cavendum
883 2919 969 2974 quam
999 2901 1036 2957 ad
1058 2900 1197 2975 praedam
1220 2907 1345 2975 captan-

264 2984 332 3041 dam
355 2986 403 3058 (de
427 2986 464 3042 N.
477 2987 514 3042 D.
533 2986 660 3055 11,123,
684 2987 759 3042 Pliu.
778 2987 816 3043 H.
830 2986 867 3042 N.
884 2986 942 3054 IX,
958 2988 1039 3055 142),
1063 2985 1147 3042 multi
1164 3002 1343 3042 commemo·

264 3081 414 3141 raserunt,
438 3088 503 3127 eum
527 3071 686 3128 sollertiam
712 3083 833 3127 staturae
856 3071 885 3127 in
909 3071 997 3127 rebus
1014 3070 1158 3146 tingendis
1174 3069 1341 3140 laudarent,

264 3173 339 3230 quos
361 3155 503 3212 Davisius
525 3166 676 3212 enumerat
699 3157 735 3212 ad
758 3158 789 3214 ll
813 3157 851 3213 N.
877 3157 913 3213 1).
938 3174 962 3212 c.
985 3158 1036 3213 48.
1081 3155 1116 3212 In
1145 3155 1260 3211 soboles
1287 3173 1342 3211 ex·

264 3240 392 3315 emplum
405 3240 561 3298 induxerat
574 3240 757 3316 Chrysippus
769 3240 834 3316 (cfr.
849 3241 886 3297 ad
899 3246 913 3311 §
930 3242 989 3315 18),
1001 3241 1085 3297 cuius
1097 3241 1188 3296 verba
1200 3257 1237 3296 ex
1249 3256 1342 3314 opere

263 3314 330 3400 napi
349 3321 404 3380 τοῦ
426 3322 518 3382 καλοῦ
540 3313 588 3382 καὶ
610 3323 663 3399 τῆς
684 3315 789 3400 ἡδονῆς
811 3326 940 3383 servarit
957 3326 1129 3382 Athenaeus
1146 3324 1194 3381 111
1206 3343 1235 3399 p.
1248 3325 1287 3381 89
1301 3324 1341 3382 D.

265 3409 338 3466 Rem
368 3427 424 3465 non
459 3409 501 3465 ita
534 3429 564 3467 se
592 3410 701 3467 habere
735 3421 765 3467 et
794 3411 930 3485 squillam
965 3410 1044 3467 illam
1080 3409 1274 3466 errabundam
1309 3409 1342 3466 iu

264 3493 351 3568 pinse
370 3494 490 3550 barbam
508 3494 637 3551 incidere
655 3504 684 3552 et
703 3513 737 3551 aa
755 3495 909 3571 implicari,
932 3495 1073 3552 historiae
1092 3493 1236 3551 naturalia
1253 3492 1343 3569 periti

264 3597 343 3636 nuuc
365 3579 479 3636 docent.
524 3581 559 3637 In
578 3579 645 3639 Geli
669 3581 757 3636 etiam
781 3581 931 3638 codicibus
953 3581 1089 3637 omnibus
1112 3579 1253 3654 scriptum
1276 3588 1344 3637 eret

260 3667 329 3739 pina
359 3674 389 3720 et
412 3669 549 3739 pinoteres
571 3666 764 3739 (pinotheras),
795 3678 825 3722 ut
854 3667 951 3722 editur
973 3666 1009 3721 de
1032 3665 1070 3722 N.
1094 3664 1133 3723 D.
1178 3661 1269 3744 [Nam
1294 3663 1344 3722 hic

265 3748 374 3824 duplex
397 3771 414 3804 n
437 3757 524 3806 antee
547 3759 610 3807 erat
632 3761 734 3807 contra
757 3747 855 3830 codd]
899 3752 934 3808 In
958 3749 1140 3809 Graecorum
1164 3749 1341 3824 scriptorum

264 3834 443 3890 editionibus
471 3832 534 3891 fere
562 3835 701 3892 scribitur
729 3828 821 3909 πίννη.
874 3835 978 3894 Oratio
1007 3835 1181 3892 brevitatem
1210 3834 1342 3907 aliquam

264 3919 362 3989 habet,
386 3920 512 3976 conflata
534 3920 661 3977 nonninis
684 3920 834 3976 notatione
857 3932 885 3977 et
908 3920 1100 3977 habitationis
1116 3919 1342 3995 significatione,

264 4004 365 4061 eadem
384 4005 530 4061 sententia
547 4023 581 4062 ac
599 4005 622 4061 si
641 4005 736 4061 dicas:
758 4024 828 4078 qnae
844 4009 871 4062 iu
888 4007 988 4063 coneha
1003 4007 1099 4080 patula
1117 4006 1220 4060 hubiurt
1236 4014 1260 4061 et
1272 4007 1344 4079 pina

264 4091 379 4157 dicitnr3
403 4094 429 4145 in
446 4092 545 4147 eoricho
563 4099 659 4146 autem
678 4108 694 4146 e
711 4091 858 4147 contrario
870 4092 1029 4166 respondet
1042 4091 1078 4161 ei,
1099 4089 1177 4164 quod
1194 4089 1342 4163 sequitur:

264 4176 409 4243 ecorrchu3
432 4171 500 4254 [cir.
520 4176 613 4232 Emm.
632 4176 717 4232 Livv.
737 4196 763 4250 p.
777 4173 861 4255 aot}
907 4178 978 4234 Mox
1001 4178 1135 4233 eerstodiot
1152 4194 1190 4232 ex
1208 4173 1278 4231 edit.
1297 4192 1343 4249 pr.

264 4259 391 4318 Manutii
414 4270 458 4329 ct,
487 4269 611 4335 excepto
636 4261 768 4330 Davisio,
798 4262 887 4318 ceteri
910 4275 978 4318 ante
1002 4262 1124 4326 Gziunt,
1154 4259 1203 4335 qui
1227 4261 1344 4317 etestodit

265 4363 302 4402 ox
325 4344 461 4402 omnibus
484 4346 544 4402 suis
567 4345 705 4403 restituit.
751 4345 831 4404 Oxx.
855 4346 884 4402 id
907 4365 944 4404 ex
967 4366 1026 4404 uno
1049 4347 1074 4403 E
1096 4353 1248 4403 annotant.

349 4433 376 4486 in
399 4430 561 4506 eundemque
582 4449 641 4487 curn
664 4450 693 4488 ee
713 4435 819 4507 recepit,
842 4433 1001 4506 includituri
1024 4433 1057 4487 Iu
1080 4432 1243 4506 edendamque
1260 4433 1343 4500 (con-
