3030 5086
261 487 326 552 478
656 504 700 550 oe
722 501 854 550 emmas
876 503 948 548 eoa.

263 672 373 735 virtute
393 671 511 748 dieunt,
539 692 576 734 ea
603 671 640 735 iis
662 671 833 745 omnmunia
859 689 919 735 esse
946 689 1014 733 oum
1035 666 1197 750 Pyrrhone
1218 672 1246 731 et
1266 667 1346 731 Ari-

264 778 356 850 stone,
379 793 454 854 quos
474 793 536 836 non
552 772 683 852 probent
706 774 750 853 (6.
774 774 846 855 16).
876 770 978 834 Male
999 775 1101 835 antem
1123 768 1252 846 Stoioos,
1274 789 1346 833 aem

265 875 308 938 ael
327 895 481 939 summum
503 875 615 938 bonum
638 875 682 937 ita
698 873 904 954 penmoint,
933 878 969 937 nt
998 894 1019 936 a
1040 877 1158 936 notura
1178 870 1344 949 auolant,

264 976 373 1040 reverti
394 976 437 1039 ad
457 981 616 1053 naturam,
637 981 673 1040 ut
692 976 762 1039 inde
783 976 892 1058 aoendi
902 975 1061 1055 peinapia
1077 979 1246 1055 quaerant;
1267 994 1346 1037 nam

264 1079 382 1154 onenia,
409 1098 489 1160 qnae
510 1083 711 1159 appetantur,
739 1079 832 1142 inesse
853 1077 955 1142 debere
975 1078 1010 1139 in
1029 1096 1147 1141 mmmo
1168 1076 1262 1153 bono‚·
1291 1094 1349 1139 neo

265 1179 357 1260 officii
382 1181 531 1244 rationem
558 1180 709 1244 bominem
735 1178 953 1259 inpelneael
979 1177 1140 1242 nataralia
1161 1177 1347 1258 appetenda,

263 1282 315 1346 sea
347 1281 385 1344 ab
411 1282 449 1345 iis
479 1288 508 1346 et
533 1282 682 1345 actionem
709 1286 736 1344 et
763 1282 976 1361 appetitionem
1002 1280 1178 1344 oonunoveri
1199 1280 1245 1360 (o.
1268 1281 1344 1362 17).

264 1381 383 1448 Deinde
422 1382 523 1448 Oioero
557 1383 697 1460 ostendit,
729 1383 763 1446 in
795 1382 984 1448 ‘consectariis
1016 1383 1199 1458 Stoieorum,
1233 1381 1348 1463 quibus

263 1486 377 1567 66666666
397 1485 498 1562 oelint,
520 1505 606 1549 omne
628 1485 748 1562 bonum,
770 1486 845 1566 quit
861 1483 1013 1548 laudabile
1029 1485 1077 1562 sit,
1100 1503 1159 1547 esse
1175 1483 1345 1560 lanatum,

264 1588 424 1669 utensque
450 1608 487 1651 ea
508 1588 551 1651 ael
572 1586 807 1651 eonolulmlum
828 1587 922 1663 sumi,
951 1607 1030 1668 quae
1055 1607 1118 1650 non
1140 1585 1347 1649 concedantur

162 1718 169 1729 ·
262 1692 308 1774 (6.
321 1693 394 1773 18).
439 1689 548 1753 Aoniis
568 1688 739 1753 Stoieoomm
761 1688 1008 1754 emoluauneulis
1029 1688 1119 1751 verba
1141 1688 1258 1769 contai,
1280 1707 1346 1750 non

205 1808 209 1813 ’
261 1813 360 1857 mnes
386 1790 549 1854 mundam.
602 1791 689 1871 Quod
718 1791 810 1855 Stoici
842 1791 1014 1855 mnstantia
1046 1791 1137 1854 latim
1168 1774 1347 1870 abablium

264 1900 350 1959 tanto
372 1914 458 1974 opere
478 1892 655 1975 almientnr,
678 1891 804 1974 tumbae·
824 1893 940 1969 debere,
964 1912 1031 1955 eum
1051 1891 1135 1972 sabea
1156 1910 1346 1972 omiseonan·

265 2003 326 2074 tur,
348 1997 437 2059 initia
459 1995 529 2071 illa,
551 2015 566 2057 6
590 1995 697 2075 quibus
718 1995 791 2058 baec
812 1999 1050 2076 consequantur,
1080 1994 1149 2073 ipsa
1168 1993 1252 2072 falsa
1273 2012 1344 2057 6666.

260 2098 434 2164 Parodana
460 2097 560 2174 tutu,
576 2097 739 2178 maonifioa
767 2097 832 2160 aisa
859 2115 933 2173 esse,
962 2117 1034 2160 moa
1055 2095 1242 2175 splendorem
1264 2095 1345 2158 anii-

260 2202 331 2266 sisse
353 2203 398 2282 (e.
421 2202 494 2283 19).
540 2198 649 2279 Ipsum
670 2198 822 2262 Zenmem
849 2220 885 2262 ea
906 2199 948 2262 sia
968 2197 1195 2278 intemetando
1216 2195 1343 2273 mollire,

260 2308 295 2366 ut
327 2302 396 2366 aliis
428 2301 524 2365 mobis
557 2301 635 2363 ulain
667 2301 762 2378 dieat,
797 2300 877 2381 quod
903 2305 1028 2378 oaorem
1060 2300 1111 2364 sod
1136 2300 1163 2363 si
1194 2299 1344 2363 sententia

260 2405 364 2468 eodem
391 2405 444 2480 sit,
477 2423 539 2466 non
567 2403 702 2465 dubitari
722 2422 820 2482 posse,
854 2404 928 2484 quin
960 2402 1004 2466 illi
1031 2403 1127 2466 oerlis
1159 2401 1346 2465 commodius

260 2511 410 2583 utantur;
442 2506 545 2586 itaque
576 2505 613 2567 ‹le
644 2506 796 2568 sententiis
822 2504 984 2567 videndum
1018 2525 1077 2568 esse
1104 2506 1124 2585 (
1125 2524 1148 2567 6.
1171 2508 1214 2568 20
1214 2506 1245 2587 ).
1290 2502 1343 2566 Ab

261 2608 320 2672 illis
342 2608 433 2690 ioitm
455 2606 574 2670 beatam
595 2607 690 2669 eitam
713 2607 851 2670 oonetitm‘
873 2626 910 2670 ea
932 2607 1069 2669 omnibns
1091 2605 1267 2682 eomiieodis,
1289 2604 1343 2668 sod

260 2711 314 2786 ita,
336 2715 371 2772 nt
393 2708 478 2791 lonae
500 2709 601 2772 ceteris
622 2708 719 2773 metus
740 2707 907 2784 antecellat,
928 2727 982 2771 neo
998 2707 1072 2788 plns
1089 2708 1223 2787 minoris
1243 2711 1273 2771 66
1287 2727 1341 2770 66-

261 2812 354 2876 ternis
376 2811 460 2874 bonis
489 2810 527 2873 ab
548 2811 586 2873 iis
607 2811 762 2874 tribuatur
789 2831 883 2892 qnam
911 2831 932 2872 a
953 2810 1088 2887 Zenom,
1117 2811 1171 2892 qui
1198 2829 1234 2872 ea
1261 2809 1343 2872 bona

260 2935 323 2978 non
345 2912 474 2993 appellet
484 2913 529 2993 (6.
542 2914 615 2995 21).
650 2911 761 2992 ltaque
782 2911 819 2974 ele
839 2933 872 2975 re
893 2911 1011 2975 nullam
1033 2933 1092 2975 aoso
1113 2912 1343 2988 dissensionum·

260 3016 412 3079 Zenonem
444 3014 602 3077 verborum
634 3015 858 3096 maonibeentta
896 3034 955 3078 esse
986 3012 1180 3091 odenatum·
1219 3036 1240 3077 a
1279 3033 1342 3095 quo

259 3122 370 3182 veteres
401 3116 467 3181 illos
500 3115 647 3181 Catonem
679 3117 745 3179 inre
776 3136 927 3196 reposcere
953 3135 1041 3195 posse
1063 3118 1083 3197 (
1085 3136 1108 3177 e.
1130 3120 1174 3182 22
1173 3119 1212 3200 ),·
1243 3136 1343 3197 neque

262 3219 341 3283 enim
368 3219 427 3282 nisi
447 3204 589 3282 inanium
610 3218 768 3281 oerbmmm
796 3217 998 3296 differentiam
1018 3219 1165 3282 6666666666.
1209 3217 1342 3298 Refntat

260 3320 367 3385 danae
394 3318 496 3384 Cicero
517 3319 626 3397 simile,
656 3339 716 3402 quo
749 3318 826 3383 Cato
853 3320 1011 3409 demeret,
1040 3341 1142 3384 omnes
1167 3321 1343 3400 imnoientes

260 3443 355 3504 oeque
382 3442 441 3486 esse
468 3424 607 3500 misceam
639 3421 816 3485 linationem
844 3423 923 3484 enim
951 3422 1093 3486 altionem
1117 3423 1185 3502 fien'
1212 3422 1341 3486 ostendit

261 3526 306 3608 (6.
329 3527 407 3588 23--
415 3526 488 3606 24).
534 3524 578 3586 Et
605 3523 687 3605 quod
718 3524 815 3587 metus
841 3543 967 3588 mesoem
997 3545 1061 3587 non
1087 3545 1177 3604 posse
1207 3525 1340 3601 aleator,

258 3632 286 3690 et
307 3626 373 3689 ideo
395 3626 498 3689 onmia
519 3627 594 3689 ottia
616 3625 760 3707 aequalia
781 3645 854 3703 esse,
870 3627 976 3706 potins
997 3648 1034 3690 ea
1055 3626 1340 3708 inaequalitatem

259 3729 372 3792 tiorum
398 3727 532 3791 oooeelmli
561 3727 677 3804 debere,
705 3729 846 3792 virtutae
873 3749 999 3793 erescere
1021 3730 1065 3810 (o.
1087 3731 1161 3811 24).
1213 3727 1254 3790 In
1280 3727 1341 3792 bae

260 3850 360 3895 omenes
389 3830 546 3911 ctnyentiae
573 3829 687 3894 Stoicos
714 3831 842 3894 ineielere
863 3837 992 3910 propter
1017 3829 1179 3912 olariosam
1207 3835 1339 3893 ostenta

259 3934 377 3996 tionem.
422 3932 508 3995 Nom
531 3931 594 3994 tolli
621 3931 675 3995 illa
696 3933 814 3996 ratione
836 3932 937 4012 officia
966 3938 994 3996 et
1016 3933 1094 3995 altae
1115 3932 1276 4009 notionem,
1303 3936 1340 3994 ut

258 4035 297 4098 ab
319 4034 480 4109 Aristona
507 4033 558 4097 secl
579 4033 755 4097 Aristonem
775 4033 939 4113 simplicius
960 4055 1061 4116 69666,
1082 4034 1198 4098 Stoicos
1221 4039 1341 4099 versute

259 4138 398 4200 inelueene
425 4136 494 4199 aliis
521 4137 693 4200 nominibus
714 4137 838 4199 eanulem
860 4137 1076 4215 differentiam,
1106 4153 1201 4217 quam
1228 4141 1340 4200 6666663

258 4240 408 4302 tenuo-int
430 4241 475 4320 (e.
498 4241 571 4321 25).
624 4237 809 4320 Probymena
835 4238 888 4300 illa
915 4243 943 4301 66
970 4244 1211 4320 apoprobymena
1237 4238 1339 4301 eodem

257 4339 319 4403 loeo
345 4341 463 4417 baberi,
497 4359 557 4421 quo
590 4340 817 4404 ab'An'etotele
846 4345 873 4402 et
901 4331 1002 4405 ceteris
1029 4339 1171 4405 Platonis
1203 4338 1340 4404 alannus
