<?xml version="1.0" encoding="UTF-8"?>
<!DOCTYPE html PUBLIC "-//W3C//DTD XHTML 1.0 Transitional//EN"
    "http://www.w3.org/TR/xhtml1/DTD/xhtml1-transitional.dtd">
<html xmlns="http://www.w3.org/1999/xhtml" xml:lang="en" lang="en">
 <head>
  <title>
</title>
<meta http-equiv="Content-Type" content="text/html;charset=utf-8" />
  <meta name='ocr-system' content='tesseract 3.04.00' />
  <meta name='ocr-capabilities' content='ocr_page ocr_carea ocr_par ocr_line ocrx_word'/>
</head>
<body>
  <div class='ocr_page' id='page_1' title='image "./mtulliiciceroni35cicegoog_0724.png"; bbox 0 0 3030 5086; ppageno 0'>
   <div class='ocr_carea' id='block_1_1' title="bbox 434 482 1259 562">
    <p class='ocr_par' dir='ltr' id='par_1_1' title="bbox 434 482 1259 562">
     <span class='ocr_line' id='line_1_1' title="bbox 434 482 1259 562; baseline 0.001 -16"><span class='ocrx_word' id='word_1_1' title='bbox 434 501 477 546; x_wconf 80' lang='lat' dir='ltr'>aa</span> <span class='ocrx_word' id='word_1_2' title='bbox 501 501 582 547; x_wconf 78' lang='lat' dir='ltr'>aaa.</span> <span class='ocrx_word' id='word_1_3' title='bbox 608 500 670 546; x_wconf 82' lang='lat' dir='ltr'>um.</span> <span class='ocrx_word' id='word_1_4' title='bbox 694 502 716 547; x_wconf 84' lang='lat' dir='ltr'>v</span> <span class='ocrx_word' id='word_1_5' title='bbox 738 499 812 547; x_wconf 82' lang='lat' dir='ltr'>car.</span> <span class='ocrx_word' id='word_1_6' title='bbox 831 503 853 551; x_wconf 81' lang='lat' dir='ltr'>a.</span> <span class='ocrx_word' id='word_1_7' title='bbox 869 498 1003 562; x_wconf 79' lang='lat' dir='ltr'>(rs-ra.)</span> <span class='ocrx_word' id='word_1_8' title='bbox 1195 482 1259 548; x_wconf 80' lang='grc'>629</span> 
     </span>
    </p>
   </div>
   <div class='ocr_carea' id='block_1_2' title="bbox 181 658 1262 851">
    <p class='ocr_par' dir='ltr' id='par_1_2' title="bbox 181 658 1262 851">
     <span class='ocr_line' id='line_1_2' title="bbox 182 658 1261 748; baseline 0 -16"><span class='ocrx_word' id='word_1_9' title='bbox 182 669 271 733; x_wconf 89' lang='lat' dir='ltr'>nobis</span> <span class='ocrx_word' id='word_1_10' title='bbox 294 658 471 732; x_wconf 83' lang='lat' dir='ltr'>adhibenda</span> <span class='ocrx_word' id='word_1_11' title='bbox 495 669 605 732; x_wconf 85' lang='lat' dir='ltr'>divisio</span> <span class='ocrx_word' id='word_1_12' title='bbox 628 674 690 745; x_wconf 75' lang='lat' dir='ltr'>est,</span> <span class='ocrx_word' id='word_1_13' title='bbox 720 686 781 748; x_wconf 87' lang='lat' dir='ltr'>qua</span> <span class='ocrx_word' id='word_1_14' title='bbox 804 677 911 733; x_wconf 83' lang='lat' dir='ltr'>noster</span> <span class='ocrx_word' id='word_1_15' title='bbox 933 668 1106 733; x_wconf 84' lang='lat' dir='ltr'>Antiochus</span> <span class='ocrx_word' id='word_1_16' title='bbox 1129 667 1261 733; x_wconf 81' lang='lat' dir='ltr'>libenter</span> 
     </span>
     <span class='ocr_line' id='line_1_3' title="bbox 181 769 1262 851; baseline 0 -17"><span class='ocrx_word' id='word_1_17' title='bbox 181 770 227 834; x_wconf 90' lang='lat' dir='ltr'>uti</span> <span class='ocrx_word' id='word_1_18' title='bbox 250 770 337 834; x_wconf 75' lang='lat' dir='ltr'>solea</span> <span class='ocrx_word' id='word_1_19' title='bbox 380 769 437 833; x_wconf 90' lang='lat' dir='ltr'>Ille</span> <span class='ocrx_word' id='word_1_20' title='bbox 460 770 555 851; x_wconf 77' lang='lat' dir='ltr'>igitur</span> <span class='ocrx_word' id='word_1_21' title='bbox 576 769 669 846; x_wconf 82' lang='lat' dir='ltr'>vidit,</span> <span class='ocrx_word' id='word_1_22' title='bbox 692 787 753 833; x_wconf 89' lang='lat' dir='ltr'>uon</span> <span class='ocrx_word' id='word_1_23' title='bbox 777 771 884 847; x_wconf 78' lang='lat' dir='ltr'>modo,</span> <span class='ocrx_word' id='word_1_24' title='bbox 907 777 984 851; x_wconf 89' lang='lat' dir='ltr'>quot</span> <span class='ocrx_word' id='word_1_25' title='bbox 1006 770 1138 835; x_wconf 73' lang='lat' dir='ltr'>finissent</span> <span class='ocrx_word' id='word_1_26' title='bbox 1158 769 1262 834; x_wconf 91' lang='lat' dir='ltr'>adhuc</span> 
     </span>
    </p>
   </div>
   <div class='ocr_carea' id='block_1_3' title="bbox 251 889 870 987">
    <p class='ocr_par' dir='ltr' id='par_1_3' title="bbox 251 889 870 987">
     <span class='ocr_line' id='line_1_4' title="bbox 251 889 870 987; baseline 0.002 -16"><span class='ocrx_word' id='word_1_27' title='bbox 251 928 273 972; x_wconf 78' lang='grc'>9.</span> <span class='ocrx_word' id='word_1_28' title='bbox 295 889 406 985; x_wconf 28' lang='grc'>011011,-</span> <span class='ocrx_word' id='word_1_29' title='bbox 427 921 491 984; x_wconf 83' lang='lat' dir='ltr'>qnod</span> <span class='ocrx_word' id='word_1_30' title='bbox 508 923 529 970; x_wconf 85' lang='lat' dir='ltr'>E</span> <span class='ocrx_word' id='word_1_31' title='bbox 549 930 605 985; x_wconf 82' lang='lat' dir='ltr'>quot</span> <span class='ocrx_word' id='word_1_32' title='bbox 622 920 714 970; x_wconf 85' lang='lat' dir='ltr'>omnino</span> <span class='ocrx_word' id='word_1_33' title='bbox 723 922 832 987; x_wconf 75' lang='lat' dir='ltr'>fuissent</span> <span class='ocrx_word' id='word_1_34' title='bbox 850 922 870 972; x_wconf 88' lang='lat' dir='ltr'>C</span> 
     </span>
    </p>
   </div>
   <div class='ocr_carea' id='block_1_4' title="bbox 132 1044 1263 4527">
    <p class='ocr_par' dir='ltr' id='par_1_4' title="bbox 182 1044 1263 1374">
     <span class='ocr_line' id='line_1_5' title="bbox 182 1044 1263 1119; baseline -0.001 -17"><span class='ocrx_word' id='word_1_35' title='bbox 182 1057 239 1103; x_wconf 91' lang='lat' dir='ltr'>stat</span> <span class='ocrx_word' id='word_1_36' title='bbox 269 1045 440 1102; x_wconf 88' lang='lat' dir='ltr'>Latinorum</span> <span class='ocrx_word' id='word_1_37' title='bbox 476 1063 584 1100; x_wconf 89' lang='lat' dir='ltr'>morem</span> <span class='ocrx_word' id='word_1_38' title='bbox 613 1045 776 1101; x_wconf 86' lang='lat' dir='ltr'>sententiae</span> <span class='ocrx_word' id='word_1_39' title='bbox 804 1044 994 1101; x_wconf 81' lang='lat' dir='ltr'>secundariae</span> <span class='ocrx_word' id='word_1_40' title='bbox 1024 1062 1088 1100; x_wconf 90' lang='lat' dir='ltr'>cum</span> <span class='ocrx_word' id='word_1_41' title='bbox 1120 1045 1263 1119; x_wconf 83' lang='lat' dir='ltr'>primaria</span> 
     </span>
     <span class='ocr_line' id='line_1_6' title="bbox 184 1126 1260 1209; baseline 0.002 -25"><span class='ocrx_word' id='word_1_42' title='bbox 184 1130 348 1186; x_wconf 77' lang='lat' dir='ltr'>miscendae</span> <span class='ocrx_word' id='word_1_43' title='bbox 372 1129 607 1186; x_wconf 87' lang='lat' dir='ltr'>animadvertere</span> <span class='ocrx_word' id='word_1_44' title='bbox 637 1126 687 1209; x_wconf 90' lang='lat' dir='ltr'>[de</span> <span class='ocrx_word' id='word_1_45' title='bbox 718 1148 776 1204; x_wconf 92' lang='lat' dir='ltr'>quo</span> <span class='ocrx_word' id='word_1_46' title='bbox 805 1130 934 1185; x_wconf 88' lang='lat' dir='ltr'>breviter</span> <span class='ocrx_word' id='word_1_47' title='bbox 956 1130 1092 1205; x_wconf 89' lang='lat' dir='ltr'>praecepi</span> <span class='ocrx_word' id='word_1_48' title='bbox 1117 1129 1171 1187; x_wconf 88' lang='lat' dir='ltr'>Gr.</span> <span class='ocrx_word' id='word_1_49' title='bbox 1195 1130 1260 1186; x_wconf 89' lang='lat' dir='ltr'>Lat.</span> 
     </span>
     <span class='ocr_line' id='line_1_7' title="bbox 183 1211 1259 1292; baseline -0.001 -21"><span class='ocrx_word' id='word_1_50' title='bbox 183 1211 325 1292; x_wconf 67' lang='grc'>147611.</span> <span class='ocrx_word' id='word_1_51' title='bbox 350 1225 376 1269; x_wconf 84' lang='lat' dir='ltr'>ct</span> <span class='ocrx_word' id='word_1_52' title='bbox 402 1214 497 1282; x_wconf 76' lang='lat' dir='ltr'>simul,</span> <span class='ocrx_word' id='word_1_53' title='bbox 522 1233 608 1288; x_wconf 91' lang='lat' dir='ltr'>quam</span> <span class='ocrx_word' id='word_1_54' title='bbox 630 1214 820 1289; x_wconf 78' lang='lat' dir='ltr'>pertinaciter</span> <span class='ocrx_word' id='word_1_55' title='bbox 837 1225 922 1270; x_wconf 86' lang='lat' dir='ltr'>vetus</span> <span class='ocrx_word' id='word_1_56' title='bbox 945 1233 1041 1270; x_wconf 90' lang='lat' dir='ltr'>sermo</span> <span class='ocrx_word' id='word_1_57' title='bbox 1064 1216 1259 1271; x_wconf 85' lang='lat' dir='ltr'>constantiam</span> 
     </span>
     <span class='ocr_line' id='line_1_8' title="bbox 182 1299 1258 1374; baseline 0 -18"><span class='ocrx_word' id='word_1_58' title='bbox 182 1299 427 1374; x_wconf 73' lang='lat' dir='ltr'>interpunctionis</span> <span class='ocrx_word' id='word_1_59' title='bbox 445 1299 481 1354; x_wconf 92' lang='lat' dir='ltr'>ad</span> <span class='ocrx_word' id='word_1_60' title='bbox 500 1309 617 1355; x_wconf 89' lang='lat' dir='ltr'>nostrae</span> <span class='ocrx_word' id='word_1_61' title='bbox 631 1299 774 1356; x_wconf 85' lang='lat' dir='ltr'>orationis</span> <span class='ocrx_word' id='word_1_62' title='bbox 787 1318 917 1355; x_wconf 89' lang='lat' dir='ltr'>normam</span> <span class='ocrx_word' id='word_1_63' title='bbox 931 1300 1115 1373; x_wconf 81' lang='lat' dir='ltr'>excogitatae</span> <span class='ocrx_word' id='word_1_64' title='bbox 1128 1312 1258 1374; x_wconf 85' lang='lat' dir='ltr'>respuat.</span> 
     </span>
    </p>

    <p class='ocr_par' dir='ltr' id='par_1_5' title="bbox 132 1384 1260 4527">
     <span class='ocr_line' id='line_1_9' title="bbox 272 1384 1260 1458; baseline 0.002 -19"><span class='ocrx_word' id='word_1_65' title='bbox 272 1385 425 1441; x_wconf 78' lang='lat' dir='ltr'>(aracadia</span> <span class='ocrx_word' id='word_1_66' title='bbox 451 1417 485 1427; x_wconf 89' lang='lat'>-</span> <span class='ocrx_word' id='word_1_67' title='bbox 512 1386 616 1441; x_wconf 71' lang='lat' dir='ltr'>divido.</span> <span class='ocrx_word' id='word_1_68' title='bbox 661 1386 712 1440; x_wconf 80' lang='lat' dir='ltr'>Ille</span> <span class='ocrx_word' id='word_1_69' title='bbox 733 1385 827 1457; x_wconf 74' lang='lat' dir='ltr'>ipitar)</span> <span class='ocrx_word' id='word_1_70' title='bbox 853 1385 897 1440; x_wconf 85' lang='lat' dir='ltr'>De</span> <span class='ocrx_word' id='word_1_71' title='bbox 921 1384 975 1440; x_wconf 87' lang='lat' dir='ltr'>hac</span> <span class='ocrx_word' id='word_1_72' title='bbox 998 1384 1160 1452; x_wconf 75' lang='lat' dir='ltr'>divisione,</span> <span class='ocrx_word' id='word_1_73' title='bbox 1184 1403 1260 1458; x_wconf 90' lang='lat' dir='ltr'>quae</span> 
     </span>
     <span class='ocr_line' id='line_1_10' title="bbox 183 1468 1260 1544; baseline 0 -18"><span class='ocrx_word' id='word_1_74' title='bbox 183 1490 218 1526; x_wconf 87' lang='lat' dir='ltr'>ex</span> <span class='ocrx_word' id='word_1_75' title='bbox 239 1489 334 1525; x_wconf 90' lang='lat' dir='ltr'>rerum</span> <span class='ocrx_word' id='word_1_76' title='bbox 355 1481 382 1525; x_wconf 89' lang='lat' dir='ltr'>et</span> <span class='ocrx_word' id='word_1_77' title='bbox 401 1469 552 1526; x_wconf 89' lang='lat' dir='ltr'>notionum</span> <span class='ocrx_word' id='word_1_78' title='bbox 570 1469 740 1525; x_wconf 81' lang='lat' dir='ltr'>confusione</span> <span class='ocrx_word' id='word_1_79' title='bbox 761 1488 818 1525; x_wconf 94' lang='lat' dir='ltr'>non</span> <span class='ocrx_word' id='word_1_80' title='bbox 837 1488 929 1544; x_wconf 86' lang='lat' dir='ltr'>parra</span> <span class='ocrx_word' id='word_1_81' title='bbox 946 1468 1148 1529; x_wconf 81' lang='lat' dir='ltr'>difficultatem</span> <span class='ocrx_word' id='word_1_82' title='bbox 1162 1470 1260 1538; x_wconf 79' lang='lat' dir='ltr'>habet,</span> 
     </span>
     <span class='ocr_line' id='line_1_11' title="bbox 183 1555 1260 1630; baseline 0.001 -19"><span class='ocrx_word' id='word_1_83' title='bbox 183 1569 211 1611; x_wconf 90' lang='lat' dir='ltr'>et</span> <span class='ocrx_word' id='word_1_84' title='bbox 234 1556 269 1610; x_wconf 90' lang='lat' dir='ltr'>de</span> <span class='ocrx_word' id='word_1_85' title='bbox 293 1555 371 1610; x_wconf 83' lang='lat' dir='ltr'>ontni</span> <span class='ocrx_word' id='word_1_86' title='bbox 394 1555 481 1611; x_wconf 79' lang='lat' dir='ltr'>liuius</span> <span class='ocrx_word' id='word_1_87' title='bbox 510 1565 539 1610; x_wconf 89' lang='lat' dir='ltr'>et</span> <span class='ocrx_word' id='word_1_88' title='bbox 563 1555 763 1629; x_wconf 85' lang='lat' dir='ltr'>proximorum</span> <span class='ocrx_word' id='word_1_89' title='bbox 788 1555 910 1610; x_wconf 89' lang='lat' dir='ltr'>duorum</span> <span class='ocrx_word' id='word_1_90' title='bbox 935 1555 1063 1629; x_wconf 89' lang='lat' dir='ltr'>capitum</span> <span class='ocrx_word' id='word_1_91' title='bbox 1087 1565 1260 1630; x_wconf 81' lang='lat' dir='ltr'>argumento</span> 
     </span>
     <span class='ocr_line' id='line_1_12' title="bbox 182 1639 1260 1715; baseline -0.001 -19"><span class='ocrx_word' id='word_1_92' title='bbox 182 1640 346 1715; x_wconf 83' lang='lat' dir='ltr'>expositum</span> <span class='ocrx_word' id='word_1_93' title='bbox 366 1652 409 1695; x_wconf 85' lang='lat' dir='ltr'>est</span> <span class='ocrx_word' id='word_1_94' title='bbox 428 1640 456 1695; x_wconf 94' lang='lat' dir='ltr'>in</span> <span class='ocrx_word' id='word_1_95' title='bbox 475 1659 510 1696; x_wconf 92' lang='lat' dir='ltr'>eo</span> <span class='ocrx_word' id='word_1_96' title='bbox 530 1658 664 1702; x_wconf 76' lang='lat' dir='ltr'>excausa,</span> <span class='ocrx_word' id='word_1_97' title='bbox 688 1640 717 1696; x_wconf 92' lang='lat' dir='ltr'>in</span> <span class='ocrx_word' id='word_1_98' title='bbox 738 1658 796 1714; x_wconf 88' lang='lat' dir='ltr'>quo</span> <span class='ocrx_word' id='word_1_99' title='bbox 815 1639 901 1695; x_wconf 90' lang='lat' dir='ltr'>etiam</span> <span class='ocrx_word' id='word_1_100' title='bbox 916 1639 1011 1714; x_wconf 87' lang='lat' dir='ltr'>prima</span> <span class='ocrx_word' id='word_1_101' title='bbox 1023 1650 1145 1696; x_wconf 87' lang='lat' dir='ltr'>naturae</span> <span class='ocrx_word' id='word_1_102' title='bbox 1163 1640 1260 1696; x_wconf 89' lang='lat' dir='ltr'>decla·</span> 
     </span>
     <span class='ocr_line' id='line_1_13' title="bbox 183 1723 1259 1800; baseline 0 -19"><span class='ocrx_word' id='word_1_103' title='bbox 183 1726 258 1781; x_wconf 82' lang='lat' dir='ltr'>ravi.</span> <span class='ocrx_word' id='word_1_104' title='bbox 284 1724 319 1779; x_wconf 90' lang='lat' dir='ltr'>ad</span> <span class='ocrx_word' id='word_1_105' title='bbox 343 1725 389 1788; x_wconf 91' lang='grc' dir='ltr'>ΙΙ,</span> <span class='ocrx_word' id='word_1_106' title='bbox 415 1725 463 1781; x_wconf 87' lang='lat'>33.</span> <span class='ocrx_word' id='word_1_107' title='bbox 511 1723 615 1782; x_wconf 90' lang='lat' dir='ltr'>Oratio</span> <span class='ocrx_word' id='word_1_108' title='bbox 645 1736 741 1780; x_wconf 86' lang='lat' dir='ltr'>notam</span> <span class='ocrx_word' id='word_1_109' title='bbox 767 1726 888 1799; x_wconf 84' lang='lat' dir='ltr'>figuram</span> <span class='ocrx_word' id='word_1_110' title='bbox 918 1725 1006 1780; x_wconf 88' lang='lat' dir='ltr'>habet</span> <span class='ocrx_word' id='word_1_111' title='bbox 1034 1725 1063 1781; x_wconf 91' lang='lat' dir='ltr'>in</span> <span class='ocrx_word' id='word_1_112' title='bbox 1088 1725 1259 1800; x_wconf 87' lang='lat' dir='ltr'>pronomine</span> 
     </span>
     <span class='ocr_line' id='line_1_14' title="bbox 183 1809 1260 1884; baseline 0 -18"><span class='ocrx_word' id='word_1_113' title='bbox 183 1815 225 1866; x_wconf 77' lang='grc'>1110</span> <span class='ocrx_word' id='word_1_114' title='bbox 248 1811 283 1864; x_wconf 79' lang='lat' dir='ltr'>acl</span> <span class='ocrx_word' id='word_1_115' title='bbox 308 1809 484 1865; x_wconf 79' lang='lat' dir='ltr'>substantivi</span> <span class='ocrx_word' id='word_1_116' title='bbox 509 1810 666 1867; x_wconf 82' lang='lat' dir='ltr'>notionem.</span> <span class='ocrx_word' id='word_1_117' title='bbox 690 1828 765 1884; x_wconf 90' lang='lat' dir='ltr'>quae</span> <span class='ocrx_word' id='word_1_118' title='bbox 789 1810 818 1864; x_wconf 90' lang='lat' dir='ltr'>ia</span> <span class='ocrx_word' id='word_1_119' title='bbox 845 1811 999 1865; x_wconf 76' lang='lat' dir='ltr'>Carneadia</span> <span class='ocrx_word' id='word_1_120' title='bbox 1022 1810 1131 1878; x_wconf 75' lang='lat' dir='ltr'>subest,</span> <span class='ocrx_word' id='word_1_121' title='bbox 1155 1810 1260 1879; x_wconf 82' lang='lat' dir='ltr'>relato,</span> 
     </span>
     <span class='ocr_line' id='line_1_15' title="bbox 183 1895 1259 1968; baseline -0.001 -16"><span class='ocrx_word' id='word_1_122' title='bbox 183 1908 214 1952; x_wconf 89' lang='lat' dir='ltr'>ut</span> <span class='ocrx_word' id='word_1_123' title='bbox 237 1896 260 1958; x_wconf 93' lang='grc'>1,</span> <span class='ocrx_word' id='word_1_124' title='bbox 289 1896 324 1951; x_wconf 75' lang='lat' dir='ltr'>li</span> <span class='ocrx_word' id='word_1_125' title='bbox 349 1895 530 1967; x_wconf 82' lang='lat' dir='ltr'>(Democritea</span> <span class='ocrx_word' id='word_1_126' title='bbox 552 1929 584 1935; x_wconf 85' lang='lat'>-</span> <span class='ocrx_word' id='word_1_127' title='bbox 607 1897 661 1966; x_wconf 81' lang='lat' dir='ltr'>ille)</span> <span class='ocrx_word' id='word_1_128' title='bbox 678 1905 708 1951; x_wconf 88' lang='lat' dir='ltr'>et</span> <span class='ocrx_word' id='word_1_129' title='bbox 724 1895 765 1962; x_wconf 77' lang='lat' dir='ltr'>II,</span> <span class='ocrx_word' id='word_1_130' title='bbox 786 1895 824 1950; x_wconf 74' lang='lat'>42</span> <span class='ocrx_word' id='word_1_131' title='bbox 838 1896 1039 1965; x_wconf 68' lang='lat' dir='ltr'>(Carneadeum</span> <span class='ocrx_word' id='word_1_132' title='bbox 1062 1930 1097 1936; x_wconf 91' lang='lat'>--</span> <span class='ocrx_word' id='word_1_133' title='bbox 1117 1898 1152 1968; x_wconf 81' lang='lat' dir='ltr'>ia)</span> <span class='ocrx_word' id='word_1_134' title='bbox 1172 1906 1200 1951; x_wconf 88' lang='lat' dir='ltr'>et</span> <span class='ocrx_word' id='word_1_135' title='bbox 1224 1896 1259 1951; x_wconf 89' lang='lat' dir='ltr'>de</span> 
     </span>
     <span class='ocr_line' id='line_1_16' title="bbox 184 1975 1255 2059; baseline -0.001 -22"><span class='ocrx_word' id='word_1_136' title='bbox 184 1981 282 2037; x_wconf 76' lang='lat' dir='ltr'>Dii-in.</span> <span class='ocrx_word' id='word_1_137' title='bbox 297 1980 336 2036; x_wconf 85' lang='lat'>11.</span> <span class='ocrx_word' id='word_1_138' title='bbox 351 1981 399 2043; x_wconf 87' lang='grc'>31,</span> <span class='ocrx_word' id='word_1_139' title='bbox 418 1977 468 2059; x_wconf 74' lang='lat' dir='ltr'>[ad</span> <span class='ocrx_word' id='word_1_140' title='bbox 481 1982 544 2036; x_wconf 78' lang='lat' dir='ltr'>Act..</span> <span class='ocrx_word' id='word_1_141' title='bbox 560 1981 597 2036; x_wconf 81' lang='lat' dir='ltr'>X.</span> <span class='ocrx_word' id='word_1_142' title='bbox 613 1981 641 2045; x_wconf 86' lang='grc'>8,</span> <span class='ocrx_word' id='word_1_143' title='bbox 656 1982 682 2037; x_wconf 86' lang='grc'>7.</span> <span class='ocrx_word' id='word_1_144' title='bbox 696 1980 785 2043; x_wconf 79' lang='lat' dir='ltr'>xlll,</span> <span class='ocrx_word' id='word_1_145' title='bbox 800 1981 849 2044; x_wconf 88' lang='grc'>30,</span> <span class='ocrx_word' id='word_1_146' title='bbox 863 1975 906 2058; x_wconf 77' lang='lat'>2].</span> <span class='ocrx_word' id='word_1_147' title='bbox 942 1981 1017 2036; x_wconf 89' lang='lat' dir='ltr'>Dav.</span> <span class='ocrx_word' id='word_1_148' title='bbox 1041 1980 1104 2037; x_wconf 84' lang='lat' dir='ltr'>Liv.</span> <span class='ocrx_word' id='word_1_149' title='bbox 1118 1981 1158 2047; x_wconf 94' lang='grc' dir='ltr'>ΙΙ,</span> <span class='ocrx_word' id='word_1_150' title='bbox 1173 1981 1223 2050; x_wconf 85' lang='grc'>53,</span> <span class='ocrx_word' id='word_1_151' title='bbox 1243 1984 1255 2036; x_wconf 95' lang='lat' dir='ltr'>l</span> 
     </span>
     <span class='ocr_line' id='line_1_17' title="bbox 181 2064 1259 2140; baseline 0 -18"><span class='ocrx_word' id='word_1_152' title='bbox 181 2068 291 2139; x_wconf 70' lang='lat' dir='ltr'>(Vama</span> <span class='ocrx_word' id='word_1_153' title='bbox 310 2067 402 2120; x_wconf 78' lang='lat' dir='ltr'>ledam</span> <span class='ocrx_word' id='word_1_154' title='bbox 420 2099 453 2106; x_wconf 51' lang='grc' dir='ltr'><strong>ψ</strong></span> <span class='ocrx_word' id='word_1_155' title='bbox 471 2066 578 2139; x_wconf 75' lang='lat' dir='ltr'>qra&#39;bus)</span> <span class='ocrx_word' id='word_1_156' title='bbox 597 2079 625 2121; x_wconf 86' lang='lat' dir='ltr'>et</span> <span class='ocrx_word' id='word_1_157' title='bbox 642 2065 701 2120; x_wconf 91' lang='lat' dir='ltr'>alia</span> <span class='ocrx_word' id='word_1_158' title='bbox 718 2084 755 2121; x_wconf 88' lang='lat' dir='ltr'>ex</span> <span class='ocrx_word' id='word_1_159' title='bbox 776 2064 925 2121; x_wconf 88' lang='lat' dir='ltr'>inferioris</span> <span class='ocrx_word' id='word_1_160' title='bbox 942 2066 1048 2122; x_wconf 88' lang='lat' dir='ltr'>aetatis</span> <span class='ocrx_word' id='word_1_161' title='bbox 1066 2066 1259 2140; x_wconf 84' lang='lat' dir='ltr'>scriptoribus</span> 
     </span>
     <span class='ocr_line' id='line_1_18' title="bbox 182 2147 1257 2228; baseline 0.001 -22"><span class='ocrx_word' id='word_1_162' title='bbox 182 2152 260 2207; x_wconf 88' lang='lat' dir='ltr'>citat.</span> <span class='ocrx_word' id='word_1_163' title='bbox 306 2147 404 2228; x_wconf 72' lang='lat' dir='ltr'>[Caes.</span> <span class='ocrx_word' id='word_1_164' title='bbox 430 2152 464 2207; x_wconf 90' lang='lat' dir='ltr'>B.</span> <span class='ocrx_word' id='word_1_165' title='bbox 479 2149 516 2207; x_wconf 83' lang='lat' dir='ltr'>G.</span> <span class='ocrx_word' id='word_1_166' title='bbox 536 2152 559 2219; x_wconf 89' lang='grc'>1,</span> <span class='ocrx_word' id='word_1_167' title='bbox 573 2152 622 2217; x_wconf 87' lang='grc'>40,</span> <span class='ocrx_word' id='word_1_168' title='bbox 636 2152 667 2206; x_wconf 81' lang='lat'>5:</span> <span class='ocrx_word' id='word_1_169' title='bbox 692 2152 783 2206; x_wconf 73' lang='lat' dir='ltr'>aeneid</span> <span class='ocrx_word' id='word_1_170' title='bbox 804 2152 925 2220; x_wconf 77' lang='grc'>1111101111,</span> <span class='ocrx_word' id='word_1_171' title='bbox 949 2169 1025 2224; x_wconf 77' lang='lat' dir='ltr'>qum.</span> <span class='ocrx_word' id='word_1_172' title='bbox 1049 2150 1112 2207; x_wconf 86' lang='lat' dir='ltr'>Liv.</span> <span class='ocrx_word' id='word_1_173' title='bbox 1127 2152 1213 2216; x_wconf 81' lang='lat' dir='ltr'>VIII,</span> <span class='ocrx_word' id='word_1_174' title='bbox 1229 2152 1257 2217; x_wconf 89' lang='grc'>8,</span> 
     </span>
     <span class='ocr_line' id='line_1_19' title="bbox 187 2235 1259 2309; baseline 0.001 -17"><span class='ocrx_word' id='word_1_175' title='bbox 187 2240 232 2301; x_wconf 91' lang='grc'>14,</span> <span class='ocrx_word' id='word_1_176' title='bbox 257 2236 354 2292; x_wconf 84' lang='lat' dir='ltr'>XLII.</span> <span class='ocrx_word' id='word_1_177' title='bbox 375 2237 424 2302; x_wconf 85' lang='grc'>47,</span> <span class='ocrx_word' id='word_1_178' title='bbox 444 2237 471 2292; x_wconf 83' lang='grc'>7.</span> <span class='ocrx_word' id='word_1_179' title='bbox 495 2235 603 2293; x_wconf 87' lang='lat' dir='ltr'>Catuli.</span> <span class='ocrx_word' id='word_1_180' title='bbox 628 2237 677 2301; x_wconf 91' lang='grc'>64,</span> <span class='ocrx_word' id='word_1_181' title='bbox 697 2236 774 2293; x_wconf 82' lang='grc'>369;</span> <span class='ocrx_word' id='word_1_182' title='bbox 797 2254 958 2309; x_wconf 89' lang='lat' dir='ltr'>pronomen</span> <span class='ocrx_word' id='word_1_183' title='bbox 982 2236 1099 2293; x_wconf 89' lang='lat' dir='ltr'>auditur</span> <span class='ocrx_word' id='word_1_184' title='bbox 1122 2236 1188 2295; x_wconf 71' lang='lat' dir='ltr'>Cat.</span> <span class='ocrx_word' id='word_1_185' title='bbox 1208 2240 1259 2299; x_wconf 88' lang='grc'>44,</span> 
     </span>
     <span class='ocr_line' id='line_1_20' title="bbox 187 2315 1258 2398; baseline 0 -22"><span class='ocrx_word' id='word_1_186' title='bbox 187 2323 330 2393; x_wconf 64' lang='lat' dir='ltr'>redemta</span> <span class='ocrx_word' id='word_1_187' title='bbox 356 2323 533 2394; x_wconf 73' lang='lat' dir='ltr'>l&#39;erg.Aen.</span> <span class='ocrx_word' id='word_1_188' title='bbox 549 2321 572 2385; x_wconf 86' lang='lat'>1,</span> <span class='ocrx_word' id='word_1_189' title='bbox 588 2315 672 2398; x_wconf 60' lang='lat'>672]</span> <span class='ocrx_word' id='word_1_190' title='bbox 719 2320 862 2378; x_wconf 87' lang='lat' dir='ltr'>Nonnihil</span> <span class='ocrx_word' id='word_1_191' title='bbox 886 2321 1032 2377; x_wconf 82' lang='lat' dir='ltr'>diversunt</span> <span class='ocrx_word' id='word_1_192' title='bbox 1058 2331 1111 2387; x_wconf 77' lang='lat' dir='ltr'>est,</span> <span class='ocrx_word' id='word_1_193' title='bbox 1135 2340 1198 2377; x_wconf 88' lang='lat' dir='ltr'>cum</span> <span class='ocrx_word' id='word_1_194' title='bbox 1222 2321 1258 2377; x_wconf 89' lang='lat' dir='ltr'>ad</span> 
     </span>
     <span class='ocr_line' id='line_1_21' title="bbox 182 2406 1260 2481; baseline 0.001 -20"><span class='ocrx_word' id='word_1_195' title='bbox 182 2407 262 2462; x_wconf 91' lang='lat' dir='ltr'>urbis</span> <span class='ocrx_word' id='word_1_196' title='bbox 280 2417 413 2479; x_wconf 75' lang='lat' dir='ltr'>tet-meve</span> <span class='ocrx_word' id='word_1_197' title='bbox 433 2425 537 2461; x_wconf 88' lang='lat' dir='ltr'>nomen</span> <span class='ocrx_word' id='word_1_198' title='bbox 557 2406 731 2479; x_wconf 85' lang='lat' dir='ltr'>pronomina</span> <span class='ocrx_word' id='word_1_199' title='bbox 749 2406 860 2462; x_wconf 90' lang='lat' dir='ltr'>incolas</span> <span class='ocrx_word' id='word_1_200' title='bbox 878 2406 1074 2481; x_wconf 82' lang='lat' dir='ltr'>significantia</span> <span class='ocrx_word' id='word_1_201' title='bbox 1092 2407 1260 2462; x_wconf 82' lang='lat' dir='ltr'>referuntur</span> 
     </span>
     <span class='ocr_line' id='line_1_22' title="bbox 180 2491 1257 2565; baseline 0.002 -18"><span class='ocrx_word' id='word_1_202' title='bbox 180 2492 375 2547; x_wconf 79' lang='lat' dir='ltr'>audiuntur-ve</span> <span class='ocrx_word' id='word_1_203' title='bbox 393 2495 458 2565; x_wconf 86' lang='lat' dir='ltr'>(pro</span> <span class='ocrx_word' id='word_1_204' title='bbox 478 2491 572 2547; x_wconf 89' lang='lat' dir='ltr'>Balbo</span> <span class='ocrx_word' id='word_1_205' title='bbox 588 2491 640 2546; x_wconf 76' lang='lat'>12:</span> <span class='ocrx_word' id='word_1_206' title='bbox 661 2492 772 2547; x_wconf 76' lang='lat' dir='ltr'>Athama</span> <span class='ocrx_word' id='word_1_207' title='bbox 788 2524 821 2532; x_wconf 89' lang='lat'><em>-</em></span> <span class='ocrx_word' id='word_1_208' title='bbox 837 2511 894 2551; x_wconf 81' lang='lat' dir='ltr'>eos:</span> <span class='ocrx_word' id='word_1_209' title='bbox 919 2491 1012 2548; x_wconf 89' lang='lat' dir='ltr'>Gron.</span> <span class='ocrx_word' id='word_1_210' title='bbox 1036 2492 1072 2548; x_wconf 90' lang='lat' dir='ltr'>ad</span> <span class='ocrx_word' id='word_1_211' title='bbox 1091 2493 1154 2548; x_wconf 85' lang='lat' dir='ltr'>Liv.</span> <span class='ocrx_word' id='word_1_212' title='bbox 1170 2492 1257 2561; x_wconf 83' lang='lat' dir='ltr'>VIII,</span> 
     </span>
     <span class='ocr_line' id='line_1_23' title="bbox 185 2575 1258 2648; baseline 0.002 -16"><span class='ocrx_word' id='word_1_213' title='bbox 185 2581 231 2639; x_wconf 92' lang='grc'>11,</span> <span class='ocrx_word' id='word_1_214' title='bbox 261 2577 305 2631; x_wconf 74' lang='lat'>12.</span> <span class='ocrx_word' id='word_1_215' title='bbox 329 2577 386 2643; x_wconf 75' lang='lat' dir='ltr'>lx,</span> <span class='ocrx_word' id='word_1_216' title='bbox 411 2580 460 2632; x_wconf 91' lang='grc'>41.</span> <span class='ocrx_word' id='word_1_217' title='bbox 486 2576 512 2633; x_wconf 89' lang='lat'>3.</span> <span class='ocrx_word' id='word_1_218' title='bbox 538 2575 629 2634; x_wconf 88' lang='lat' dir='ltr'>Drak.</span> <span class='ocrx_word' id='word_1_219' title='bbox 654 2576 690 2632; x_wconf 90' lang='lat' dir='ltr'>ad</span> <span class='ocrx_word' id='word_1_220' title='bbox 714 2577 898 2634; x_wconf 87' lang='lat' dir='ltr'>XXXVIII.</span> <span class='ocrx_word' id='word_1_221' title='bbox 924 2578 972 2644; x_wconf 73' lang='lat'>29,</span> <span class='ocrx_word' id='word_1_222' title='bbox 998 2579 1042 2648; x_wconf 87' lang='grc'>9).</span> <span class='ocrx_word' id='word_1_223' title='bbox 1067 2587 1119 2632; x_wconf 78' lang='lat' dir='ltr'>atat</span> <span class='ocrx_word' id='word_1_224' title='bbox 1139 2577 1258 2634; x_wconf 91' lang='lat' dir='ltr'>omnino</span> 
     </span>
     <span class='ocr_line' id='line_1_24' title="bbox 182 2661 1258 2736; baseline 0.001 -19"><span class='ocrx_word' id='word_1_225' title='bbox 182 2681 218 2717; x_wconf 86' lang='lat' dir='ltr'>ox</span> <span class='ocrx_word' id='word_1_226' title='bbox 248 2662 336 2717; x_wconf 88' lang='lat' dir='ltr'>totius</span> <span class='ocrx_word' id='word_1_227' title='bbox 365 2663 482 2716; x_wconf 91' lang='lat' dir='ltr'>nomine</span> <span class='ocrx_word' id='word_1_228' title='bbox 512 2661 618 2736; x_wconf 86' lang='lat' dir='ltr'>singuli</span> <span class='ocrx_word' id='word_1_229' title='bbox 641 2661 853 2736; x_wconf 82' lang='lat' dir='ltr'>intelleguntur</span> <span class='ocrx_word' id='word_1_230' title='bbox 875 2662 983 2735; x_wconf 82' lang='lat' dir='ltr'>(Acad.</span> <span class='ocrx_word' id='word_1_231' title='bbox 1007 2662 1054 2719; x_wconf 87' lang='lat' dir='ltr'>II.</span> <span class='ocrx_word' id='word_1_232' title='bbox 1083 2662 1155 2719; x_wconf 85' lang='lat'>103:</span> <span class='ocrx_word' id='word_1_233' title='bbox 1185 2665 1258 2718; x_wconf 81' lang='lat' dir='ltr'>Aca·</span> 
     </span>
     <span class='ocr_line' id='line_1_25' title="bbox 182 2747 1257 2821; baseline 0.003 -20"><span class='ocrx_word' id='word_1_234' title='bbox 182 2749 283 2807; x_wconf 73' lang='lat' dir='ltr'>detnr&#39;a,</span> <span class='ocrx_word' id='word_1_235' title='bbox 314 2766 331 2800; x_wconf 85' lang='lat' dir='ltr'>a</span> <span class='ocrx_word' id='word_1_236' title='bbox 354 2747 475 2819; x_wconf 70' lang='lat' dir='ltr'>pridiae.)</span> <span class='ocrx_word' id='word_1_237' title='bbox 523 2747 676 2802; x_wconf 77' lang='lat' dir='ltr'>Carneadia</span> <span class='ocrx_word' id='word_1_238' title='bbox 700 2747 793 2803; x_wconf 86' lang='lat' dir='ltr'>Gzius</span> <span class='ocrx_word' id='word_1_239' title='bbox 816 2766 853 2802; x_wconf 88' lang='lat' dir='ltr'>ex</span> <span class='ocrx_word' id='word_1_240' title='bbox 877 2747 954 2813; x_wconf 71' lang='lat' dir='ltr'>Eri,</span> <span class='ocrx_word' id='word_1_241' title='bbox 980 2748 1075 2821; x_wconf 70' lang='lat' dir='ltr'>Spin,</span> <span class='ocrx_word' id='word_1_242' title='bbox 1101 2748 1181 2809; x_wconf 80' lang='lat' dir='ltr'>Bas,</span> <span class='ocrx_word' id='word_1_243' title='bbox 1210 2747 1257 2805; x_wconf 88' lang='lat' dir='ltr'>ed.</span> 
     </span>
     <span class='ocr_line' id='line_1_26' title="bbox 182 2829 1259 2900; baseline 0 -12"><span class='ocrx_word' id='word_1_244' title='bbox 182 2831 277 2898; x_wconf 83' lang='lat' dir='ltr'>Crat.;</span> <span class='ocrx_word' id='word_1_245' title='bbox 301 2829 352 2886; x_wconf 85' lang='lat' dir='ltr'>cfr.</span> <span class='ocrx_word' id='word_1_246' title='bbox 378 2832 459 2899; x_wconf 74' lang='lat' dir='ltr'>§aa</span> <span class='ocrx_word' id='word_1_247' title='bbox 496 2831 550 2898; x_wconf 82' lang='lat' dir='ltr'>lv,</span> <span class='ocrx_word' id='word_1_248' title='bbox 575 2832 613 2887; x_wconf 87' lang='grc'>49</span> <span class='ocrx_word' id='word_1_249' title='bbox 638 2831 712 2887; x_wconf 92' lang='lat' dir='ltr'>codd</span> <span class='ocrx_word' id='word_1_250' title='bbox 748 2831 871 2887; x_wconf 88' lang='lat' dir='ltr'>alterum</span> <span class='ocrx_word' id='word_1_251' title='bbox 897 2832 1032 2887; x_wconf 84' lang='lat' dir='ltr'>videntur</span> <span class='ocrx_word' id='word_1_252' title='bbox 1055 2851 1187 2896; x_wconf 77' lang='lat' dir='ltr'>servare:</span> <span class='ocrx_word' id='word_1_253' title='bbox 1216 2832 1259 2900; x_wconf 89' lang='grc' dir='ltr'>ΙΙ,</span> 
     </span>
     <span class='ocr_line' id='line_1_27' title="bbox 184 2915 1258 2991; baseline 0.002 -20"><span class='ocrx_word' id='word_1_254' title='bbox 184 2917 222 2971; x_wconf 71' lang='grc'>42</span> <span class='ocrx_word' id='word_1_255' title='bbox 247 2915 327 2973; x_wconf 83' lang='lat' dir='ltr'>Crat.</span> <span class='ocrx_word' id='word_1_256' title='bbox 353 2927 382 2971; x_wconf 91' lang='lat' dir='ltr'>et</span> <span class='ocrx_word' id='word_1_257' title='bbox 404 2916 482 2971; x_wconf 90' lang='lat' dir='ltr'>Vict.</span> <span class='ocrx_word' id='word_1_258' title='bbox 515 2917 704 2972; x_wconf 73' lang='lat' dir='ltr'>(irriteadium.</span> <span class='ocrx_word' id='word_1_259' title='bbox 751 2916 855 2972; x_wconf 85' lang='lat' dir='ltr'>Editur</span> <span class='ocrx_word' id='word_1_260' title='bbox 882 2917 958 2991; x_wconf 88' lang='lat' dir='ltr'>apud</span> <span class='ocrx_word' id='word_1_261' title='bbox 983 2916 1155 2974; x_wconf 70' lang='lat' dir='ltr'>Ciceronem</span> <span class='ocrx_word' id='word_1_262' title='bbox 1185 2918 1258 2973; x_wconf 76' lang='lat' dir='ltr'>Tlo-</span> 
     </span>
     <span class='ocr_line' id='line_1_28' title="bbox 181 2998 1256 3082; baseline 0.002 -26"><span class='ocrx_word' id='word_1_263' title='bbox 181 3003 305 3074; x_wconf 73' lang='lat' dir='ltr'>cydidiac</span> <span class='ocrx_word' id='word_1_264' title='bbox 317 3001 395 3071; x_wconf 87' lang='lat' dir='ltr'>(bis).</span> <span class='ocrx_word' id='word_1_265' title='bbox 409 3002 458 3056; x_wconf 83' lang='lat' dir='ltr'>sed</span> <span class='ocrx_word' id='word_1_266' title='bbox 474 3002 660 3074; x_wconf 67' lang='lat' dir='ltr'>Pherecydeum</span> <span class='ocrx_word' id='word_1_267' title='bbox 669 3001 791 3073; x_wconf 81' lang='lat' dir='ltr'>(scrrtel).</span> <span class='ocrx_word' id='word_1_268' title='bbox 806 3004 976 3058; x_wconf 70' lang='lat' dir='ltr'>Aristotelicas</span> <span class='ocrx_word' id='word_1_269' title='bbox 988 3011 1017 3057; x_wconf 89' lang='lat' dir='ltr'>et</span> <span class='ocrx_word' id='word_1_270' title='bbox 1029 2998 1145 3082; x_wconf 89' lang='lat' dir='ltr'>[antea]</span> <span class='ocrx_word' id='word_1_271' title='bbox 1157 3003 1256 3058; x_wconf 84' lang='lat' dir='ltr'>Demo·</span> 
     </span>
     <span class='ocr_line' id='line_1_29' title="bbox 181 3086 1258 3161; baseline 0.002 -20"><span class='ocrx_word' id='word_1_272' title='bbox 181 3091 289 3142; x_wconf 69' lang='grc'>01111111.</span> <span class='ocrx_word' id='word_1_273' title='bbox 314 3086 364 3140; x_wconf 76' lang='lat' dir='ltr'>sed</span> <span class='ocrx_word' id='word_1_274' title='bbox 388 3087 554 3160; x_wconf 80' lang='lat' dir='ltr'>Epicureus.</span> <span class='ocrx_word' id='word_1_275' title='bbox 579 3089 759 3161; x_wconf 71' lang='lat' dir='ltr'>Aristippeaa.</span> <span class='ocrx_word' id='word_1_276' title='bbox 804 3086 837 3142; x_wconf 92' lang='lat' dir='ltr'>In</span> <span class='ocrx_word' id='word_1_277' title='bbox 862 3087 974 3142; x_wconf 88' lang='lat' dir='ltr'>incerta</span> <span class='ocrx_word' id='word_1_278' title='bbox 996 3107 1027 3142; x_wconf 91' lang='lat' dir='ltr'>re</span> <span class='ocrx_word' id='word_1_279' title='bbox 1052 3087 1187 3144; x_wconf 90' lang='lat' dir='ltr'>meliores</span> <span class='ocrx_word' id='word_1_280' title='bbox 1209 3105 1258 3143; x_wconf 93' lang='lat' dir='ltr'>co·</span> 
     </span>
     <span class='ocr_line' id='line_1_30' title="bbox 182 3171 1259 3246; baseline 0.001 -19"><span class='ocrx_word' id='word_1_281' title='bbox 182 3172 260 3228; x_wconf 83' lang='lat' dir='ltr'>dices</span> <span class='ocrx_word' id='word_1_282' title='bbox 283 3189 404 3244; x_wconf 66' lang='lat' dir='ltr'>aequom</span> <span class='ocrx_word' id='word_1_283' title='bbox 434 3171 486 3227; x_wconf 82' lang='lat' dir='ltr'>cfr.</span> <span class='ocrx_word' id='word_1_284' title='bbox 510 3172 546 3227; x_wconf 88' lang='lat' dir='ltr'>ad</span> <span class='ocrx_word' id='word_1_285' title='bbox 572 3174 620 3227; x_wconf 76' lang='lat'>54.</span> <span class='ocrx_word' id='word_1_286' title='bbox 667 3172 760 3228; x_wconf 88' lang='lat' dir='ltr'>Paulo</span> <span class='ocrx_word' id='word_1_287' title='bbox 784 3182 849 3246; x_wconf 75' lang='lat' dir='ltr'>post</span> <span class='ocrx_word' id='word_1_288' title='bbox 872 3173 962 3228; x_wconf 80' lang='lat' dir='ltr'>adhuc</span> <span class='ocrx_word' id='word_1_289' title='bbox 985 3183 1030 3228; x_wconf 84' lang='lat' dir='ltr'>est</span> <span class='ocrx_word' id='word_1_290' title='bbox 1057 3174 1096 3228; x_wconf 89' lang='lat' dir='ltr'>ud</span> <span class='ocrx_word' id='word_1_291' title='bbox 1117 3175 1152 3228; x_wconf 83' lang='lat' dir='ltr'>id</span> <span class='ocrx_word' id='word_1_292' title='bbox 1173 3192 1259 3246; x_wconf 82' lang='lat' dir='ltr'>usque</span> 
     </span>
     <span class='ocr_line' id='line_1_31' title="bbox 181 3256 1258 3331; baseline 0.001 -18"><span class='ocrx_word' id='word_1_293' title='bbox 181 3269 283 3331; x_wconf 77' lang='lat' dir='ltr'>tempas</span> <span class='ocrx_word' id='word_1_294' title='bbox 305 3256 505 3329; x_wconf 74' lang='lat' dir='ltr'>(Carneadia).</span> <span class='ocrx_word' id='word_1_295' title='bbox 530 3276 586 3312; x_wconf 92' lang='lat' dir='ltr'>non</span> <span class='ocrx_word' id='word_1_296' title='bbox 609 3259 648 3313; x_wconf 90' lang='lat' dir='ltr'>ad</span> <span class='ocrx_word' id='word_1_297' title='bbox 670 3258 732 3324; x_wconf 84' lang='grc'>1100,</span> <span class='ocrx_word' id='word_1_298' title='bbox 761 3257 910 3313; x_wconf 87' lang='lat' dir='ltr'>rarissimo</span> <span class='ocrx_word' id='word_1_299' title='bbox 933 3257 1009 3330; x_wconf 86' lang='lat' dir='ltr'>apud</span> <span class='ocrx_word' id='word_1_300' title='bbox 1033 3256 1204 3315; x_wconf 83' lang='lat' dir='ltr'>Ciceronem</span> <span class='ocrx_word' id='word_1_301' title='bbox 1229 3267 1258 3314; x_wconf 90' lang='lat' dir='ltr'>et</span> 
     </span>
     <span class='ocr_line' id='line_1_32' title="bbox 180 3342 1258 3416; baseline 0 -17"><span class='ocrx_word' id='word_1_302' title='bbox 180 3342 361 3416; x_wconf 86' lang='lat' dir='ltr'>antiquiores</span> <span class='ocrx_word' id='word_1_303' title='bbox 385 3343 530 3416; x_wconf 83' lang='lat' dir='ltr'>exemplo.</span> <span class='ocrx_word' id='word_1_304' title='bbox 576 3343 698 3398; x_wconf 89' lang='lat' dir='ltr'>Praeter</span> <span class='ocrx_word' id='word_1_305' title='bbox 721 3343 797 3397; x_wconf 75' lang='lat' dir='ltr'>latina</span> <span class='ocrx_word' id='word_1_306' title='bbox 820 3351 917 3398; x_wconf 90' lang='lat' dir='ltr'>tamen</span> <span class='ocrx_word' id='word_1_307' title='bbox 941 3342 1047 3412; x_wconf 80' lang='lat' dir='ltr'>locum,</span> <span class='ocrx_word' id='word_1_308' title='bbox 1070 3361 1156 3416; x_wconf 89' lang='lat' dir='ltr'>quern</span> <span class='ocrx_word' id='word_1_309' title='bbox 1181 3345 1258 3399; x_wconf 88' lang='lat' dir='ltr'>Mat-</span> 
     </span>
     <span class='ocr_line' id='line_1_33' title="bbox 181 3427 1258 3512; baseline 0.001 -29"><span class='ocrx_word' id='word_1_310' title='bbox 181 3429 295 3483; x_wconf 87' lang='lat' dir='ltr'>thiaeus</span> <span class='ocrx_word' id='word_1_311' title='bbox 307 3427 344 3482; x_wconf 92' lang='lat' dir='ltr'>ad</span> <span class='ocrx_word' id='word_1_312' title='bbox 357 3439 429 3483; x_wconf 85' lang='lat' dir='ltr'>orat.</span> <span class='ocrx_word' id='word_1_313' title='bbox 446 3447 498 3502; x_wconf 88' lang='lat' dir='ltr'>pro</span> <span class='ocrx_word' id='word_1_314' title='bbox 512 3428 609 3502; x_wconf 79' lang='lat' dir='ltr'>Liger.</span> <span class='ocrx_word' id='word_1_315' title='bbox 623 3428 640 3482; x_wconf 79' lang='lat'><strong>2</strong></span> <span class='ocrx_word' id='word_1_316' title='bbox 655 3446 742 3483; x_wconf 81' lang='lat' dir='ltr'>tinum</span> <span class='ocrx_word' id='word_1_317' title='bbox 755 3428 832 3502; x_wconf 85' lang='lat' dir='ltr'>apud</span> <span class='ocrx_word' id='word_1_318' title='bbox 845 3427 1016 3486; x_wconf 84' lang='lat' dir='ltr'>Ciceronem</span> <span class='ocrx_word' id='word_1_319' title='bbox 1029 3428 1151 3512; x_wconf 85' lang='lat' dir='ltr'>reperiri</span> <span class='ocrx_word' id='word_1_320' title='bbox 1165 3439 1258 3502; x_wconf 73' lang='lat' dir='ltr'>putat,</span> 
     </span>
     <span class='ocr_line' id='line_1_34' title="bbox 132 3511 1257 3587; baseline 0.001 -19"><span class='ocrx_word' id='word_1_321' title='bbox 132 3532 134 3536; x_wconf 37' lang='lat'>⁸</span> <span class='ocrx_word' id='word_1_322' title='bbox 180 3513 316 3568; x_wconf 89' lang='lat' dir='ltr'>similiter</span> <span class='ocrx_word' id='word_1_323' title='bbox 328 3513 342 3569; x_wconf 96' lang='lat' dir='ltr'>I</span> <span class='ocrx_word' id='word_1_324' title='bbox 355 3513 390 3567; x_wconf 90' lang='lat' dir='ltr'>de</span> <span class='ocrx_word' id='word_1_325' title='bbox 403 3511 486 3569; x_wconf 88' lang='lat' dir='ltr'>Orat.</span> <span class='ocrx_word' id='word_1_326' title='bbox 496 3514 534 3568; x_wconf 90' lang='grc'>94</span> <span class='ocrx_word' id='word_1_327' title='bbox 548 3512 697 3569; x_wconf 82' lang='lat' dir='ltr'>Antonius</span> <span class='ocrx_word' id='word_1_328' title='bbox 714 3512 838 3586; x_wconf 89' lang='lat' dir='ltr'>loquens</span> <span class='ocrx_word' id='word_1_329' title='bbox 856 3513 1018 3570; x_wconf 88' lang='lat' dir='ltr'>inducitur:</span> <span class='ocrx_word' id='word_1_330' title='bbox 1037 3513 1142 3587; x_wconf 69' lang='lat' dir='ltr'>Scdpai</span> <span class='ocrx_word' id='word_1_331' title='bbox 1151 3513 1257 3587; x_wconf 84' lang='lat' dir='ltr'>(olim),</span> 
     </span>
     <span class='ocr_line' id='line_1_35' title="bbox 180 3596 1257 3678; baseline 0.001 -25"><span class='ocrx_word' id='word_1_332' title='bbox 180 3601 294 3654; x_wconf 74' lang='lat' dir='ltr'>disertos</span> <span class='ocrx_word' id='word_1_333' title='bbox 324 3618 363 3652; x_wconf 84' lang='lat' dir='ltr'>me</span> <span class='ocrx_word' id='word_1_334' title='bbox 390 3617 513 3668; x_wconf 71' lang='lat' dir='ltr'>coquos-sc</span> <span class='ocrx_word' id='word_1_335' title='bbox 541 3601 693 3665; x_wconf 74' lang='lat' dir='ltr'>aotitrullos,</span> <span class='ocrx_word' id='word_1_336' title='bbox 722 3601 882 3671; x_wconf 81' lang='lat' dir='ltr'>eloquentem</span> <span class='ocrx_word' id='word_1_337' title='bbox 905 3600 995 3655; x_wconf 75' lang='lat' dir='ltr'>acidiae</span> <span class='ocrx_word' id='word_1_338' title='bbox 1017 3602 1160 3666; x_wconf 70' lang='grc'>1101111011,</span> <span class='ocrx_word' id='word_1_339' title='bbox 1189 3596 1257 3678; x_wconf 82' lang='lat' dir='ltr'>[cfr.</span> 
     </span>
     <span class='ocr_line' id='line_1_36' title="bbox 181 3679 1259 3762; baseline 0.003 -24"><span class='ocrx_word' id='word_1_340' title='bbox 181 3683 238 3738; x_wconf 88' lang='lat' dir='ltr'>ibd.</span> <span class='ocrx_word' id='word_1_341' title='bbox 263 3684 320 3748; x_wconf 84' lang='grc'>111,</span> <span class='ocrx_word' id='word_1_342' title='bbox 346 3686 395 3741; x_wconf 78' lang='lat' dir='ltr'>ot.</span> <span class='ocrx_word' id='word_1_343' title='bbox 421 3685 504 3739; x_wconf 84' lang='lat' dir='ltr'>Verr.</span> <span class='ocrx_word' id='word_1_344' title='bbox 524 3679 657 3762; x_wconf 73' lang='lat' dir='ltr'><strong>1V,27].</strong></span> <span class='ocrx_word' id='word_1_345' title='bbox 704 3684 746 3742; x_wconf 92' lang='lat' dir='ltr'>Ut</span> <span class='ocrx_word' id='word_1_346' title='bbox 769 3683 808 3740; x_wconf 91' lang='lat' dir='ltr'>ibi</span> <span class='ocrx_word' id='word_1_347' title='bbox 833 3702 890 3739; x_wconf 77' lang='lat' dir='ltr'>vox</span> <span class='ocrx_word' id='word_1_348' title='bbox 914 3693 1029 3740; x_wconf 88' lang='lat' dir='ltr'>retenta</span> <span class='ocrx_word' id='word_1_349' title='bbox 1051 3694 1095 3739; x_wconf 88' lang='lat' dir='ltr'>est</span> <span class='ocrx_word' id='word_1_350' title='bbox 1118 3702 1155 3740; x_wconf 88' lang='lat' dir='ltr'>ex</span> <span class='ocrx_word' id='word_1_351' title='bbox 1178 3693 1259 3741; x_wconf 85' lang='lat' dir='ltr'>recta</span> 
     </span>
     <span class='ocr_line' id='line_1_37' title="bbox 181 3768 1258 3844; baseline 0.002 -21"><span class='ocrx_word' id='word_1_352' title='bbox 181 3771 313 3825; x_wconf 88' lang='lat' dir='ltr'>oratione</span> <span class='ocrx_word' id='word_1_353' title='bbox 338 3771 453 3840; x_wconf 75' lang='grc'>(01111110,</span> <span class='ocrx_word' id='word_1_354' title='bbox 484 3769 513 3824; x_wconf 91' lang='lat' dir='ltr'>id</span> <span class='ocrx_word' id='word_1_355' title='bbox 537 3778 594 3827; x_wconf 78' lang='lat' dir='ltr'>est.</span> <span class='ocrx_word' id='word_1_356' title='bbox 618 3769 655 3824; x_wconf 91' lang='lat' dir='ltr'>ad</span> <span class='ocrx_word' id='word_1_357' title='bbox 678 3768 732 3823; x_wconf 89' lang='lat' dir='ltr'>hoc</span> <span class='ocrx_word' id='word_1_358' title='bbox 756 3779 885 3844; x_wconf 72' lang='lat' dir='ltr'>tempus,</span> <span class='ocrx_word' id='word_1_359' title='bbox 909 3772 1017 3842; x_wconf 71' lang='lat' dir='ltr'>coqaoaa&#39;</span> <span class='ocrx_word' id='word_1_360' title='bbox 1038 3772 1191 3841; x_wconf 73' lang='lat' dir='ltr'>aetoliam),</span> <span class='ocrx_word' id='word_1_361' title='bbox 1214 3770 1258 3826; x_wconf 88' lang='lat' dir='ltr'>sic</span> 
     </span>
     <span class='ocr_line' id='line_1_38' title="bbox 180 3852 1257 3928; baseline 0.002 -19"><span class='ocrx_word' id='word_1_362' title='bbox 180 3854 227 3909; x_wconf 90' lang='lat' dir='ltr'>hic</span> <span class='ocrx_word' id='word_1_363' title='bbox 251 3854 392 3928; x_wconf 62' lang='lat' dir='ltr'>erogitatio</span> <span class='ocrx_word' id='word_1_364' title='bbox 415 3853 451 3908; x_wconf 93' lang='lat' dir='ltr'>ad</span> <span class='ocrx_word' id='word_1_365' title='bbox 475 3852 656 3911; x_wconf 78' lang='lat' dir='ltr'>Carneadem</span> <span class='ocrx_word' id='word_1_366' title='bbox 680 3854 773 3910; x_wconf 87' lang='lat' dir='ltr'>relata</span> <span class='ocrx_word' id='word_1_367' title='bbox 796 3873 859 3910; x_wconf 86' lang='lat' dir='ltr'>earn</span> <span class='ocrx_word' id='word_1_368' title='bbox 883 3854 1026 3911; x_wconf 84' lang='lat' dir='ltr'>obiecisse</span> <span class='ocrx_word' id='word_1_369' title='bbox 1050 3854 1177 3921; x_wconf 79' lang='lat' dir='ltr'>videtur,</span> <span class='ocrx_word' id='word_1_370' title='bbox 1206 3854 1257 3927; x_wconf 90' lang='lat' dir='ltr'>qui</span> 
     </span>
     <span class='ocr_line' id='line_1_39' title="bbox 180 3938 1257 4017; baseline 0.003 -24"><span class='ocrx_word' id='word_1_371' title='bbox 180 3938 311 4017; x_wconf 81' lang='lat' dir='ltr'>dictur-ns</span> <span class='ocrx_word' id='word_1_372' title='bbox 334 3950 411 3995; x_wconf 87' lang='lat' dir='ltr'>erat:</span> <span class='ocrx_word' id='word_1_373' title='bbox 440 3940 529 3995; x_wconf 78' lang='lat' dir='ltr'>adimo</span> <span class='ocrx_word' id='word_1_374' title='bbox 551 3939 600 4010; x_wconf 83' lang='lat' dir='ltr'>(ad</span> <span class='ocrx_word' id='word_1_375' title='bbox 624 3943 682 4008; x_wconf 78' lang='lat' dir='ltr'>me)</span> <span class='ocrx_word' id='word_1_376' title='bbox 705 3949 742 3995; x_wconf 82' lang='lat' dir='ltr'>tot</span> <span class='ocrx_word' id='word_1_377' title='bbox 757 3942 885 4012; x_wconf 79' lang='lat' dir='ltr'>fuerant,</span> <span class='ocrx_word' id='word_1_378' title='bbox 913 3950 946 3995; x_wconf 92' lang='lat' dir='ltr'>ut</span> <span class='ocrx_word' id='word_1_379' title='bbox 969 3959 1025 3995; x_wconf 91' lang='lat' dir='ltr'>non</span> <span class='ocrx_word' id='word_1_380' title='bbox 1049 3939 1189 3995; x_wconf 88' lang='lat' dir='ltr'>continuo</span> <span class='ocrx_word' id='word_1_381' title='bbox 1212 3957 1257 3996; x_wconf 88' lang='lat' dir='ltr'>se·</span> 
     </span>
     <span class='ocr_line' id='line_1_40' title="bbox 180 4024 1259 4100; baseline 0.003 -22"><span class='ocrx_word' id='word_1_382' title='bbox 180 4037 296 4097; x_wconf 77' lang='lat' dir='ltr'>quatur,</span> <span class='ocrx_word' id='word_1_383' title='bbox 321 4024 492 4082; x_wconf 71' lang='lat' dir='ltr'>Ciceronem</span> <span class='ocrx_word' id='word_1_384' title='bbox 517 4025 604 4080; x_wconf 90' lang='lat' dir='ltr'>etiam</span> <span class='ocrx_word' id='word_1_385' title='bbox 628 4024 684 4081; x_wconf 92' lang='lat' dir='ltr'>hoc</span> <span class='ocrx_word' id='word_1_386' title='bbox 707 4025 804 4080; x_wconf 84' lang='lat' dir='ltr'>dicere</span> <span class='ocrx_word' id='word_1_387' title='bbox 824 4025 969 4100; x_wconf 85' lang='lat' dir='ltr'>potuisse:</span> <span class='ocrx_word' id='word_1_388' title='bbox 998 4026 1046 4081; x_wconf 82' lang='lat' dir='ltr'>Tot</span> <span class='ocrx_word' id='word_1_389' title='bbox 1069 4026 1159 4081; x_wconf 86' lang='lat' dir='ltr'>adluc</span> <span class='ocrx_word' id='word_1_390' title='bbox 1180 4035 1259 4081; x_wconf 77' lang='lat' dir='ltr'>eram</span> 
     </span>
     <span class='ocr_line' id='line_1_41' title="bbox 180 4108 1257 4187; baseline 0 -20"><span class='ocrx_word' id='word_1_391' title='bbox 180 4109 354 4179; x_wconf 83' lang='lat' dir='ltr'>(Carneadis</span> <span class='ocrx_word' id='word_1_392' title='bbox 378 4113 531 4183; x_wconf 81' lang='lat' dir='ltr'>tempore).</span> <span class='ocrx_word' id='word_1_393' title='bbox 576 4108 694 4187; x_wconf 68' lang='lat' dir='ltr'>[Simile</span> <span class='ocrx_word' id='word_1_394' title='bbox 723 4109 835 4183; x_wconf 88' lang='lat' dir='ltr'>aliquid</span> <span class='ocrx_word' id='word_1_395' title='bbox 863 4109 1008 4167; x_wconf 86' lang='lat' dir='ltr'>interdum</span> <span class='ocrx_word' id='word_1_396' title='bbox 1038 4111 1067 4166; x_wconf 94' lang='lat' dir='ltr'>in</span> <span class='ocrx_word' id='word_1_397' title='bbox 1090 4109 1257 4182; x_wconf 87' lang='lat' dir='ltr'>adiectivis,</span> 
     </span>
     <span class='ocr_line' id='line_1_42' title="bbox 179 4195 1257 4269; baseline 0.002 -19"><span class='ocrx_word' id='word_1_398' title='bbox 179 4214 254 4269; x_wconf 88' lang='lat' dir='ltr'>quae</span> <span class='ocrx_word' id='word_1_399' title='bbox 278 4206 345 4251; x_wconf 90' lang='lat' dir='ltr'>sunt</span> <span class='ocrx_word' id='word_1_400' title='bbox 370 4196 522 4263; x_wconf 69' lang='lat' dir='ltr'>iorlieraae,</span> <span class='ocrx_word' id='word_1_401' title='bbox 547 4196 693 4259; x_wconf 74' lang='lat' dir='ltr'>hesternas,</span> <span class='ocrx_word' id='word_1_402' title='bbox 717 4198 865 4265; x_wconf 71' lang='lat' dir='ltr'>crastinae,</span> <span class='ocrx_word' id='word_1_403' title='bbox 889 4196 1037 4265; x_wconf 81' lang='lat' dir='ltr'>accidere,</span> <span class='ocrx_word' id='word_1_404' title='bbox 1060 4195 1112 4251; x_wconf 91' lang='lat' dir='ltr'>alii</span> <span class='ocrx_word' id='word_1_405' title='bbox 1134 4204 1257 4252; x_wconf 89' lang='lat' dir='ltr'>annota-</span> 
     </span>
     <span class='ocr_line' id='line_1_43' title="bbox 180 4279 1255 4357; baseline 0.002 -22"><span class='ocrx_word' id='word_1_406' title='bbox 180 4279 311 4357; x_wconf 77' lang='lat' dir='ltr'>verunt]</span> <span class='ocrx_word' id='word_1_407' title='bbox 357 4281 432 4336; x_wconf 90' lang='lat' dir='ltr'>Nam</span> <span class='ocrx_word' id='word_1_408' title='bbox 457 4299 530 4354; x_wconf 91' lang='lat' dir='ltr'>quos</span> <span class='ocrx_word' id='word_1_409' title='bbox 553 4280 634 4337; x_wconf 89' lang='lat' dir='ltr'>locos</span> <span class='ocrx_word' id='word_1_410' title='bbox 657 4280 792 4337; x_wconf 88' lang='lat' dir='ltr'>Handius</span> <span class='ocrx_word' id='word_1_411' title='bbox 815 4281 902 4338; x_wconf 85' lang='lat' dir='ltr'>Tura.</span> <span class='ocrx_word' id='word_1_412' title='bbox 927 4281 941 4338; x_wconf 91' lang='lat' dir='ltr'>l</span> <span class='ocrx_word' id='word_1_413' title='bbox 965 4301 993 4356; x_wconf 92' lang='lat' dir='ltr'>p.</span> <span class='ocrx_word' id='word_1_414' title='bbox 1012 4282 1070 4338; x_wconf 88' lang='lat'>160</span> <span class='ocrx_word' id='word_1_415' title='bbox 1093 4280 1202 4337; x_wconf 89' lang='lat' dir='ltr'>laudat.</span> <span class='ocrx_word' id='word_1_416' title='bbox 1225 4281 1255 4337; x_wconf 92' lang='lat' dir='ltr'>in</span> 
     </span>
     <span class='ocr_line' id='line_1_44' title="bbox 179 4366 1256 4442; baseline 0.002 -21"><span class='ocrx_word' id='word_1_417' title='bbox 179 4385 278 4423; x_wconf 88' lang='lat' dir='ltr'>eorum</span> <span class='ocrx_word' id='word_1_418' title='bbox 302 4367 406 4433; x_wconf 77' lang='lat' dir='ltr'>altero,</span> <span class='ocrx_word' id='word_1_419' title='bbox 430 4367 468 4422; x_wconf 88' lang='lat' dir='ltr'>ad</span> <span class='ocrx_word' id='word_1_420' title='bbox 491 4369 554 4423; x_wconf 82' lang='lat' dir='ltr'>Aa.</span> <span class='ocrx_word' id='word_1_421' title='bbox 578 4366 649 4430; x_wconf 79' lang='lat' dir='ltr'>vn,</span> <span class='ocrx_word' id='word_1_422' title='bbox 677 4369 724 4433; x_wconf 66' lang='lat'>1⁶2,</span> <span class='ocrx_word' id='word_1_423' title='bbox 752 4369 764 4421; x_wconf 93' lang='grc'>1</span> <span class='ocrx_word' id='word_1_424' title='bbox 790 4368 883 4436; x_wconf 82' lang='lat' dir='ltr'>(anam</span> <span class='ocrx_word' id='word_1_425' title='bbox 905 4367 995 4422; x_wconf 76' lang='lat' dir='ltr'>adlata·</span> <span class='ocrx_word' id='word_1_426' title='bbox 1017 4368 1159 4442; x_wconf 64' lang='lat' dir='ltr'>epistulam</span> <span class='ocrx_word' id='word_1_427' title='bbox 1180 4385 1256 4424; x_wconf 86' lang='lat' dir='ltr'>acce-</span> 
     </span>
     <span class='ocr_line' id='line_1_45' title="bbox 173 4451 1257 4527; baseline 0.002 -20"><span class='ocrx_word' id='word_1_428' title='bbox 173 4454 297 4526; x_wconf 78' lang='lat' dir='ltr'>peram),</span> <span class='ocrx_word' id='word_1_429' title='bbox 326 4451 645 4527; x_wconf 85' lang='lat' dir='ltr'>plusquamperfectum</span> <span class='ocrx_word' id='word_1_430' title='bbox 674 4451 794 4526; x_wconf 91' lang='lat' dir='ltr'>ponitur</span> <span class='ocrx_word' id='word_1_431' title='bbox 823 4470 902 4508; x_wconf 88' lang='lat' dir='ltr'>more</span> <span class='ocrx_word' id='word_1_432' title='bbox 930 4451 1138 4527; x_wconf 76' lang='lat' dir='ltr'>epistularum,</span> <span class='ocrx_word' id='word_1_433' title='bbox 1165 4452 1257 4509; x_wconf 74' lang='lat' dir='ltr'>addua</span> 
     </span>
    </p>
   </div>
   <div class='ocr_carea' id='block_1_5' title="bbox 0 0 1520 5086">
    <p class='ocr_par' dir='ltr' id='par_1_6' title="bbox 0 0 1520 5086">
     <span class='ocr_line' id='line_1_46' title="bbox 0 0 1520 5086; baseline 0 0"><span class='ocrx_word' id='word_1_434' title='bbox 0 0 1520 5086; x_wconf 95' lang='lat' dir='ltr'> </span> 
     </span>
    </p>
   </div>
  </div>
 </body>
</html>
