3030 5086
254 432 319 502 546
645 452 690 498 nu
712 450 843 500 unumne
865 432 961 499 nom'

256 621 312 687 sed
335 640 374 686 co
395 621 562 704 seiungunt
588 619 742 685 efinibus
764 627 797 685 et
817 638 938 685 summe
959 620 1126 700 bonorum3
1154 639 1235 703 quse
1257 638 1328 685 cum

254 732 460 806 praeponunt,
482 723 581 788 nteit
602 721 709 804 eliqua
730 740 835 787 rerum
857 722 992 801 selectio,
1014 731 1159 787 neturem
1182 723 1331 787 videntur

254 825 356 907 sequi;
384 842 454 889 cum
482 835 585 890 eutem
613 831 729 905 negent
755 843 794 889 eu
821 825 989 906 quidquam
1017 826 1058 889 ed
1085 825 1210 890 beatam
1232 825 1328 889 ritem

253 927 419 1009 pertinere,
440 943 551 990 rursus
573 932 719 991 usturam
739 927 925 1008 relinquunt
968 929 1019 991 44.
1041 928 1145 1008 Atque
1166 926 1269 991 adnuo
1290 944 1331 991 ee

213 1028 319 1100 odiri
339 1028 361 1110 †
383 1046 479 1094 censo
495 1028 679 1093 curZenoni
701 1046 762 1093 non
786 1027 904 1107 fuisset,
926 1028 1126 1111 quomobrem
1149 1028 1328 1109 esuperio·

252 1149 323 1195 rum
345 1129 530 1195 eucmritaoe
551 1129 739 1210 discederem
762 1150 843 1196 nunc
861 1131 980 1212 reliqua
997 1131 1169 1208 videamus,
1191 1129 1251 1195 nisi
1273 1139 1330 1194 eut

253 1233 296 1297 ed
322 1233 413 1312 hoec,
442 1230 533 1310 Ceto,
561 1232 663 1298 dicere
691 1233 807 1313 aliquid
835 1232 883 1297 vis
911 1241 966 1298 cut
994 1251 1051 1297 nos
1078 1234 1140 1297 iem
1168 1232 1330 1313 longiores

324 1439 345 1487 1,
368 1444 391 1485 et
413 1452 430 1485 e
452 1453 544 1486 mutuno
567 1435 701 1488 uPcROr.
755 1442 778 1486 2.
801 1445 935 1502 proponunt
957 1436 1072 1489 ELPOR
1125 1441 1147 1485 ³.
1172 1434 1281 1502 quitquid
1304 1436 1328 1485 Ε

254 1511 375 1623 ἓῶᾳιιῆ
384 1504 467 1554 iuri}
503 1510 527 1555 ι.
545 1520 596 1554 cum
614 1504 671 1570 (pro
688 1505 741 1572 orn)
757 1506 781 1556 Ε
798 1522 840 1555 eur
858 1506 902 1558 Or.
922 1505 976 1555 eine
993 1515 1054 1555 note
1073 1506 1156 1555 mendi
1193 1509 1216 1556 t.
1234 1503 1331 1570 olr'quid

253 1771 322 1839 post
344 1763 494 1822 Manutius
516 1763 609 1823 Gzius
632 1784 648 1821 e
671 1764 785 1824 Gonu
809 1775 839 1821 et
861 1765 943 1832 Bes.;
966 1773 1031 1821 eret
1048 1773 1211 1840 proponunt.
1244 1763 1328 1820 Idem

254 1866 337 1905 error
358 1849 649 1920 erat111,1oetou
673 1851 702 1907 in
725 1849 790 1924 ipso
813 1850 930 1906 nornine
950 1853 1174 1926 praepositorum.
1202 1846 1243 1926 [A
1261 1859 1330 1923 post

255 1943 281 1992 et
302 1933 412 1992 omittit
434 1935 521 1992 etiem
546 1933 597 2012 B.]

339 2020 390 2079 44.
419 2038 451 2077 ec
472 2022 533 2078 diui
553 2025 570 2095 †
592 2040 678 2078 consa
698 2038 748 2078 cur
769 2022 872 2077 Zenoni
897 2039 949 2076 non
964 2018 1079 2098 fuisset)
1101 2019 1200 2077 Aliter
1222 2018 1330 2078 Cicero

254 2104 381 2181 scripsit.
425 2106 558 2163 Primum
586 2124 636 2164 cur
662 2105 807 2182 porticulo
833 2106 994 2162 insolenter
1020 2104 1187 2180 pronomini
1214 2123 1246 2162 oo
1273 2122 1331 2179 pro

254 2190 380 2247 relativo
401 2190 558 2260 subicitur3
588 2200 620 2247 ut
648 2191 725 2248 enirn
754 2209 791 2248 ex
820 2208 869 2258 eo,
898 2191 976 2265 qnod
998 2191 1119 2247 dicitur:
1147 2192 1231 2247 mudu
1258 2191 1328 2258 ἀίει,

177 2318 179 2322 1
254 2277 424 2350 quamodrem
446 2296 497 2333 non
516 2288 617 2352 posset,
641 2295 698 2333 non
722 2276 870 2350 sequitur.
894 2284 927 2333 ut
948 2276 1037 2333 etiem
1060 2276 1115 2333 hoc
1137 2285 1249 2333 rectum
1272 2273 1329 2332 eit:

253 2363 324 2418 dicit
345 2379 385 2426 oo,
409 2363 592 2436 quomobrem,
621 2362 722 2418 eedem
750 2361 837 2419 huius
859 2362 941 2419 vocis
970 2362 1047 2418 ratio
1070 2370 1128 2430 eet,
1157 2372 1191 2419 ut
1216 2359 1330 2436 optime

254 2445 383 2503 diceturt
420 2457 577 2521 orpumenta
609 2449 708 2522 affero,
741 2465 791 2504 cur
824 2455 893 2517 cet,
926 2446 978 2504 vix
1011 2458 1109 2504 eutem
1143 2445 1329 2521 probandum

254 2530 404 2588 videntur:
432 2550 477 2597 eo,
500 2551 563 2604 cur,
591 2532 646 2590 hoc
669 2541 728 2595 est.
756 2551 802 2600 eu,
828 2543 939 2608 propter
960 2551 1038 2608 quoe.
1083 2529 1198 2610 [Ipsum
1222 2550 1254 2589 ec
1275 2529 1329 2587 vix

253 2616 344 2673 uilem
367 2617 472 2693 recipit
494 2636 532 2675 ex
554 2618 699 2675 brevitate
721 2617 954 2685 excusationem,
984 2617 1068 2692 quusi
1097 2617 1169 2674 heco
1196 2617 1235 2674 sit
1261 2634 1330 2674 sen·

253 2701 362 2760 tentis:
391 2721 424 2759 eo
445 2704 520 2774 dici,
548 2722 618 2777 quoe
639 2699 802 2782 ostendunt]
846 2703 885 2760 Et
912 2703 1060 2760 eoloecnm
1084 2712 1129 2760 est
1149 2705 1251 2776 fureret
1272 2718 1329 2776 pro

248 2789 350 2861 suerit,
378 2788 517 2862 quonium
540 2787 645 2847 Cicero
672 2788 703 2845 in
725 2789 816 2845 verbo
838 2789 899 2845 dici
924 2806 982 2845 non
1011 2788 1238 2864 disputationem
1267 2785 1330 2843 elio

254 2882 385 2947 ternpore
413 2891 431 2930 e
458 2891 490 2931 ee
512 2873 642 2930 habitum
665 2873 847 2931 demonstret
869 2892 978 2948 neque,
1009 2891 1067 2948 qno
1094 2873 1217 2931 consilio
1239 2889 1330 2947 supe·

167 2957 169 2961 ⁸
253 2957 333 3015 riore
355 2957 479 3029 dixerit,
503 2958 662 3034 significet,
686 2959 736 3015 eed
759 2959 837 3025 eine,
860 2977 946 3033 quem
970 2976 1048 3016 nunc
1069 2959 1165 3034 ipsum
1188 2956 1329 3026 obsolvit,

254 3042 462 3118 disputationis
489 3062 632 3101 summam
660 3043 782 3120 colligit.
826 3045 981 3102 Postremo
1004 3045 1092 3102 etiem
1116 3043 1194 3120 Spir.
1218 3039 1275 3122 [B]
1298 3049 1330 3099 et

254 3126 334 3186 Gnd.
359 3129 393 3199 2,
427 3128 457 3186 id
484 3137 543 3199 est,
579 3123 683 3186 melior
708 3128 822 3186 familie
849 3129 937 3186 habet
964 3149 1049 3187 cauea
1075 3148 1148 3199 cerm,
1182 3147 1240 3186 non
1268 3146 1329 3185 cur.

253 3211 407 3287 (Ordinem
441 3214 518 3271 hunc
551 3215 706 3271 vorborum
739 3233 823 3272 causa
855 3235 917 3282 cur,
956 3233 1014 3289 quo
1053 3215 1140 3291 poulo
1174 3213 1331 3271 molestius

253 3297 368 3374 pondus
395 3299 525 3356 incidere
553 3300 669 3357 videtur
695 3300 725 3356 in
752 3320 837 3358 causo
866 3300 1011 3358 divulsum
1040 3320 1059 3358 e
1081 3302 1196 3371 Zenoni,
1224 3314 1330 3356 omnes

254 3383 369 3441 codices
392 3382 515 3442 Gruteri
538 3394 568 3442 et
589 3384 879 3443 Goerenzii'hsbent
902 3395 930 3443 et
953 3396 1068 3444 veteres
1090 3385 1248 3454 editionee;
1277 3401 1331 3441 cur

253 3487 351 3538 causo,
374 3470 453 3544 quod
475 3481 543 3527 ente
566 3469 672 3530 Guium
696 3471 852 3537 edebatur,
874 3472 986 3546 primus
1008 3469 1171 3530 Asceneiue
1192 3489 1218 3527 e.
1245 3469 1326 3527 1511

254 3554 387 3629 posuisse
415 3555 553 3631 videtur.)
596 3553 690 3633 [Hinc
717 3556 786 3614 olim
817 3554 985 3614 effeceram:
1018 3575 1129 3614 caueam
1151 3557 1255 3614 Zenoni
1274 3573 1330 3612 non

247 3643 353 3714 Jue‘eee,
377 3640 455 3715 quod
479 3641 615 3698 Beitems
637 3650 755 3699 secutus
776 3652 830 3700 eet.
876 3642 935 3702 Sed
957 3642 1134 3716 relinquitur
1156 3639 1330 3698 molestissi-

254 3743 332 3781 mum
366 3724 439 3782 iilud
466 3746 506 3784 eo.
553 3726 746 3785 scribendum
775 3727 905 3785 videtur:
938 3728 1027 3803 Atque
1053 3727 1144 3784 adduc
1176 3746 1234 3783 eum
1266 3727 1332 3783 dixi

253 3829 363 3867 caueam
386 3811 416 3883 (i.
439 3829 480 3880 e.,
511 3830 575 3869 eem
599 3830 716 3869 censeor
740 3813 796 3889 egi,
819 3813 861 3870 sic
884 3813 1042 3889 disputavi,
1066 3822 1098 3870 nt
1120 3812 1331 3884 ostenderem),

254 3896 357 3952 Zenoni
376 3915 428 3953 non
444 3899 543 3970 fuisse,
566 3899 735 3972 quamobrem
761 3896 823 3975 -.]

339 3984 391 4038 nisi
416 3993 464 4039 aut
490 3984 530 4039 ad
551 3982 629 4056 daec)
651 3977 694 4050 Εξ
716 3987 768 4041 nist*
790 3994 818 4040 tu
839 3985 879 4041 ud
900 3985 978 4051 dcem
1008 3982 1101 4041 Gzius
1124 3981 1250 4039 mavult:
1274 3983 1332 4040 uisi

252 4077 300 4124 out
323 4076 365 4139 tu,
394 4076 427 4123 ut
455 4068 603 4125 contrarie
630 4069 689 4126 sint
716 4080 814 4126 cuttu
842 4078 872 4126 et
893 4080 941 4127 out
961 4089 1017 4126 noe.
1063 4070 1173 4125 Verum
1196 4087 1243 4125 noe
1266 4085 1328 4124 non

253 4170 307 4227 pro
335 4172 381 4226 eqo
408 4153 534 4227 positum
559 4162 619 4224 est,
649 4154 700 4211 sed
723 4154 827 4213 Cicero
855 4164 885 4212 et
912 4174 943 4212 se
971 4164 1000 4212 et
1022 4153 1164 4213 Catonem
1192 4170 1329 4229 compre·

252 4237 383 4295 hendens
417 4238 472 4295 hoc
500 4239 585 4296 dicit:
618 4249 670 4297 eut
701 4240 758 4297 nisi
792 4241 839 4297 hic
866 4250 966 4299 noster
997 4259 1094 4297 sermo
1123 4240 1180 4296 iem
1209 4238 1332 4315 longior

252 4320 348 4380 sectus
371 4332 424 4381 cst
470 4327 568 4398 Atque
595 4324 638 4382 ite
666 4324 785 4395 Cicero,
814 4344 879 4383 curn
907 4327 944 4383 de
972 4325 1180 4401 disputationis
1208 4333 1237 4382 ct
1265 4343 1331 4383 eer-

253 4408 348 4466 monis
370 4428 528 4486 progressu
549 4410 689 4484 loquitur,
712 4411 984 4470 communicationis
1001 4412 1095 4488 figure
1110 4411 1213 4481 utitur,
1234 4409 1329 4467 etiem
