3030 5086
270 485 333 552 392
661 504 706 550 nn
728 504 859 552 rmrnns
881 503 953 551 non.

270 672 384 752 animo,
407 690 499 754 quem
521 671 633 738 fortem
656 673 756 737 virum
779 672 924 751 dicimus,
952 671 1031 738 effici
1053 690 1162 754 posse,
1189 671 1250 737 nisi
1272 689 1349 737 con·

271 775 413 840 stitutum
436 774 486 852 sit,
509 791 570 839 non
593 760 664 840 esse
685 774 801 840 malum
823 774 984 839 dolorem?
1016 775 1060 840 Ut
1081 775 1171 852 enim,
1193 774 1246 856 qui
1262 791 1349 838 mor·

271 882 333 941 tem
355 876 386 939 in
408 875 498 941 malis
520 877 622 957 ponit,
651 896 711 942 non
734 884 839 958 potest
860 895 929 941 eam
952 894 1012 941 non
1034 876 1160 951 timere,
1189 876 1234 941 sic
1255 893 1350 941 nemo

270 978 335 1044 ulla
350 978 382 1042 in
398 996 433 1042 re
449 984 555 1058 potest
570 979 612 1058 id,
634 979 720 1059 quod
736 979 849 1044 malum
867 997 937 1044 esse
953 978 1135 1057 decreverit,
1157 996 1220 1042 non
1236 995 1351 1042 curare

232 1080 593 1162 clamantemque
612 1099 674 1162 quo
690 1081 793 1161 posito
811 1086 843 1145 et
859 1080 994 1144 omnium
1012 1098 1144 1145 assensu
1160 1080 1349 1160 approbato,

270 1180 346 1246 illud
373 1181 558 1262 assumitur,
592 1201 677 1262 eum,
710 1183 764 1263 qui
791 1200 905 1265 magno
933 1182 974 1246 sit
1006 1182 1109 1247 animo
1142 1186 1237 1262 atque
1263 1177 1351 1259 lorti,

271 1282 390 1362 omnia,
412 1302 493 1365 qnae
514 1285 626 1350 cadere
648 1284 680 1349 iu
703 1284 860 1348 hominem
881 1284 1016 1365 possint,
1047 1283 1208 1364 despicere
1229 1301 1267 1348 ac
1288 1300 1350 1364 pro

272 1385 366 1449 nihilo
388 1392 510 1465 putare.
555 1387 649 1465 Quae,
665 1403 734 1450 cum
756 1385 801 1450 ita
824 1386 901 1465 sint,
924 1385 1065 1450 effectum
1090 1393 1152 1464 est,
1181 1384 1256 1449 nihil
1278 1403 1351 1450 esse

271 1486 396 1564 malum,
418 1487 502 1568 quod
523 1492 616 1568 turpe
637 1506 699 1550 nou
723 1487 772 1551 sit.
816 1490 920 1569 Atque
941 1487 1000 1552 iste
1021 1488 1069 1551 vir
1090 1487 1173 1551 altus
1195 1493 1227 1551 et
1247 1486 1350 1552 encel-

215 1592 256 1657 10
272 1587 348 1667 lens,
365 1606 477 1668 magno
488 1589 602 1667 animo,
620 1607 693 1654 vere
704 1587 804 1668 fortis,
821 1587 903 1653 infra
914 1608 948 1654 se
960 1588 1064 1654 omnia
1075 1589 1212 1653 humana
1222 1590 1350 1669 ducens,

271 1689 308 1771 is,
329 1690 466 1771 inquam,
488 1709 579 1771 quem
603 1689 726 1755 efficere
747 1691 907 1771 volumus,
929 1710 1020 1772 quem
1043 1690 1237 1772 quaerimus,
1265 1697 1351 1756 certe

273 1799 304 1858 et
326 1789 482 1857 confidere
504 1792 563 1857 sibi
585 1793 678 1858 debet
699 1811 737 1857 ac
755 1811 833 1858 snae
849 1792 932 1857 vitae
949 1798 980 1857 et
996 1799 1086 1857 actae
1102 1802 1134 1856 et
1149 1791 1352 1874 consequenti

344 2003 367 2044 4.
385 1995 624 2046 decerneremus
659 2002 681 2048 5.
698 2013 821 2046 assensum
835 1996 982 2060 approbatP
1018 2001 1039 2045 6.
1062 1994 1143 2062 [atque
1158 1995 1352 2061 forti-mapsa

273 2064 352 2114 animo
370 2080 420 2118 em.
440 2063 474 2131 Α]
515 2068 538 2114 7.
557 2065 639 2115 eadem
654 2064 715 2184 &pro
733 2064 870 2123 cadweli)
905 2074 932 2113 at
950 2068 1006 2129 lpro
1025 2065 1102 2128 ac)E
1121 2073 1143 2113 et
1161 2064 1235 2114 ceteri
1272 2068 1294 2115 o.
1314 2063 1353 2114 uir

273 2131 370 2184 alterC
410 2137 446 2181 12.
466 2140 488 2182 et
505 2150 563 2182 suae
580 2134 650 2183 LPM
678 2134 744 2184 ROr.
763 2151 794 2183 ac
810 2134 889 2183 ruaE
924 2143 981 2198 apte
999 2135 1057 2198 (pro
1074 2133 1196 2196 actae)L

274 2342 398 2398 qnorum
422 2341 508 2381 nemo
530 2323 613 2393 vidit,
637 2323 715 2398 qnod
738 2324 873 2382 Bremius
896 2323 1019 2388 viderat,
1045 2328 1172 2381 nemiuem
1195 2322 1351 2380 dicendum

274 2408 380 2477 suisse;
414 2408 444 2465 id
471 2409 548 2465 enim
578 2410 794 2466 contendebant
822 2408 929 2479 Stoici,
958 2410 1014 2466 nisi
1043 2409 1234 2466 constitutum
1262 2416 1352 2477 esset,

276 2494 383 2550 malum
412 2512 470 2551 non
494 2512 558 2550 esse
581 2495 727 2563 dolorem,
756 2514 807 2550 uon
831 2514 912 2569 posse
939 2493 1017 2551 effici
1044 2492 1151 2551 fortem
1180 2493 1291 2563 virum;
1319 2492 1352 2550 hi

274 2579 402 2637 editores
425 2579 568 2636 inducunt
590 2596 640 2636 eos
662 2579 871 2636 contendentes
890 2598 971 2655 posse
993 2579 1085 2648 effici;
1113 2578 1230 2635 tametsi
1258 2597 1352 2654 quem·

275 2664 427 2739 quamdici
445 2664 473 2720 in
492 2664 546 2720 hnc
564 2664 759 2721 affirmatione
776 2682 834 2720 non
854 2673 959 2739 potest.
993 2666 1116 2721 Praesto
1135 2663 1206 2720 mihi
1224 2662 1352 2721 fortasse

275 2749 332 2806 erit
354 2749 470 2806 subtilis
493 2749 600 2823 aliquis
616 2750 832 2824 grammaticns,
856 2750 905 2825 qui
929 2759 1037 2816 narret,
1060 2767 1092 2806 se
1114 2750 1151 2805 ab
1169 2750 1352 2820 Hermanno,

276 2834 391 2902 Beiero,
416 2834 547 2904 Klotzio,
576 2834 643 2890 aliis
665 2834 817 2904 didicisse,
847 2838 991 2909 quiequam
1019 2853 1179 2910 pronomen
1202 2833 1239 2891 ad
1262 2852 1353 2909 nega·

275 2919 383 2977 tionem
408 2920 565 2987 inclinara;
594 2919 693 2992 itaque
715 2920 763 2976 hic
785 2938 946 2994 quanquam
968 2919 1099 2995 intellegi
1122 2922 1263 2990 naeinam,
1292 2936 1353 2994 quo

275 3005 400 3062 artificio
423 3023 517 3079 nuper
540 3004 658 3061 memini
677 3004 772 3061 vinnm
791 3005 910 3061 minime
932 3005 1127 3080 spernendum
1151 3005 1195 3061 uti
1218 3005 1254 3061 ad
1278 3003 1353 3061 illud

276 3090 409 3147 Terentii
432 3089 461 3146 in
485 3089 601 3146 Andria
623 3089 675 3162 (II.
696 3092 724 3158 6,
744 3090 774 3163 3)
797 3089 1064 3163 interpretandum:
1087 3091 1180 3165 Aeque
1202 3093 1354 3165 quidquam

276 3193 346 3232 rrrtnc
368 3176 484 3249 quidm.
531 3173 654 3245 (Sensus
677 3184 735 3231 est:
765 3176 810 3231 Er
837 3185 898 3248 sapt
925 3176 987 3232 cleu
1016 3195 1046 3232 so
1065 3185 1114 3249 qut
1136 3186 1218 3233 etwas
1239 3177 1282 3232 ala
1304 3177 1353 3244 du,

276 3262 325 3318 cler
347 3261 385 3316 clu
407 3260 493 3316 niclite
515 3264 611 3332 capet.)
656 3260 777 3316 Scilicet
799 3261 840 3316 ita
862 3260 999 3330 inclinat,
1030 3271 1062 3317 ut
1089 3280 1157 3335 queo
1178 3261 1215 3319 ad
1237 3279 1353 3336 nequeo3

276 3344 346 3421 quia
367 3344 534 3419 generalius
555 3344 683 3402 affirmat
706 3364 793 3419 qnam
816 3347 929 3420 aliquis,
960 3346 1053 3423 magis
1075 3365 1112 3402 ex
1135 3347 1260 3404 adverso
1282 3365 1354 3405 con·

277 3430 399 3487 trarium
423 3438 469 3486 est
484 3430 643 3505 negationi.
680 3431 738 3489 Sed
755 3430 828 3487 haec
846 3430 1004 3488 mittamus.
1040 3432 1185 3507 Apparet,
1207 3431 1354 3488 excidisse

277 3515 443 3590 negativam
479 3532 579 3570 nocem
613 3514 792 3572 simillimam
821 3516 886 3572 voci
920 3536 1094 3591 quemquam
1128 3534 1192 3572 eam
1226 3517 1354 3573 restitui.

276 3600 367 3657 Initio
390 3601 552 3656 sententiae
575 3619 632 3657 non
656 3611 735 3657 recte
757 3601 947 3677 iungelmtnr:
981 3601 1035 3670 qur·
1054 3604 1108 3658 ullo
1130 3603 1221 3668 niodo,
1244 3601 1273 3657 id
1298 3610 1353 3672 est,

277 3687 408 3760 quomodo
421 3716 459 3728 ·-
480 3686 534 3741 ullo
555 3687 646 3752 modo;
670 3685 790 3742 adhibui
813 3686 903 3762 igitur
920 3687 960 3743 ibi
975 3687 1089 3743 Davisii
1107 3686 1354 3755 emendationem,

276 3789 314 3827 ex
337 3788 397 3844 qna
418 3781 551 3845 apparet,
574 3771 650 3827 tunde
673 3779 768 3827 ortum
792 3771 830 3828 sit
852 3774 932 3830 ricello.
968 3773 1015 3846 (ln
1033 3773 1096 3829 cod.
1116 3773 1203 3840 Mor,
1226 3772 1249 3828 si
1274 3779 1355 3828 recte

278 3863 408 3913 notatum
433 3864 487 3922 est,
510 3865 588 3912 erut:
611 3859 705 3928 ueqare'
725 3861 804 3913 ettam
825 3859 918 3929 nullo.)

362 3938 520 4015 decreuerit)
544 3940 593 3999 Sic
616 3941 704 3998 etiam
729 3942 791 3997 Pal.
809 3944 834 4011 l,
858 3942 945 4017 Spir,
968 3942 1026 4001 Ox.
1045 3961 1076 4018 χ;
1098 3942 1227 4000 restituit
1250 3939 1354 3999 Gzius.

279 4026 351 4083 Mox
373 4044 406 4082 ac
424 4045 478 4101 pro
499 4028 580 4083 nihilo
603 4025 696 4084 Gaius
725 4045 740 4082 e
763 4027 857 4084 tribus
881 4029 942 4084 snis
965 4027 1066 4106 [AB],
1097 4037 1126 4084 et
1153 4036 1231 4085 recte
1260 4034 1354 4094 notat,

278 4112 307 4168 in
323 4110 384 4167 Erl.
407 4130 471 4168 esse
494 4121 531 4176 at,
554 4112 606 4168 sed
628 4112 710 4168 addit
732 4112 810 4168 inira
831 4132 865 4169 ae
887 4122 954 4170 ante
977 4134 1043 4170 serae
1063 4116 1133 4170 vitae
1154 4113 1184 4169 in
1207 4131 1266 4169 nno
1289 4130 1354 4184 esse

278 4195 357 4255 Gud.
384 4199 409 4251 l.
455 4196 566 4254 Saltem
590 4197 677 4253 etiam
701 4198 730 4254 in
757 4199 814 4255 Eri.
838 4196 904 4275 [B].

364 4300 441 4356 quem
459 4285 621 4356 quaerimus,
639 4283 720 4356 certe)
734 4284 884 4340 Manutius
896 4283 1002 4339 etalii:
1020 4303 1097 4358 quem
1109 4286 1264 4358 quaerimus
1274 4291 1354 4353 certe,

278 4377 303 4423 et
324 4376 380 4425 cet.
416 4366 474 4426 Sed
492 4385 549 4423 non
569 4367 663 4424 minus
681 4377 726 4424 est
742 4386 883 4441 quaerere
902 4386 989 4442 qnam
1014 4368 1130 4426 efficere
1148 4368 1234 4426 velle.
1271 4368 1356 4425 Posse

279 4453 344 4508 mali
365 4470 419 4526 pro
441 4454 507 4508 mali
523 4471 605 4527 posse
628 4451 720 4512 Gaius
743 4453 830 4510 etiam
854 4472 870 4509 e
894 4453 971 4528 Spir.
994 4451 1061 4531 [B]
