3030 5086
583 483 758 532 excussus
780 484 837 530 vu.
1185 466 1246 532 841

167 657 264 714 ethica
285 655 457 714 Aristotelis
480 653 585 714 Cicero
609 674 667 713 non
689 655 776 731 legit,
806 655 857 730 qni
885 655 1011 714 ethicam
1039 655 1246 731 philosophiae

168 752 282 818 partem
305 741 495 816 praecipuam
512 758 629 816 semper
644 741 796 808 iudicavit,
821 741 911 798 multo
931 741 1028 798 minus
1045 741 1245 817 metaphysica

168 836 218 884 aut
239 827 363 902 physica
384 834 435 883 ant
457 826 493 883 de
515 825 615 882 anima
636 825 710 882 deve
732 826 888 902 categoriis
908 826 1000 884 libros
1017 826 1123 903 attigit.
1158 824 1245 899 Quod

168 923 281 969 tantum
305 912 403 981 abest,
427 922 459 967 ut
482 910 665 968 mirationem
689 911 797 968 habere
821 911 941 981 debeat,
964 911 1103 969 admirari
1128 921 1245 987 oporte·

168 999 228 1067 bat,
251 998 277 1054 si
300 1006 404 1054 contra
425 1004 511 1053 esset.
545 996 623 1053 Nam
641 994 745 1055 Cicero
768 997 940 1053 adulescens
962 997 1005 1054 ita
1027 996 1246 1072 philosophiam
1267 1048 1272 1055 .

167 1083 365 1151 adamaverat,
388 1083 488 1156 itaque
510 1090 613 1157 postea
635 1099 700 1138 cum
723 1082 909 1156 eloquentiae
932 1082 1194 1139 exercitationibus
1214 1093 1245 1140 et

168 1167 293 1245 publicis
326 1167 452 1243 negotiis
485 1166 549 1224 eius
581 1166 709 1224 studium
737 1167 904 1233 coniunxit,
938 1178 973 1225 ut
1001 1167 1241 1242 praecipuarum,

169 1272 246 1329 quae
267 1263 328 1311 tum
352 1253 500 1329 vigebant,
523 1251 745 1328 disciplinarum
768 1253 934 1309 nniversam
957 1250 1083 1310 formam
1106 1272 1124 1309 a
1146 1253 1247 1311 docto·

168 1340 251 1396 ribus
284 1348 314 1396 et
342 1337 393 1407 iis,
427 1337 477 1412 qui
506 1337 579 1395 haec
606 1337 636 1393 in
665 1347 761 1394 certas
794 1337 853 1394 iam
881 1355 1010 1395 summas
1038 1337 1159 1395 redacta
1186 1357 1245 1396 non
1335 1401 1338 1407 ,

170 1424 270 1482 multis
292 1433 360 1480 ante
382 1422 528 1479 aetatibus
551 1431 759 1498 exposuerant,
784 1423 940 1496 acciperet,
963 1422 1148 1480 obscuriores
1170 1424 1246 1481 inte·

169 1509 323 1583 rioresque
356 1507 561 1583 philosophiae
594 1516 693 1584 partes
726 1526 783 1564 non
819 1508 976 1564 admodum
1010 1519 1246 1584 persequeretur,

169 1594 221 1652 sed
249 1594 377 1650 animum
405 1593 499 1650 aleret
525 1611 628 1650 eorum
656 1593 806 1650 hominum
830 1592 962 1668 scriptis,
991 1594 1041 1668 qui
1071 1612 1129 1650 non
1158 1594 1255 1652 nimis*
1293 1616 1299 1626 ¹

170 1689 283 1737 remoto
305 1688 437 1754 tempore
459 1687 510 1735 aut
532 1678 568 1734 de
592 1679 721 1735 moribus
743 1678 874 1754 graviter
896 1678 983 1735 simul
1005 1688 1035 1735 et
1053 1698 1110 1736 non
1128 1680 1248 1738 horride

170 1783 224 1822 neo
251 1763 409 1821 difficulter
436 1762 638 1839 scripsissent,
666 1772 698 1821 ut
727 1763 887 1821 Panaetius
917 1764 1166 1839 Posidoniusque,
1195 1775 1245 1823 ant

170 1850 334 1925 elegantem
363 1848 556 1906 eruditionem
581 1849 831 1924 multiplicemque
854 1868 950 1906 rerum
974 1849 1171 1926 cognitionem
1194 1851 1247 1907 ad·

170 1936 334 2011 iungerent,
358 1934 493 1990 Platonis
512 1952 630 2008 quoque
647 1935 789 1991 orationis
811 1935 898 2008 eopia
921 1943 949 1991 et
971 1935 1131 2012 imaginum
1157 1936 1246 1992 maie·

170 2029 246 2078 stata
273 2020 372 2095 potius
399 2019 593 2076 delectaretur
624 2038 711 2093 quam
741 2019 820 2094 ipsa,
855 2038 932 2093 quae
965 2021 1020 2078 sub
1048 2020 1084 2077 iis
1112 2020 1246 2078 involuta

170 2113 261 2170 esset,
285 2103 448 2162 subtilitate
471 2105 639 2176 notionum,
662 2105 840 2179 omninoque
863 2106 1039 2179 permultum
1063 2105 1092 2162 in
1117 2106 1245 2179 philoso-

170 2190 241 2266 phia
268 2189 453 2264 eloquentiae
481 2189 665 2262 tribueretl)
709 2190 757 2247 Ita
779 2187 914 2247 affectum
938 2191 1067 2248 animum
1091 2192 1245 2267 popularis

170 2275 341 2334 Aristotelis
358 2275 468 2349 scripta
485 2283 514 2330 et
530 2275 677 2332 rhetorica
693 2273 781 2332 facile
798 2275 976 2341 alliciebant,
995 2276 1143 2333 celebrata
1161 2295 1246 2352 prae·

170 2361 272 2419 sertim
293 2358 374 2417 fama
397 2359 444 2416 vel
467 2360 496 2416 in
518 2360 669 2417 rhetorum
692 2361 816 2429 scholis;
839 2361 1009 2418 alliciebant
1028 2361 1246 2420 similiaTheo-
1334 2392 1337 2399 ·

129 2518 137 2529 ·
170 2446 297 2523 phrasti3
331 2446 443 2519 (itaque
477 2446 527 2519 qni
556 2464 644 2502 unum
674 2446 845 2503 Aristotelis
873 2446 1001 2504 ethicum
1030 2447 1169 2521 scriptum
1204 2449 1247 2505 ita

172 2531 348 2601 nominavit,
371 2542 403 2587 ut
426 2531 456 2587 id
478 2531 516 2587 ab
529 2530 693 2589 Aristotele
715 2551 814 2587 errore
832 2531 1023 2601 abiudicaret,
1046 2532 1246 2606 Theophrasti

172 2618 208 2675 de
225 2618 312 2673 beata
328 2617 390 2674 vita
407 2616 513 2673 librum
531 2628 561 2672 et
578 2635 666 2691 saepe
685 2616 816 2692 appellat
833 2626 882 2673 aut
901 2617 1046 2693 significat
1057 2612 1085 2690 ²)
1103 2627 1131 2674 et
1149 2637 1185 2675 ex
1209 2637 1247 2677 eo

172 2703 262 2760 verba
284 2702 376 2777 ponit,
400 2701 512 2758 deFin.
525 2702 563 2772 V,
577 2703 644 2774 86);
668 2701 807 2758 laudabat
826 2710 982 2776 utrumque
1005 2703 1042 2760 ob
1065 2702 1115 2759 illa
1136 2704 1246 2779 scripta

171 2797 201 2844 et
222 2785 318 2843 famae
341 2787 520 2854 assentiens;
543 2787 593 2843 sed
617 2787 646 2843 in
670 2786 788 2843 horrida
806 2786 865 2851 illa,
889 2804 964 2860 quae
981 2789 1019 2844 ad
1036 2789 1129 2862 ipsam
1148 2789 1244 2864 philo·

171 2872 304 2947 sophiam
334 2872 455 2947 propius
483 2872 633 2928 accedenti
661 2872 775 2928 ostendi
800 2871 987 2941 videbantur,
1017 2873 1149 2942 dumeta,
1179 2893 1245 2931 ver·

172 2958 274 3014 borum
298 2967 328 3013 et
350 2957 500 3014 notionum
524 2955 698 3013 difficultate
720 2967 830 3031 saepta.
854 2957 882 3013 in
907 2976 982 3032 quae
1005 2976 1063 3016 non
1087 2958 1171 3014 multi
1194 2958 1247 3016 illo

171 3052 303 3118 tempore
328 3042 493 3117 philosophi
518 3042 762 3117 penetrabant,³)
786 3052 886 3099 orator
908 3053 937 3100 et
959 3052 1078 3100 senator
1096 3043 1246 3101 Romanus

171 3129 281 3186 intrare
304 3146 398 3202 neque
421 3127 548 3185 audebat
571 3146 666 3202 neque
688 3126 775 3184 facile
799 3132 960 3202 poterat.⁴)
996 3129 1109 3202 Itaque,
1133 3139 1165 3186 ut
1186 3130 1245 3187 iam

204 3399 224 3458 ¹)
245 3396 297 3448 Cir.
316 3397 355 3446 vel
378 3395 403 3443 in
427 3395 476 3444 hoo
498 3411 573 3460 opere
595 3397 637 3447 lib.
657 3395 704 3454 lV,
723 3401 738 3445 6
757 3406 782 3445 et
801 3400 813 3445 't
833 3405 857 3446 et
878 3401 921 3450 10,
946 3411 1061 3462 quaeque
1079 3399 1112 3446 ibi
1132 3399 1196 3456 dixi,
1219 3408 1244 3448 et

198 3534 221 3602 r)
240 3465 347 3590 giruli,
363 3536 390 3579 ta
409 3541 434 3611 et
452 3537 492 3588 85,
512 3533 615 3583 Tuscul.
635 3533 668 3590 V,
685 3537 719 3614 2⁴·
732 3537 807 3593 etth,
828 3534 909 3584 dead.
928 3534 949 3593 1,
969 3538 1077 3583 statut
1097 3544 1121 3583 st
1141 3534 1174 3592 ΙΙ,
1190 3539 1242 3586 134.

239 3600 291 3718 gg
305 3602 443 3717 prilnptptplpt
463 3600 500 3657 ll,
520 3605 547 3657 3,
568 3607 596 3659 8,
620 3602 662 3650 ubi
686 3602 764 3651 altum
787 3603 934 3666 popularem
959 3601 1127 3668 Theophrasti
1152 3603 1243 3652 librum

198 3740 221 3805 ³)
239 3736 302 3817 dam
323 3707 497 3817 philosophum,
525 3737 568 3799 qui
588 3737 705 3818 αὺιίρειὶιΙ
718 3738 863 3819 philosoplis
884 3749 981 3803 praem
1002 3739 1128 3789 admodum
1152 3756 1245 3804 paucos

195 3856 198 3864 ·
239 3806 581 3923 ¹⁹''tt'tttllhh
599 3805 786 3923 littam
799 3807 937 3925 {ltili
951 3817 1244 3926 ”themistii

238 3885 379 3992 iiussoetho
398 3942 560 4006 principibus.
603 3943 641 3991 lle
660 3943 777 3992 molestia
794 3913 1100 4009 mendomm’aeripturae
1124 3947 1149 3993 in
1174 3946 1245 3995 libris

237 4011 384 4060 Aristotelis
402 4011 476 4060 valde
493 4011 607 4075 queritur
625 4011 717 4061 Strabo
735 4011 812 4071 (Xlll
831 4027 855 4076 p.
866 4017 934 4074 609).

194 4079 219 4146 ⁴>
238 4079 570 4198 ⁸‘⁰¹¹'³l‘lttt⁰lltt
585 4080 750 4209 iilud
767 4079 1244 4212 tlt?lltsstdtffltttllttz

236 4165 386 4266 ier-itinera
405 4218 493 4266 laudat
512 4219 550 4280 (ut
564 4218 594 4265 de
608 4217 664 4267 Fin.
680 4217 701 4276 1,
716 4184 764 4278 ll),
783 4219 895 4267 studiose
913 4233 969 4268 eum
985 4218 1132 4267 Aristotelis
1149 4219 1243 4282 scripta

236 4286 327 4347 legisse
345 4286 453 4335 confluit.
490 4287 517 4335 si
536 4285 626 4336 Cicero
644 4292 696 4334 tam
715 4286 768 4344 illa,
787 4300 852 4349 quae
870 4287 1046 4351 philosophiae
1063 4288 1165 4351 propris
1184 4297 1244 4336 sunt

236 4364 262 4402 et
278 4353 488 4416 investigationis,
508 4355 646 4404 lectitasaet
662 4363 738 4418 quam
757 4356 899 4420 popularia,
919 4357 999 4416 aliter,
1018 4356 1117 4420 opinor,
1136 4358 1168 4405 de
1186 4371 1243 4406 ora·

237 4423 304 4471 tione
321 4422 470 4482 indicassem
488 4422 535 4472 nisi
554 4421 620 4473 forte
633 4422 761 4488 Koppium
780 4424 909 4487 sequimur
922 4425 1000 4488 (Mus,
1011 4423 1090 4476 auen.
1103 4425 1141 4474 ΙΙΙ
1157 4440 1180 4490 p.
1195 4429 1244 4474 loo
