3030 5086
279 476 345 541 230
672 489 718 535 ne
740 488 871 536 amusos
893 488 967 535 sos.

280 678 376 743 posse
402 679 433 723 se
459 659 602 723 viveret,
631 657 713 738 Quid
746 656 869 737 turpius
896 675 991 738 quam
1020 655 1171 738 sapientis
1198 655 1294 719 vitam
1324 671 1364 718 er

280 761 491 843 insipientium
519 779 663 825 sermone
689 759 849 839 pendere?
894 759 976 838 Quid
998 775 1073 841 ergo
1096 756 1245 822 hocloco
1267 755 1363 820 intel·

283 863 357 942 legit
378 862 563 926 honesturn?
607 862 698 926 (arte
720 860 805 938 nihil,
829 860 887 924 nisi
909 860 995 941 quod
1016 860 1118 940 possit
1138 859 1241 940 ipsum
1263 875 1364 939 prop·
1464 867 1467 872 '

283 973 331 1030 ter
352 983 387 1028 se
408 963 477 1028 iure
498 963 630 1027 laudari.
674 962 755 1026 Nam
778 963 805 1026 si
826 970 959 1045 propter
981 962 1186 1042 voluptatem,
1210 979 1290 1040 quae
1313 965 1364 1024 est

242 1067 343 1132 dista
363 1065 449 1144 laus,
472 1079 554 1146 quae
574 1065 678 1144 possit
699 1083 716 1129 e
738 1063 866 1128 macello
888 1064 974 1144 peti?
1018 1063 1089 1127 Non
1111 1063 1139 1127 is
1161 1063 1209 1125 vir
1231 1069 1293 1140 est,
1317 1067 1362 1139 ut,

282 1186 350 1233 cum
373 1168 568 1232 honestatem
590 1186 628 1230 eo
650 1167 718 1230 loco
739 1166 868 1237 habeat,
897 1174 931 1229 ut
959 1166 1026 1229 siue
1052 1184 1092 1229 ea
1112 1163 1247 1229 iucunde
1268 1167 1364 1243 neget

282 1289 378 1351 posse
400 1269 476 1346 vivi,
504 1268 579 1332 illud
601 1267 779 1345 honestum,
797 1269 894 1348 ,quod
910 1268 1075 1348 ,populare
1102 1265 1157 1344 sit,
1187 1266 1302 1330 sentiat
1329 1273 1363 1328 et

282 1373 350 1436 sine
372 1390 409 1435 eo
432 1379 525 1450 neget
547 1370 678 1433 iucunde
700 1369 760 1432 uiti
783 1387 892 1449 posse,
921 1378 976 1432 aut
1002 1368 1172 1449 quidquam
1195 1367 1281 1431 aliud
1303 1365 1362 1430 ho·

283 1482 405 1538 nestum
433 1471 606 1552 intellegat,
635 1471 693 1534 nisi
722 1472 805 1551 quod
829 1472 871 1534 sit
898 1478 1016 1534 rectum
1044 1471 1209 1550 ipsumque
1236 1485 1362 1549 perse,

224 1575 267 1640 10
283 1593 342 1638 sua
364 1573 403 1651 vi,
427 1592 486 1637 sua
508 1580 627 1652 sponte,
652 1591 710 1636 sna
732 1581 845 1635 natura
866 1572 1031 1636 laudabile.

369 1675 452 1739 XVI.
496 1675 547 1739 51.
592 1674 716 1754 ltaque,
751 1674 926 1753 Torquate,
960 1690 1029 1736 oum
1059 1672 1192 1751 dioeces,
1226 1671 1363 1735 clamare

282 1776 462 1857 Epicurum,
485 1795 545 1839 non
568 1794 662 1854 posse
682 1774 816 1839 iucunde
832 1774 903 1851 vivi,
926 1774 984 1837 nisi
1008 1775 1138 1839 honeste
1155 1781 1186 1838 et
1202 1773 1364 1854 sapienter

284 1885 316 1942 et
342 1878 422 1941 iuste
445 1878 615 1952 viveretur,
643 1883 677 1940 tu
705 1877 773 1956 ipse
800 1875 875 1939 mihi
902 1875 1030 1955 gloriari
1059 1876 1213 1940 videbare.
1257 1875 1366 1939 Tanta

284 1980 332 2043 vis
355 1979 456 2043 inerat
483 1978 513 2041 in
537 1978 640 2041 verbis
670 1985 800 2059 propter
823 1995 929 2040 earum
953 1995 1072 2055 rerum,
1103 1994 1184 2057 quae
1206 1973 1364 2058 significa·

226 2081 267 2146 lb
285 2081 398 2145 bantur
419 2078 469 2144 his
491 2078 604 2156 verbis
627 2079 822 2159 dignitatem,
846 2083 881 2141 ut
903 2077 996 2142 altior
1018 2076 1125 2157 fieres,
1147 2086 1183 2143 ut
1204 2078 1365 2165 interdurn

284 2183 461 2259 insistente,
484 2187 519 2244 ut
540 2199 597 2244 nos
620 2181 743 2246 intuens
767 2179 855 2260 quasi
879 2177 1098 2258 testificarere,
1119 2179 1241 2244 laudari
1264 2180 1364 2244 hone-

285 2291 397 2348 statem
421 2294 452 2347 et
472 2283 622 2346 iustitiam
645 2281 813 2362 aliquando
836 2280 876 2345 sb
898 2281 1043 2361 Epicuro.
1094 2283 1196 2360 Quam
1217 2289 1249 2346 te
1271 2282 1365 2345 dece-

285 2385 341 2450 bat
362 2385 400 2449 iis
422 2384 524 2449 verbis
547 2384 601 2460 uti,
624 2384 736 2463 quibus
759 2383 786 2447 si
808 2382 985 2464 philosophi
1008 2403 1070 2447 non
1093 2390 1270 2458 uterentur,
1292 2382 1365 2463 phi-

358 2526 378 2567 1.
395 2537 466 2582 posse
484 2519 665 2576 vivereomnos,
683 2536 753 2583 posse
771 2518 870 2568 vioiOr,
909 2525 923 2566 2
948 2518 1132 2582 pendemuss
1168 2524 1191 2569 4.
1211 2536 1278 2581 quem
1296 2517 1366 2567 estE

286 2594 308 2637 b.
331 2588 419 2652 petitur
439 2589 462 2636 E
503 2596 538 2635 eat
560 2589 621 2636 ath]
663 2592 684 2638 t.
703 2588 823 2635 honestum
843 2595 939 2650 propter
961 2587 1026 2650 quod
1039 2587 1157 2651 populare
1173 2587 1249 2635 sicr,
1285 2592 1308 2635 8.
1327 2585 1367 2634 ἔτι·

284 2655 360 2706 canda
378 2665 444 2720 nepot
463 2655 626 2704 Ll'MCllOr.
647 2655 753 2721 [iocunde
772 2653 804 2721 Α]
841 2672 912 2717 posse
930 2655 980 2703 oior'
995 2656 1070 2705 MCB
1106 2660 1128 2706 9,
1148 2655 1223 2718 ipsum
1242 2653 1305 2717 quod
1320 2671 1367 2719 per

285 2724 384 2774 PMCR
415 2732 512 2788 propter
528 2725 584 2772 aeL
624 2729 660 2772 10.
679 2742 726 2773 sua
743 2732 801 2780 nat,
819 2741 866 2772 aaa
882 2733 964 2788 sponte
980 2723 1044 2774 EOr.
1063 2741 1110 2772 aaa
1128 2732 1216 2773 natura
1233 2724 1265 2772 ait
1281 2731 1367 2785 sponte

285 2793 384 2843 PMCR
402 2809 421 2842 a.
441 2811 462 2840 a,
481 2808 516 2856 sp.
535 2792 606 2841 sith
664 2798 691 2840 13
724 2793 811 2840 lumE
869 2798 904 2841 Ιῦ.
930 2791 1054 2854 testificari
1076 2793 1098 2841 Ε
1124 2793 1254 2854 tastffiwre
1275 2789 1365 2859 [A¹]L

290 2864 327 2912 17,
346 2859 439 2910 deeset
459 2858 547 2927 [ΜΕ
589 2868 623 2912 itt,
643 2861 679 2909 la’s
700 2859 893 2927 [mundanos

286 3004 446 3058 quemquam
469 2983 586 3050 audire,
615 2983 693 3056 quod
718 2983 852 3039 Bremins
876 2983 1008 3047 volebat,
1040 2982 1183 3038 sermonis
1206 2983 1281 3038 ratio
1305 2999 1366 3038 non

286 3069 383 3125 minus
395 3078 485 3135 vetat,
503 3086 590 3141 quarn
604 3069 651 3140 (de
670 3086 728 3141 qno
743 3067 812 3124 olim
826 3067 882 3140 Op.
896 3068 991 3124 Acad.
1005 3068 1020 3124 Ι
1038 3087 1067 3141 p.
1082 3068 1121 3122 50
1139 3068 1176 3123 ad
1188 3068 1291 3125 Iuveo.
1305 3067 1366 3136 111,

288 3155 327 3211 93
341 3153 467 3228 scripsi),
485 3171 550 3208 cum
564 3153 605 3208 sic
620 3152 830 3227 interrogetur:
849 3154 893 3208 Aa
910 3155 1001 3208 brelion
1018 3160 1075 3208 esti
1090 3152 1192 3209 audire
1210 3155 1365 3228 qumquam.

286 3240 393 3312 Itaque
426 3247 477 3293 aut
510 3248 588 3309 nepot
610 3257 692 3312 posse
725 3258 778 3313 pro
812 3247 890 3310 nepot
913 3257 994 3312 posse
1021 3258 1049 3293 sa
1076 3238 1169 3312 accipi
1199 3237 1287 3294 debet
1313 3245 1367 3293 aut

287 3321 379 3404 [quod
403 3341 480 3379 nune
503 3341 567 3379 oum
588 3322 706 3378 Baitero
726 3319 797 3401 feci]
820 3343 848 3379 se
870 3323 948 3379 addi.
995 3322 1033 3378 Et
1055 3334 1152 3379 tamen
1175 3322 1281 3381 Cicero
1304 3335 1365 3379 tam

287 3427 376 3483 saepe
399 3408 520 3464 alteram
544 3406 668 3465 formam
687 3411 762 3480 (vive)
785 3419 904 3464 etanta
927 3418 957 3463 et
979 3417 1046 3482 post
1068 3408 1207 3477 servavit,
1230 3418 1263 3465 ut
1285 3406 1367 3465 credi

287 3494 340 3550 vix
363 3493 472 3568 possit,
501 3493 555 3550 hoc
583 3512 641 3550 uno
665 3493 729 3550 loeo
753 3511 817 3548 eum
842 3495 879 3548 ab
903 3511 938 3548 ea
960 3493 1139 3551 discessisse.
1186 3491 1276 3570 [Cum
1299 3493 1366 3550 uni·

287 3597 372 3634 verse
395 3577 512 3647 dieitur,
535 3578 623 3634 etiam
649 3579 793 3653 Epicurus
816 3578 1087 3652 comprehenditur,
1111 3588 1140 3635 et
1163 3578 1282 3635 omnino
1304 3579 1369 3636 vita

288 3663 375 3738 plene
403 3664 530 3720 iucunda
558 3664 587 3719 in
617 3664 680 3720 solo
703 3664 835 3737 sapiente
859 3661 948 3740 erat]
998 3664 1102 3737 Itaque
1131 3664 1283 3737 probabile
1310 3674 1366 3734 est,

288 3749 366 3822 quod
396 3759 462 3822 post
485 3749 660 3804 Larnbinunr
689 3760 719 3804 et
741 3748 797 3804 Th.
825 3749 988 3804 Bentleium
1019 3749 1069 3806 alii
1093 3749 1260 3817 ediderant,
1284 3768 1367 3824 posse

288 3837 350 3892 vivi.
396 3833 507 3889 Eodem
531 3852 630 3890 errore
654 3834 682 3889 in
707 3834 795 3889 'susc
818 3834 880 3902 III,
905 3835 943 3889 49
968 3834 1081 3908 aliquot
1104 3835 1219 3891 codices
1242 3835 1367 3891 habenta

289 3918 378 3992 Nepet
406 3920 546 3992 Epicurus
574 3921 688 3975 iucunde
711 3938 792 3994 posse
814 3923 913 3983 vicere,
942 3919 991 3975 ubi
1021 3920 1157 3977 meliores
1185 3928 1287 3977 tenant
1314 3922 1369 3976 vivi

288 4007 332 4076 (et
353 4004 524 4078 adiungitur
546 4006 598 4060 nisi
618 4024 678 4060 cnm
700 4008 796 4061 virtute
817 4007 977 4076 vivatur).

374 4093 514 4163 ipsumque
537 4123 574 4132 -
600 4109 651 4144 sna
673 4089 778 4164 sponte)
802 4089 852 4148 Sic
874 4091 962 4145 etiam
986 4089 1050 4146 Pal.
1078 4092 1090 4145 1
1122 4100 1151 4145 et
1174 4090 1251 4165 Spin.
1275 4090 1367 4162 (Vict.

288 4173 353 4230 cod.
382 4176 485 4229 saltem
513 4195 564 4231 aua
591 4177 710 4249 sponte);
739 4175 868 4231 restituit
891 4174 1053 4240 Gruterus:
1088 4175 1177 4232 ceteri
1206 4175 1304 4244 codd,
1335 4184 1369 4230 ut

289 4258 382 4315 nostri
405 4259 574 4320 deteriores.
619 4259 759 4317 Ordinem
784 4261 871 4317 etiam
897 4262 1050 4316 verborum
1075 4280 1090 4316 e
1109 4261 1173 4320 Pal.
1192 4264 1204 4317 l
1221 4261 1368 4319 Gruterus

290 4344 425 4419 sumpsit,
449 4342 549 4421 [quern
573 4363 650 4402 nune
673 4355 790 4400 secutus
813 4364 887 4404 sum.
923 4346 947 4401 B
971 4355 1003 4401 nt
1028 4344 1115 4422 nri]

377 4429 450 4504 Cap.
471 4431 556 4499 xv1,
576 4432 626 4489 51.
673 4433 705 4486 iia
727 4431 813 4487 verbis
836 4433 887 4499 uti,
911 4432 1021 4505 quibas)
1046 4431 1111 4488 Non
1136 4443 1214 4487 reeta
1237 4429 1368 4491 Orellius
