3030 5086
424 473 467 517 ΒΤ
491 471 571 517 man.
594 471 657 517 nm.
679 472 714 518 lv
736 471 810 518 'cat‘-
836 475 938 518 is-ts.
954 470 1086 533 (se-ro.)
1229 451 1292 516 539

220 642 323 719 stimi,
347 642 373 705 si
395 660 446 718 ea,
470 658 551 721 quae
573 649 662 704 extra
684 638 830 703 virtutem
853 638 928 717 sint,
950 639 992 703 ad
1015 639 1105 703 beate
1127 637 1293 701 vivendum

218 743 406 825 pertineant.
451 743 542 822 Quod
570 747 667 805 totum
691 750 799 805 contra
820 747 881 818 est;
909 739 1063 805 introduci
1091 739 1171 804 enim
1193 738 1292 803 virtus

219 845 303 910 nullo
326 847 418 908 modo
440 850 558 924 potest,
581 842 641 906 nisi
663 842 781 920 omnia,
809 860 890 922 quae
910 841 993 921 leget
1014 860 1156 922 quaeque
1178 839 1293 919 reiciet,

218 965 311 1012 unam
335 944 508 1009 referentur
529 945 571 1008 ad
594 962 754 1008 summam.
787 943 868 1007 Nam
885 943 911 1006 si
929 943 1052 1008 omnino
1069 943 1090 1025 †
1106 961 1165 1008 nos
1188 942 1292 1024 neglc-

218 1066 340 1130 gemus,
370 1047 401 1110 in
424 1046 592 1110 Aristonea
615 1045 690 1110 vitia
717 1044 887 1110 incidemus
914 1052 946 1108 et
973 1051 1102 1126 peccata
1130 1043 1332 1109 oblivisce-5

218 1168 364 1230 murque,
392 1166 473 1229 quae
495 1147 601 1211 virtuti
629 1146 690 1227 ipsi
717 1146 870 1227 principia
897 1146 1088 1223 dederimus;
1117 1146 1143 1210 si
1171 1164 1209 1210 ea
1230 1163 1292 1209 non

219 1250 417 1331 neglegemus
434 1267 535 1329 neque
551 1257 653 1313 tamen
670 1248 711 1312 ad
722 1246 815 1312 finem
827 1249 938 1312 summi
949 1247 1021 1312 boni
1035 1247 1212 1325 referemus,
1231 1264 1293 1311 non

218 1352 347 1416 multum
370 1351 409 1414 ab
433 1349 520 1414 Erilli
541 1350 667 1415 levitate
689 1349 918 1428 aberrabimus;
948 1350 1081 1413 duarum
1109 1349 1188 1414 enim
1213 1348 1292 1412 vita-
1385 1354 1387 1358 “

290 1526 310 1571 l.
328 1521 436 1570 sontEC
472 1527 495 1570 ³.
514 1518 590 1584 leyr'E
625 1519 712 1582 rqficiet
722 1518 813 1569 EPCR
848 1520 1024 1581 tesseram
1033 1518 1169 1568 LPCROr.
1200 1519 1292 1567 omnino

218 1607 248 1638 ee
270 1587 413 1653 neyleqenraa
432 1587 474 1638 Or.
502 1586 637 1652 aeplipimue
660 1603 746 1637 ornnes
799 1591 822 1637 6.
845 1586 972 1636 obsidemus
995 1596 1089 1651 tranep.
1113 1595 1172 1651 post
1190 1595 1293 1651 peccato

218 1657 351 1707 LPCllOr.
371 1656 503 1718 (incidamus
524 1655 578 1720 tc)
632 1659 653 1706 7.
673 1654 824 1720 intellimus
843 1655 863 1703 E
882 1654 1019 1720 nepliqimas
1037 1663 1095 1705 cett
1129 1655 1252 1718 referimus
1271 1656 1293 1704 tt

218 1730 241 1775 8.
261 1723 351 1775 Herilli
367 1725 522 1788 (lnPlcliOr.
559 1725 761 1773 coenavimus

216 1867 270 1920 iam
293 1873 393 1939 aptum
417 1872 470 1925 est,
494 1864 577 1937 qnasi
601 1881 677 1919 nnnc
690 1862 782 1921 Stoici
802 1862 910 1931 dicant,
934 1861 1011 1936 quod
1029 1870 1118 1918 antee
1133 1879 1190 1917 non
1210 1861 1292 1917 dixe·

217 1949 277 2006 rint
305 1946 411 2028 [multo
440 1949 557 2022 quidem
582 1948 691 2016 minue,
720 1947 797 2021 quod
825 1947 963 2004 Baiterus
991 1946 1117 2021 recepit,
1150 1944 1291 2015 futurum,

218 2034 296 2108 quod
319 2032 389 2090 ferri
413 2042 525 2107 posset,
555 2033 579 2089 ei
602 2035 674 2089 dices
696 2032 888 2100 scriberetur,
917 2032 952 2087 de
975 2027 1118 2110 Catone],
1147 2048 1200 2087 nec
1224 2030 1292 2088 illae

218 2119 415 2175 correctiones
448 2118 626 2193 probandae.
670 2117 748 2174 Nam
782 2135 847 2173 cum
882 2117 918 2174 de
950 2116 1155 2175 constituenda
1183 2116 1293 2173 virtute

218 2212 337 2278 agatur,
367 2213 399 2259 ut
427 2203 540 2259 firmum
564 2201 787 2259 fundamentum
810 2202 918 2258 habeat
945 2210 973 2257 et
1001 2209 1129 2268 constet,
1158 2200 1194 2257 de
1223 2219 1293 2258 uera

218 2288 328 2345 virtute
351 2288 462 2361 quaeri,
487 2287 559 2343 nihil
582 2306 656 2362 opus
679 2297 724 2344 est
746 2286 818 2356 dici;
841 2304 895 2343 nec
918 2286 1076 2360 quidquem
1100 2285 1294 2347 tale.additur

218 2381 270 2430 aut
292 2378 307 2443 §
331 2375 369 2428 41
394 2374 468 2444 (narn
491 2376 616 2430 constitui
642 2375 729 2428 virttis
755 2373 828 2428 nullo
854 2373 932 2428 modo
949 2381 1051 2446 potest,
1079 2371 1129 2427 ubi
1158 2381 1292 2445 apertum

218 2468 276 2524 est,
307 2458 408 2514 eadem
432 2458 523 2514 verba
550 2457 691 2513 adversus
715 2455 831 2514 Stoicos
854 2456 1071 2528 conseribant
1094 2459 1109 2524 ξ
1132 2456 1172 2512 45
1196 2457 1292 2530 (insor-

217 2546 289 2599 marr‘
316 2563 367 2598 non
388 2562 467 2617 posse
489 2544 623 2615 virtutem)
646 2551 696 2596 ant
719 2545 733 2610 ς
758 2542 797 2597 54
820 2541 879 2615 (neo
900 2545 1022 2597 virtutem
1042 2559 1121 2616 posse
1143 2541 1291 2614 constere);

218 2638 247 2684 st
269 2646 378 2702 pravus
400 2637 445 2683 est
462 2627 617 2683 verborum
637 2625 709 2682 ordo
732 2626 761 2682 in
784 2626 930 2683 adiectivo
950 2635 979 2683 et
997 2625 1183 2682 substantivo
1200 2625 1292 2683 divel-

218 2712 314 2769 lendo.
338 2710 391 2788 [Ae
412 2715 479 2768 enim
496 2715 583 2785 ipsam
600 2713 689 2767 dicitis
706 2710 870 2778 Michaelis,
893 2710 969 2785 quod
988 2721 1099 2766 rectum
1123 2719 1187 2766 erat
1203 2710 1292 2785 paulo

217 2807 286 2854 ante
308 2797 337 2853 in
361 2794 509 2873 ascensu]
544 2796 638 2853 blnlto
667 2796 762 2852 minus
784 2806 883 2852 natura
910 2794 982 2852 ferri
1009 2804 1121 2870 potest;
1149 2794 1219 2868 quid
1248 2805 1294 2853 est

218 2881 295 2940 eninr
329 2890 434 2938 natura
464 2881 601 2938 virtutem
630 2880 784 2949 constitui,
818 2890 848 2937 et
874 2880 921 2937 cui
950 2877 1149 2936 contrarium?
1182 2897 1218 2936 an
1247 2891 1293 2937 est

217 2967 371 3042 quaedam,
395 2984 469 3040 quae
493 2976 556 3022 erte
579 2962 793 3022 constituatur?
832 2964 900 3022 Nisi
921 2984 984 3020 nona
1006 2973 1100 3021 totum
1124 2983 1222 3021 errore
1246 2984 1292 3021 or-

218 3061 279 3108 tum
293 3061 346 3120 est,
365 3053 465 3108 subest
478 3051 614 3107 mendum
628 3050 780 3109 occultius,
815 3050 910 3107 Panlo
928 3060 996 3125 post
1012 3052 1162 3122 reserentur
1173 3068 1210 3105 ex
1222 3068 1291 3117 uno,

218 3137 254 3193 de
277 3156 335 3211 quo
357 3147 480 3205 constet,
504 3135 565 3192 Eri.
589 3132 633 3214 [et
655 3130 695 3213 B]
718 3135 799 3203 dedi3
822 3153 939 3192 eausam
963 3134 1088 3208 exposui
1110 3134 1148 3190 ad
1164 3134 1223 3202 III,
1242 3135 1292 3191 70.

218 3219 343 3299 [Reficiet
365 3222 453 3278 etiam
479 3222 503 3278 B
526 3230 554 3277 et
578 3219 656 3278 Oxx.
681 3221 747 3291 Εψ;
770 3219 900 3277 correxit
922 3219 1084 3276 Ascensins
1109 3216 1217 3295 itta]

304 3307 337 3363 Si
358 3312 461 3363 omnino
480 3311 496 3376 †
515 3326 563 3362 nos
579 3302 757 3382 ueqleqemus)
770 3303 801 3362 Si
818 3325 866 3361 nos
882 3304 1095 3361 nominativum
1113 3303 1292 3379 putabimus,

217 3402 247 3448 et
269 3391 374 3448 vitiose
398 3391 573 3459 abundabit,
603 3409 668 3447 cum
692 3389 803 3446 nullum
828 3390 874 3445 lic
897 3408 1040 3465 personae
1063 3398 1201 3463 tanquam
1226 3387 1293 3444 aliis

203 3476 381 3534 contrariae
406 3486 583 3533 momentum
607 3475 654 3543 sit,
678 3484 708 3531 et
730 3475 945 3532 desiderabitur
962 3474 1158 3542 accusativus,
1181 3473 1211 3529 in
1234 3491 1292 3546 quo

217 3562 391 3636 praesertim
425 3561 540 3637 pondus
573 3559 693 3634 aliquod
725 3560 888 3616 sententiae
922 3559 974 3629 sit3
1008 3559 1052 3616 sin
1080 3558 1293 3626 accrrsativum,

216 3647 355 3722 graviora
378 3656 462 3703 erunt
486 3646 572 3713 vitia3
600 3664 667 3701 nem
696 3664 790 3720 neque
813 3665 861 3702 noe
883 3645 919 3701 de
941 3662 1077 3720 corpore,
1106 3653 1136 3699 et
1158 3662 1232 3717 quae
1255 3643 1292 3698 ad

217 3731 248 3788 id
271 3732 432 3806 pertinent,
461 3730 593 3806 intellegi
616 3739 727 3805 potest,
756 3730 808 3788 sed
831 3731 923 3786 multo
947 3729 1040 3806 magis
1063 3729 1099 3785 de
1121 3728 1234 3795 animo,
1263 3737 1293 3783 at

217 3816 364 3890 seqnitur:
393 3836 424 3872 eo
447 3836 497 3872 non
520 3819 698 3888 nepieqeorum
722 3814 908 3872 manifestum
932 3823 977 3870 est
999 3823 1112 3882 autem,
1135 3812 1293 3886 utrobique

212 3893 294 3957 'idem
318 3900 465 3958 obiectum
488 3919 552 3957 esse
575 3900 691 3957 debere.
725 3901 829 3974 ltaque
851 3899 899 3956 hic
915 3898 1057 3956 Davisius
1079 3917 1132 3973 pro
1155 3918 1203 3954 noe
1224 3898 1293 3954 sub·

218 3986 300 4042 stitni
322 3980 436 4042 'rnavult
454 3988 526 4055 laec,
550 3984 644 4049 Gaius
656 3984 806 4042 Bromium
824 4002 950 4058 sequens
967 4003 998 4039 eo
1016 3983 1123 4058 posuit,
1141 3991 1175 4039 nt
1187 3982 1292 4041 Lamb.

218 4071 316 4128 tacite.
351 4071 458 4128 Mirum
483 4080 595 4136 tamen,
625 4071 674 4143 qni
703 4079 733 4126 et
755 4070 810 4126 hoc
833 4068 977 4125 exciderit
999 4077 1029 4125 et
1050 4088 1098 4125 nos
1120 4076 1215 4125 ortum
1239 4065 1292 4136 sit3

217 4174 284 4212 nam
308 4176 356 4212 tros
378 4175 409 4212 eo
432 4156 521 4212 scribi
544 4164 664 4231 propter
686 4172 761 4224 eam,
785 4173 872 4228 quam
896 4153 981 4210 initio
1003 4153 1076 4223 dixi,
1100 4170 1219 4210 causem
1242 4171 1293 4208 ne·

218 4241 290 4314 quit.
334 4237 433 4319 [Etsi
456 4262 487 4298 eo
511 4241 539 4298 h.
564 4240 582 4296 l.
607 4239 711 4298 Cicero
733 4239 890 4314 posuisset,
912 4247 1017 4314 postea
1038 4257 1073 4295 eo
1097 4238 1205 4295 omisso
1228 4236 1293 4293 dix·

217 4325 303 4383 isset:
320 4331 362 4383 sin
379 4346 429 4382 aon
446 4328 512 4399 περὶ.
548 4324 675 4383 Tentavi
692 4334 793 4394 nostra,
810 4334 843 4381 nt
860 4324 902 4381 sic
921 4324 1016 4381 minus
1027 4322 1176 4381 subtiliter
1188 4321 1293 4381 Cicero

135 4446 137 4451 .
217 4411 384 4488 appellarit,
402 4430 477 4485 quae
495 4410 532 4468 ed
549 4429 603 4468 nos
620 4418 737 4485 praeter
748 4409 887 4466 virtutem
905 4409 1095 4484 pertinerent.
1120 4408 1179 4468 Sed
1195 4416 1295 4484 potest
