3030 5086
254 496 319 561 402
643 515 689 561 nn
710 513 842 562 sturnus
864 514 936 562 non.

254 682 417 747 collatione
438 682 579 761 rationis,
600 688 665 747 tum
687 682 730 747 ad
741 683 898 749 notionem
914 682 987 748 boni
1003 685 1153 765 pemeria
1186 687 1239 752 34.
1261 685 1335 753 Hoc

254 793 359 849 autem
380 784 483 865 ipsum
512 784 625 849 bonum
654 802 716 849 non
743 785 921 851 accessione
948 803 1049 866 noque
1075 788 1246 853 crescendo
1273 793 1332 854 aut

254 903 323 950 cum
345 885 458 950 ceteris
480 886 700 967 comparando,
724 887 780 951 sed
801 886 932 969 propria
953 888 983 951 vi
1006 906 1064 952 sua
1079 893 1112 952 et
1127 889 1281 976 sentimus
1298 895 1333 955 et

254 987 448 1068 appellamus
469 987 593 1052 bonum.
626 988 671 1053 Ut
692 988 772 1053 enim
795 987 864 1068 mel,
886 988 945 1053 etsi
961 988 1173 1054 dulcissimum
1189 998 1248 1071 est,
1270 1008 1330 1056 suo

215 1090 356 1154 litamen
379 1088 507 1169 proprio
529 1107 645 1169 genere
666 1089 803 1170 saporis,
827 1107 888 1154 non
910 1090 1144 1171 comparatione
1167 1110 1236 1157 cum
1257 1092 1330 1157 aliis

254 1190 344 1254 dulce
370 1208 440 1255 osse
462 1190 609 1267 sentitur,
642 1190 688 1255 sic
714 1190 828 1256 bonum
856 1191 928 1269 hoc,
958 1193 998 1256 de
1026 1211 1088 1273 quo
1110 1191 1247 1274 agimus,
1279 1199 1331 1260 est

253 1291 327 1355 illud
350 1292 472 1373 quidem
490 1291 616 1372 plurimi
632 1291 870 1370 aestimandum,
892 1293 948 1357 sed
965 1310 1004 1356 ea
1020 1292 1196 1358 aestimatio
1213 1312 1329 1375 genere

326 1534 343 1576 l.
363 1545 414 1577 cum
432 1529 454 1577 E
490 1534 514 1578 6.
533 1527 612 1594 operer
630 1529 651 1578 1.
689 1532 711 1580 7.
728 1529 908 1579 aestimandum
927 1529 948 1578 1.
983 1546 1014 1578 aa
1030 1528 1218 1580 artemonem

252 1736 280 1792 in
304 1734 382 1792 curis
404 1734 540 1792 secundis
563 1736 701 1801 correxit,
726 1735 803 1810 quod
826 1735 855 1792 in
879 1735 979 1792 codice
1001 1735 1162 1813 archetypo
1184 1738 1325 1812 seriptum

251 1829 329 1876 erat:
347 1822 431 1895 posui
440 1822 534 1876 bonrum
546 1823 653 1890 notitio;
676 1821 814 1877 librarius
831 1822 925 1878 bonrum
944 1820 1177 1878 accommodavit
1198 1822 1236 1879 ad
1253 1824 1329 1897 quod

251 1914 405 1964 ectremum.
441 1905 563 1980 Requiri
586 1907 653 1976 bosri,
678 1914 819 1965 senserat.
842 1906 944 1979 quiin
968 1905 1032 1965 cod.
1058 1905 1165 1982 Scalig.
1189 1916 1219 1964 et
1242 1906 1323 1964 Eli

251 1989 384 2065 scripsit:
402 1993 485 2065 poeni
506 1991 609 2049 bonum.
633 1992 701 2060 doni,
725 2000 754 2046 et
777 1990 827 2064 qui
850 1991 880 2047 in
899 1986 957 2060 Εξε
981 1991 1083 2054 bonnm,
1106 1994 1171 2048 eiua.
1216 1991 1327 2066 (Aldus

251 2077 377 2131 bonorum
403 2077 520 2149 sectilia.)
565 2074 623 2134 Sed
652 2075 730 2149 quod
759 2084 911 2150 praeterea
934 2074 1028 2133 Gzius
1056 2094 1093 2131 ex
1116 2075 1194 2150 Spin.
1217 2074 1274 2154 [B]
1297 2089 1328 2135 et

208 2151 214 2163 ’
250 2159 312 2218 Erl.
336 2159 428 2216 edidit
450 2165 532 2227 notio,
562 2169 694 2218 correcta
715 2159 832 2216 videtur
859 2179 876 2216 a
905 2159 1027 2217 librario
1050 2159 1202 2219 Ciceronis
1224 2162 1324 2219 incon·

251 2245 370 2315 stantia,
393 2244 443 2319 qui
466 2244 512 2301 bis
534 2251 672 2315 collocent,
696 2245 792 2302 medio
814 2244 879 2302 loco
902 2248 1020 2302 nondam
1043 2244 1133 2316 dixit,
1156 2262 1215 2320 quo
1236 2264 1326 2305 uoca-

250 2329 321 2388 bulo
344 2348 401 2386 non
424 2347 492 2386 raro
515 2349 569 2404 pro
592 2330 685 2387 altero
708 2329 809 2395 utitur,
832 2330 913 2386 velut
936 2330 974 2401 V,
1000 2331 1050 2387 60,

337 2415 388 2472 34.
413 2434 465 2470 non
487 2419 635 2471 accessione
657 2434 740 2488 neque
762 2413 917 2492 crescendo)
940 2415 1022 2489 Quos
1047 2415 1182 2482 „codices
1204 2415 1323 2490 plures¹⁴

250 2511 331 2574 utque
348 2518 400 2574 pro
419 2499 621 2573 nequehabere
634 2498 727 2558 Gaius
740 2498 827 2565 dieat,
846 2500 960 2568 nescio;
983 2518 1067 2574 neque
1084 2519 1118 2556 eo
1136 2499 1223 2557 modo
1240 2500 1324 2576 poni·

250 2595 312 2654 tnr,
336 2602 394 2658 quo
417 2583 453 2640 ad
476 2585 506 2654 1,
532 2584 571 2641 30
595 2585 672 2655 dixi;
695 2603 762 2640 nam
785 2603 844 2640 urna
865 2585 947 2643 notio
970 2585 1083 2641 dnobus
1105 2584 1204 2641 uerbis
1227 2586 1325 2661 expri-

251 2669 347 2726 mitur.
393 2667 451 2728 Sed
475 2669 571 2726 minns
592 2680 672 2727 recte
691 2668 832 2726 Davisius
855 2669 902 2727 hic
925 2668 1083 2745 significari
1106 2677 1203 2744 putat,
1227 2670 1327 2727 omnia

250 2755 328 2812 bona
350 2753 486 2827 aequalia
508 2772 585 2820 csse;
609 2751 930 2812 stultissimeGnins
906 2772 948 2811 src
965 2763 1096 2811 enarrat:
1119 2774 1169 2811 non
1191 2774 1243 2812 aare
1260 2756 1327 2831 (pu

250 2838 425 2913 crediderumt)
453 2858 537 2913 nepteo
563 2843 742 2897 conirmctione
768 2848 816 2894 aut
837 2841 1021 2931 similitudine,
1051 2839 1099 2913 qui
1128 2839 1201 2896 satis
1228 2839 1326 2897 decla-

250 2934 305 2992 rat,
328 2942 404 2998 quae
426 2933 503 2980 esset
520 2917 706 2995 περίπτωσις,
731 2942 805 2998 quae
824 2909 1020 2990 descendente,
1043 2942 1118 2997 quae
1135 2925 1256 2982 nomina
1272 2943 1325 3000 po·

250 3029 318 3065 nere
342 3027 399 3065 non
423 3019 549 3074 veretur,
573 3026 604 3063 se
626 3008 745 3065 omnino
768 3008 927 3084 ignorasse.
973 3008 1024 3080 (Et
1047 3008 1122 3064 belle
1146 3008 1235 3080 Cato,
1258 3028 1324 3067 cum

250 3095 382 3161 dixisset,
406 3094 552 3167 quomodo
575 3093 611 3148 ad
636 3094 704 3150 boni
722 3093 870 3150 notionem
889 3102 1061 3167 perventum
1080 3103 1166 3159 esset,
1189 3095 1327 3153 adderet:

249 3180 315 3236 Hoc
333 3187 430 3234 autem
450 3178 544 3252 ipsum
563 3177 681 3248 bonrum,
705 3178 782 3253 quod
800 3187 905 3252 quarta
921 3177 1036 3234 ratione
1054 3177 1234 3237 intellectum
1252 3180 1327 3241 dixi.

249 3282 307 3320 non
330 3261 510 3319 intellectum
535 3272 579 3317 est
601 3280 660 3318 una
682 3281 719 3318 ex
741 3262 836 3319 tribus
854 3262 1000 3336 prioribus
1018 3263 1205 3337 rationibus.)
1238 3264 1328 3323 Post-

250 3367 336 3424 quam
361 3346 435 3405 Calo
459 3346 605 3422 exposuit,
631 3365 648 3403 a
671 3347 773 3423 primis
795 3358 918 3409 naturae
941 3347 977 3403 ad
1001 3347 1069 3404 boni
1093 3348 1241 3406 notionem
1265 3350 1328 3407 col·

250 3433 359 3490 latione
372 3431 494 3488 rationis
506 3440 624 3488 ventum
638 3450 711 3501 esse,
725 3441 818 3489 cavet.
836 3450 872 3488 no
890 3432 955 3505 quis
972 3432 1027 3488 hoc
1047 3433 1087 3489 ita
1104 3432 1327 3508 interpretetur,

249 3518 328 3574 utin
346 3517 447 3572 eodem
466 3535 583 3592 genere,
601 3516 631 3572 in
649 3535 707 3590 qno
724 3517 819 3592 prima
832 3525 936 3572 natura
949 3516 1016 3586 sint,
1034 3517 1143 3574 bonum
1156 3536 1220 3575 esse
1231 3529 1326 3593 putet,

248 3602 450 3660 tantummodo
473 3601 641 3658 accessione
663 3601 763 3676 aliqua
785 3611 814 3657 et
836 3601 928 3677 gradu
946 3602 1031 3674 (haee
1054 3613 1099 3659 est
1121 3602 1198 3659 enim
1216 3623 1327 3681 compn-

248 3690 329 3761 ratio)
341 3687 378 3742 ab
396 3686 455 3743 illis
472 3685 619 3754 differens,
638 3696 667 3742 et
683 3687 917 3744 aestimationem
937 3687 1075 3743 maiorem
1094 3686 1175 3744 illam
1193 3689 1325 3762 quidem.

249 3774 299 3830 sed
323 3772 452 3828 eiusdem
476 3771 592 3847 generis
616 3772 732 3828 habere.
766 3773 871 3845 Itaque
894 3771 937 3827 sic
959 3772 1076 3828 ascendi
1095 3772 1146 3828 illa
1165 3772 1326 3831 collatione

247 3857 370 3915 rationis
399 3856 484 3924 dicit,
513 3866 544 3912 ut
573 3857 720 3931 posterius
747 3865 776 3913 et
805 3856 940 3931 superius
962 3857 1095 3931 (bonum)
1118 3856 1155 3913 ab
1183 3856 1327 3918 inferiore
1415 3858 1417 3863 ’

248 3953 275 4000 et
306 3942 403 4016 priore
431 3941 546 4016 (primis
569 3945 703 4013 naturae)
725 3960 846 4017 genere.
881 3959 938 3997 non
968 3942 1060 4016 gradu
1089 3940 1214 3999 differat.
1258 3944 1334 4002 Nec¹

248 4038 345 4084 tamen
368 4025 455 4082 facile
480 4026 571 4084 Stoici
600 4045 631 4082 se
660 4046 697 4083 ex
720 4026 766 4083 bis
788 4026 931 4101 angustiis
955 4026 1165 4124 expediebant,
1196 4027 1226 4083 in
1250 4046 1327 4104 quas

247 4113 420 4181 inciderant,
444 4129 509 4168 rum
533 4112 661 4168 omnium
685 4112 836 4168 notionum
860 4130 876 4166 a
897 4112 1031 4168 sensibus
1048 4111 1190 4185 originem
1208 4122 1326 4211 repete-

246 4210 327 4263 rent,
351 4206 379 4253 et
404 4197 496 4271 magis
518 4195 692 4252 affirmando
715 4215 775 4252 rem
799 4196 1015 4270 praecidebant.
1060 4198 1137 4254 Nam
1161 4215 1225 4254 cum
1250 4188 1326 4255 ἀνα·
1376 4192 1381 4209 ’

247 4275 332 4356 loyca
355 4281 406 4337 illa
428 4281 491 4338 sive
514 4282 633 4338 collatio
655 4282 779 4338 rationis
798 4290 875 4338 esset
894 4292 944 4338 arnt
963 4265 1101 4355 cribrum
1119 4291 1168 4339 aut
1185 4269 1326 4359 μειωτικὴ
1429 4285 1434 4299 “

248 4366 343 4438 (Sext.
367 4367 452 4441 Emp.
474 4366 540 4423 adv.
564 4366 656 4423 blath.
679 4366 710 4424 ll.
735 4367 820 4441 citt.,)
842 4385 902 4423 non
926 4385 996 4422 sane
1019 4376 1151 4441 apparet,
1175 4368 1326 4453 quomodo

248 4469 283 4507 ea
305 4451 496 4527 quridquam
486 4450 612 4508 inveniri
635 4451 764 4526 potuerit
786 4470 893 4528 genere
916 4449 1063 4508 differens.
