3030 5086
250 489 316 554 480
642 506 687 551 ne
710 505 842 552 eminus
864 505 936 551 aon.

252 676 374 752 datam,
402 693 509 738 verum
537 674 629 738 etiam
658 680 830 738 extructam
859 672 1056 755 disciplinam
1083 691 1144 738 non
1173 679 1222 738 est
1243 672 1335 738 facile

251 778 438 863 perdiscere.
489 776 569 841 Tum
597 775 661 840 ille:
689 776 759 840 Aiu'
787 776 937 840 taudem?
965 776 1080 856 inquit;
1113 793 1182 839 cum
1213 793 1271 856 ego
1301 783 1335 841 te

251 879 311 943 hac
332 898 413 943 nova
434 879 502 959 lege
523 878 647 943 videam
676 879 786 942 eodem
813 877 863 942 die
885 878 1059 941 accusatori
1081 878 1276 958 respondere
1298 886 1333 943 et

252 982 353 1045 tribus
374 981 460 1045 horis
481 998 646 1061 perorare,
672 981 704 1042 in
725 979 785 1045 hac
814 999 863 1044 me
891 998 986 1043 causa
1008 989 1133 1060 tempus
1160 980 1333 1045 dilaturum

214 1084 368 1164 dputes?
390 1101 470 1163 quae
492 1089 596 1145 tamen
619 1101 639 1145 a
655 1088 686 1146 te
702 1089 812 1163 agetur
830 1101 890 1146 non
908 1081 1025 1161 melior,
1048 1100 1142 1162 quam
1159 1081 1232 1147 illae
1249 1089 1334 1162 sunt,

254 1202 332 1265 quas
364 1184 521 1248 interdum
551 1183 681 1248 obtines.
732 1187 837 1264 Quare
870 1185 963 1247 istam
996 1201 1121 1264 quoque
1148 1184 1334 1265 aggredere,

253 1292 418 1350 tractatam
441 1287 626 1366 praesel'tim
650 1293 681 1349 et
702 1286 742 1349 ab
765 1286 834 1350 aliis
857 1293 888 1350 et
909 1305 930 1350 a
952 1293 983 1349 te
1003 1286 1074 1365 ipso
1091 1303 1195 1366 saepe,
1220 1291 1257 1349 ut
1277 1286 1337 1350 tibi

254 1389 364 1452 deesse
386 1406 447 1451 non
470 1389 571 1468 possit
587 1388 697 1452 oratio.
742 1390 771 1451 2.
794 1389 873 1451 Tum
892 1405 964 1468 ego:
987 1387 1058 1450 Nun
1076 1387 1260 1468 mehercule,
1283 1387 1336 1452 in-

254 1508 357 1571 quam,
381 1490 466 1554 soleo
488 1498 604 1555 temere
626 1497 736 1554 contra
759 1488 888 1566 Stoicos,
910 1509 971 1554 non
994 1508 1056 1571 quo
1078 1488 1140 1554 illis
1162 1490 1335 1554 admodum

325 1735 346 1776 2,
366 1738 413 1776 tum
432 1727 470 1777 alie
488 1745 520 1776 un
538 1727 631 1776 totidem
652 1728 673 1775 E
698 1735 752 1775 tana
771 1725 836 1774 iilum
854 1726 947 1775 tandem
965 1727 984 1774 i.
1002 1736 1053 1775 tene
1072 1726 1138 1775 ilium
1156 1726 1252 1777 tundam
1268 1727 1339 1777 Pon

256 1802 279 1847 8.
299 1814 345 1846 noa
361 1797 436 1860 possit
454 1796 566 1846 doesnel„
602 1795 697 1859 iriquum
716 1812 764 1845 om.
778 1795 866 1845 LPCR
902 1801 923 1847 9.
947 1794 1005 1861 [sole
1023 1805 1045 1844 te
1063 1811 1109 1860 pro
1126 1795 1235 1861 eoleoA]
1253 1795 1339 1846 soleE

255 1864 330 1914 solere
349 1865 416 1914 t’cit
451 1874 533 1913 corttru
553 1864 647 1915 Stoicos
665 1873 748 1912 temera
768 1863 787 1911 P

257 2071 430 2127 difficultate
454 2072 552 2146 potius
575 2072 672 2129 dicere
696 2072 802 2152 debere
826 2071 970 2139 videatur,
995 2070 1102 2145 partim
1125 2070 1205 2145 quod
1228 2071 1338 2146 imago,

257 2176 332 2231 quae
356 2157 394 2213 sit
412 2157 441 2213 in
460 2157 559 2213 verbis
574 2160 723 2230 fundatum
747 2166 777 2212 et
795 2167 952 2227 astructum,
976 2174 1034 2212 uon
1058 2166 1201 2214 servetur.
1236 2157 1340 2226 (Lam-

258 2243 327 2298 bino
350 2244 500 2299 subuertere
522 2252 570 2298 aut
595 2252 709 2298 evertam
736 2252 788 2297 aut
810 2241 921 2315 aliquid
945 2241 1003 2297 tale
1026 2240 1136 2315 requiri
1159 2241 1339 2314 videbatur.)

259 2326 317 2384 Sed
341 2326 462 2397 Cicero,
492 2328 570 2400 quod
598 2327 656 2383 iam
682 2327 824 2383 Lambino
851 2326 881 2382 in
912 2337 1037 2382 mentem
1061 2326 1157 2396 venit,
1185 2337 1337 2400 tamquam

258 2423 358 2469 orator
380 2413 511 2468 dicturus
534 2412 663 2468 nondum
691 2431 722 2467 se
750 2432 862 2469 coaeum
890 2411 962 2467 satis
990 2413 1117 2468 didicisse
1139 2411 1285 2487 significat
1308 2421 1340 2468 et

259 2508 427 2571 praetcrea.
462 2516 498 2552 ne
532 2498 594 2552 eine
623 2516 713 2553 causa
740 2497 815 2555 Cato
844 2507 902 2553 tam
932 2497 1025 2552 multa
1052 2497 1163 2553 dixisse
1191 2496 1338 2564 videatur,

259 2583 389 2639 modeste
413 2582 505 2656 fingit,
529 2601 560 2637 se
583 2583 725 2656 quaedam
751 2602 827 2638 rrunc
844 2583 881 2637 ab
899 2601 934 2637 eo
952 2581 1097 2647 didicisse,
1121 2582 1250 2654 adquae
1268 2599 1340 2637 eon·

260 2667 415 2723 sideranda
438 2667 534 2741 spatio
557 2686 631 2741 opus
654 2667 700 2723 sit.
745 2668 910 2742 Imaginum
929 2666 1010 2722 illam
1028 2667 1222 2723 constantiam
1242 2666 1271 2722 in
1292 2666 1340 2722 his

260 2754 363 2808 saltem
388 2752 471 2808 libris
494 2771 550 2807 nou
575 2764 632 2808 tam
657 2752 772 2808 curiose
795 2762 922 2808 sectatus
945 2762 998 2808 est.

351 2839 418 2893 liam
440 2840 497 2893 illc:
521 2838 582 2893 Ain’
607 2837 726 2910 tandem)
751 2837 800 2895 Sic
824 2856 881 2911 mg.
903 2836 993 2905 Crat,
1017 2846 1078 2892 tum
1091 2837 1170 2893 Vict.
1195 2845 1224 2891 et
1247 2834 1340 2892 ceteri

260 2923 412 2997 deinceps.
443 2921 529 2979 Grut.
555 2920 606 3002 [ex
631 2919 674 3001 A]
697 2933 727 2978 et
751 2924 824 2978 Dav.
854 2922 889 2977 de
911 2922 1062 2979 codicibus
1085 2930 1231 2990 tacentes;
1260 2921 1340 2995 Spir.

261 3006 316 3085 [B]
339 3018 372 3064 ut
394 3007 465 3075 Eri..
489 3008 623 3081 proxime
647 3027 758 3065 verum.
805 3006 883 3065 Oxx.
906 3023 951 3082 χψ
974 3009 1127 3063 tonsillam
1150 3008 1272 3076 tundam,
1297 3001 1341 3074 Εξ

261 3104 317 3150 turn
339 3095 412 3149 illum
436 3094 552 3160 tandem,
576 3091 656 3151 Gud.
682 3097 707 3161 1,
727 3093 754 3158 2,
777 3093 903 3161 Monac,
927 3093 996 3149 Bas.
1021 3102 1083 3148 tanc
1104 3094 1178 3148 illum
1201 3090 1294 3163 (Gud.
1313 3094 1340 3159 1,

263 3180 331 3236 Bas.
356 3179 415 3251 illa)
439 3180 553 3234 luridam.
1336 3183 1340 3190 '

348 3264 398 3334 doc
421 3282 489 3318 rtouo
512 3261 579 3340 (epe)
603 3280 661 3335 qua
684 3262 844 3336 Pompeius
867 3263 985 3319 tertium
1009 3262 1111 3318 consul
1135 3265 1172 3332 (a.
1198 3262 1251 3335 52)
1273 3261 1341 3316 bra·

263 3349 373 3406 viorem
397 3347 571 3404 iudiciorum
594 3347 718 3404 formam
743 3347 909 3413 constituit,
938 3355 970 3403 ut
998 3346 1100 3403 eodem
1124 3346 1170 3402 die
1193 3346 1231 3402 ab
1254 3363 1342 3402 accu-

263 3444 360 3490 satore
383 3443 412 3488 et
434 3434 471 3488 ab
495 3452 545 3490 reo
568 3442 769 3508 peroraretur,
799 3442 828 3488 et
855 3433 930 3489 duae
959 3432 1048 3487 horae
1071 3431 1251 3499 accusatori,
1280 3439 1342 3487 tres

263 3538 314 3575 reo
337 3519 491 3583 darentur-3
515 3518 573 3573 vid.
596 3518 708 3574 Ascon.
732 3536 845 3591 argum.
866 3517 968 3574 Milon.
987 3536 1016 3591 p.
1033 3517 1091 3573 145
1112 3517 1181 3574 Hot.
1206 3534 1343 3590 quaeque

264 3604 300 3660 de
323 3623 357 3659 ea
379 3604 454 3677 lege,
477 3601 617 3659 adhibitis
635 3601 740 3659 ceteris
757 3602 933 3658 testimoniis
945 3604 1042 3671 (Brut.
1056 3602 1127 3668 324,
1145 3601 1224 3658 Plut.
1236 3600 1344 3675 Pomp.

266 3689 320 3757 55,
351 3689 480 3762 Appiam.
506 3688 570 3745 (liv.
594 3689 641 3752 ΙΙ,
667 3688 721 3751 23,
751 3687 840 3744 Dion.
865 3687 946 3745 Cass.
971 3688 1042 3751 XL,
1068 3688 1134 3759 52),
1164 3685 1288 3760 exposui
1312 3686 1342 3741 in

265 3774 463 3847 disputatione
483 3774 518 3828 de
538 3773 664 3830 tribunis
681 3773 812 3831 aerariis.
836 3771 945 3847 Opusc.
964 3773 1057 3828 Acad.
1076 3773 1106 3828 ΙΙ
1119 3792 1147 3847 p.
1162 3773 1233 3828 246.
1269 3771 1343 3842 (Pro

264 3861 369 3915 videam
392 3858 456 3916 cod.
471 3859 545 3914 Mor.
568 3861 700 3931 audium.)
736 3858 850 3913 Deinde
864 3857 938 3915 Cato
951 3857 1133 3923 Ciceronem,
1156 3875 1222 3913 cum
1241 3875 1343 3912 veram

267 3945 431 4001 Stoicorum
456 3944 640 4018 disciplinam
664 3945 829 4019 impugnet.
854 3961 910 4000 nou
936 3943 1041 3997 bonam
1066 3961 1184 3998 causam
1208 3952 1343 3998 acturum

266 4030 350 4098 dicit,
375 4028 498 4084 similem
523 4048 639 4094 aarum,
662 4043 735 4102 quas
758 4029 903 4084 interdum
928 4029 957 4083 in
981 4028 1097 4084 iudiciis
1120 4028 1250 4084 oratorio
1272 4025 1344 4083 arti·

266 4115 331 4171 licio
355 4114 496 4170 obtineat.

353 4201 380 4255 2.
405 4199 466 4255 illan
489 4200 648 4264 archamala,
671 4201 790 4272 inquom,
813 4201 896 4269 soleo)
923 4199 1037 4271 Iniquum
1061 4197 1174 4253 addidit
1197 4196 1278 4254 Crat.
1301 4196 1344 4267 (in

267 4285 434 4356 contextu),
463 4292 524 4339 tum
551 4284 689 4340 Davisius
713 4303 728 4337 e
751 4283 859 4350 tribue,
889 4274 982 4340 Gzius
1012 4301 1049 4339 ex
1079 4280 1260 4355 omnibus(?)
1283 4282 1345 4338 suis

267 4379 385 4443 praeter
396 4369 475 4426 Gud.
491 4371 524 4438 2;
547 4369 661 4425 accedit
679 4369 782 4426 Morel.
798 4366 862 4446 [BJ.
897 4370 972 4425 Tum
990 4371 1044 4424 sole
1055 4366 1113 4445 [B]
1131 4368 1235 4424 habuit
1250 4367 1345 4424 codex

267 4455 460 4530 archetypum
483 4457 566 4511 solere
588 4454 663 4511 Pall.
688 4454 715 4522 3,
740 4456 769 4523 4,
794 4455 822 4523 5,
847 4454 874 4523 6,
899 4454 987 4522 Dum,
1011 4452 1103 4522 Oxx.,
1127 4453 1206 4512 Gud.
1225 4456 1250 4522 1,
1273 4453 1344 4510 Bae.
