3030 5086
250 475 314 543 306
644 493 689 539 oa
711 492 842 540 mmaus
864 491 936 538 aon.

250 660 387 738 morbi,
421 666 462 724 ut
493 659 590 724 nihil
623 661 670 724 ad
698 679 827 725 eorum
859 660 1160 740 magnitudinem
1193 668 1331 741 posset

251 763 444 827 accedere.
479 761 628 825 Miserum
640 760 809 825 hominem!
832 762 864 826 Si
876 762 967 826 dolor
978 780 1131 827 summum
1144 761 1259 825 malum
1271 770 1328 840 est,
1412 774 1416 784 ·

251 863 311 928 dici
332 863 424 927 aliter
446 881 507 926 non
529 867 641 944 potest.
686 861 749 928 Sed
769 863 933 928 audiamus
955 864 1067 944 ipsum.
1101 864 1328 944 Compensa-

252 963 382 1044 hatur,
415 963 530 1045 inquit,
564 968 689 1028 temen
718 982 797 1029 cum
825 963 883 1030 his
912 965 1086 1030 omnibus
1109 963 1226 1029 animi
1248 965 1329 1028 lae-

213 1066 354 1145 btitia,
377 1084 485 1146 quam
509 1065 709 1146 capiebam
731 1067 913 1132 memoria
935 1067 1128 1131 rationum
1150 1067 1328 1130 invento-

251 1186 409 1248 rumque
441 1174 674 1232 nostrorum.
724 1167 796 1233 Sed
829 1175 882 1248 tu,
915 1176 956 1234 ut
989 1169 1144 1248 dignum
1173 1173 1232 1231 est
1264 1172 1330 1232 tua

324 1375 345 1419 1.
364 1370 439 1420 morbi
454 1386 501 1423 om.
521 1370 641 1421 LPMGR
690 1371 767 1435 poerit
784 1371 904 1424 LPhtcss
966 1376 989 1424 2.
1013 1388 1065 1421 ecce
1082 1370 1191 1421 miseram
1209 1369 1330 1422 LPMcss

255 1437 337 1507 [Ecce]
358 1439 409 1490 maa.
429 1438 472 1491 Or.
508 1444 532 1489 8.
551 1440 718 1504 compensabat
735 1440 781 1492 Ec
816 1447 840 1490 ⁴.
858 1449 937 1490 tameo
954 1439 1070 1504 inquito
1106 1444 1130 1489 6.
1148 1447 1183 1489 est
1201 1438 1291 1489 om.P

252 1629 341 1686 stiam
354 1629 417 1686 Pal.
433 1632 459 1700 1,
473 1628 551 1704 Spir.
565 1627 632 1707 [B],
645 1648 702 1706 mg.
715 1630 808 1701 Crat,
820 1631 882 1688 cod.
894 1631 970 1689 Mor.
984 1638 1014 1686 at
1024 1629 1157 1687 ediderat
1168 1629 1329 1687 Victorius.

252 1715 329 1771 Dav.
341 1724 371 1771 et
383 1714 462 1773 Oxx.
476 1723 583 1785 tacent,
596 1714 756 1772 deteriores
769 1733 833 1772 cum
846 1714 935 1775 Grut.
949 1723 1114 1789 sequentes.
1139 1716 1230 1773 Recte
1242 1723 1331 1790 negat

253 1798 347 1859 Gaius
358 1802 471 1871 viscera,
483 1818 559 1873 quae
570 1799 689 1875 proprie
701 1800 752 1857 illa
764 1801 983 1878 intelleguntur,
996 1818 1072 1874 quaa
1084 1818 1174 1874 supra
1185 1799 1330 1858 abdomen

253 1894 335 1954 sunt,
369 1894 437 1960 apta
470 1883 632 1956 nominari,
672 1903 738 1942 curn
773 1875 959 1961 δυσεντερικὰ
991 1874 1079 1960 πάθη
1113 1884 1330 1962 significentur3

253 1988 289 2026 aa
310 1969 387 2026 enim
417 1969 453 2026 ad
476 1972 601 2026 intestino
622 1971 780 2045 pertinent.
826 1968 990 2028 Offeneioni
1012 1969 1069 2027 fuit
1090 1970 1259 2027 coniunctio
1280 1987 1330 2045 ga·

252 2054 418 2112 nativorum
442 2054 621 2129 inaequalis,
651 2059 767 2126 vesicae,
797 2073 871 2129 quae
899 2073 968 2130 pars
997 2064 1042 2111 ast
1068 2055 1201 2130 corporis
1229 2054 1331 2112 dolore

253 2150 397 2215 correpta,
420 2148 450 2195 at
472 2143 621 2210 torminum,
645 2159 720 2215 quaa
742 2141 808 2216 ipsa
830 2149 875 2197 ast
898 2140 1008 2197 doloris
1029 2140 1157 2215 species,
1182 2149 1215 2197 ut
1236 2139 1331 2215 expli·

253 2224 339 2281 candi
367 2233 397 2281 at
424 2224 582 2281 definiendi
605 2225 663 2281 vim
688 2226 842 2302 genetivus
865 2226 987 2292 habeat3
1017 2225 1088 2299 (vid.
1112 2225 1206 2300 Epist.
1230 2233 1332 2281 nostra

253 2310 291 2366 ad
313 2309 405 2367 Orell.
429 2329 456 2384 p.
470 2310 520 2380 79,
545 2310 650 2367 Matth.
674 2311 711 2367 ad
734 2330 775 2368 or.
799 2309 886 2370 Catil.
909 2311 951 2380 11,
976 2311 1025 2380 24,
1048 2309 1085 2366 ad
1108 2328 1151 2368 or.
1176 2329 1230 2386 pro
1253 2310 1331 2367 Mur.

254 2394 321 2468 23);
350 2394 401 2451 aad
429 2395 560 2451 eiusdem
588 2395 705 2471 generis
728 2396 786 2453 alia
814 2396 899 2471 posui
921 2395 958 2452 ad
982 2397 1011 2458 Ι,
1036 2397 1091 2463 51;
1125 2395 1154 2451 in
1183 2395 1238 2453 hoc
1265 2395 1331 2470 ipso

253 2478 397 2537 vocabulo
420 2479 572 2536 commoda
595 2479 689 2538 Gaius
711 2490 879 2556 comparat,
904 2481 982 2555 quod
1005 2480 1083 2554 apud
1105 2479 1331 2555 Pliniumlegi·

253 2573 301 2621 tur
323 2565 363 2622 H.
376 2565 415 2621 N.
429 2565 568 2633 XXXII,
583 2566 637 2621 24:
659 2577 753 2623 contra
775 2569 916 2623 torminum
936 2584 970 2623 oo
990 2569 1093 2622 vesicae
1114 2584 1147 2622 aa
1168 2567 1332 2622 calculorum

252 2651 334 2706 malo.
369 2646 430 2729 [Ex
451 2649 593 2708 Cicerone
616 2650 693 2708 addo
715 2651 752 2708 da
773 2651 844 2726 imp.
867 2649 974 2725 Pomp.
989 2651 1043 2707 39:
1067 2651 1168 2720 biania,
1191 2670 1243 2707 noo
1265 2669 1332 2706 ova·

253 2737 331 2792 noae
348 2737 505 2809 perfupium
527 2744 557 2791 et
579 2736 611 2792 II
632 2736 662 2792 in
686 2735 750 2794 cat.
770 2736 803 2792 3:
831 2755 882 2792 non
910 2737 988 2792 modo
1009 2737 1127 2792 invidiae
1147 2754 1221 2792 meae
1243 2737 1331 2810 (quae

254 2820 464 2894 contrahetur),
487 2839 578 2877 omum
599 2825 679 2878 etiam
699 2823 770 2878 oilae
791 2823 879 2896 (quae
902 2820 1056 2895 eripietur)
1074 2816 1220 2900 pericula]
1258 2821 1331 2877 Mox

249 2916 351 2980 posset,
369 2907 447 2980 quod
460 2915 623 2980 temporum
635 2906 872 2964 consecutionem
885 2906 1045 2981 postulare,
1059 2905 1210 2963 Manutius
1221 2905 1332 2979 aliique

253 2990 476 3060 intellexerant,
501 2989 594 3048 Gaius
616 2990 656 3048 ait
681 2991 710 3047 in
733 2992 869 3049 omnibus
891 2991 952 3049 suia
974 3000 1092 3066 praeter
1114 2989 1192 3049 Gud.
1217 2992 1235 3048 2
1258 3008 1331 3048 asse.

254 3075 328 3134 Erat
349 3076 437 3132 etiam
461 3075 490 3132 in
514 3070 565 3143 Εξ.

340 3162 472 3216 illisorum
490 3161 649 3235 homineml)
668 3160 754 3235 Quod
772 3179 790 3218 a
806 3161 928 3219 librario
945 3161 982 3217 ad
999 3161 1209 3230 accusativum,
1232 3159 1283 3234 qni
1300 3159 1329 3217 in

255 3244 448 3302 exclamando
470 3244 599 3320 ponitur,
623 3246 830 3321 explicandum
847 3247 978 3303 additum
997 3254 1061 3302 arat
1082 3247 1112 3303 in
1130 3245 1264 3303 codicum
1282 3245 1332 3301 da·

255 3329 394 3386 tariorum
413 3330 554 3405 principe,
572 3349 637 3395 ecce,
661 3340 740 3387 recta
757 3332 897 3390 omittunt
913 3332 1001 3388 etiam
1020 3331 1084 3388 Pal.
1100 3334 1113 3387 1
1134 3341 1164 3388 et
1176 3331 1254 3406 Spir.
1268 3326 1332 3410 [B].

254 3414 360 3472 Paruit
387 3414 525 3471 Palatino
554 3415 705 3474 Davisius.
756 3417 847 3474 Recta
875 3417 1030 3492 Zumptius
1057 3417 1094 3473 ud
1122 3417 1208 3473 Verr.
1237 3417 1266 3486 Ι,
1291 3416 1331 3472 93

255 3508 387 3568 annotat,
410 3519 468 3557 ecce
489 3517 554 3556 curn
579 3501 747 3558 accusativo
770 3501 942 3560 aCicerone
965 3520 1024 3559 non
1046 3502 1126 3577 poni.
1163 3501 1221 3560 Sed
1244 3519 1331 3576 prae·

255 3593 337 3641 terea
358 3603 460 3642 ornnes
483 3584 555 3642 haec
577 3586 620 3642 sic
642 3585 903 3662 interpunxarunt:
927 3588 1024 3660 (Ecce)
1046 3589 1170 3644 miserum
1193 3587 1331 3656 honinem,

255 3671 377 3727 aidolor
398 3690 529 3727 sommium
551 3673 652 3727 molam
673 3680 722 3729 eat.
757 3673 824 3728 Dici
838 3680 893 3729 cet.
938 3671 1080 3730 Condicio
1103 3690 1162 3728 non
1185 3671 1333 3728 exclama·

255 3755 338 3816 tioni.
361 3754 412 3811 sad
435 3755 543 3813 iudicio
567 3755 753 3831 adiungenda
775 3766 846 3814 erat.

340 3844 440 3913 inquit,
470 3838 570 3918 mmsis)
593 3840 680 3898 Alter
708 3841 780 3898 ordo
808 3860 845 3898 ex
873 3843 918 3900 ad.
951 3860 994 3917 pr.
1023 3841 1052 3896 in
1076 3840 1279 3898 Manutianam
1303 3849 1333 3896 et

255 3924 392 3999 deinceps
420 3925 450 3980 in
479 3933 593 3982 ceteras
620 3935 689 3981 anta
712 3925 820 3984 Gaium
843 3927 938 3997 venit,
970 3935 1072 3984 contra
1100 3925 1168 3982 adit.
1192 3925 1273 3984 Crat.
1303 3933 1333 3981 at

255 4009 346 4079 vict,
369 4010 485 4067 codices
508 4008 585 4068 Gzii.

340 4099 465 4152 tractoria
498 4099 631 4152 rationam
664 4096 892 4171 inventorumque)
920 4097 988 4153 Non
1017 4096 1114 4171 potuit
1141 4094 1246 4153 Cicero
1274 4113 1332 4151 uno

255 4181 399 4238 vocabulo
429 4181 594 4254 exprimere
617 4181 676 4237 vim
699 4177 754 4236 τοῦ
776 4178 980 4256 διαλογισμοῦ,
1012 4201 1070 4255 quo
1093 4180 1239 4238 vocabulo
1261 4179 1332 4255 Epi·

255 4283 342 4322 curus
371 4266 498 4322 libenter
526 4285 596 4323 usus
625 4285 688 4323 esse
711 4265 828 4322 videtur
856 4267 1002 4324 derebus
1025 4266 1200 4341 quaerendis
1222 4274 1253 4321 ct
1274 4265 1333 4322 dis·

255 4350 379 4407 serendo
402 4351 596 4426 explicandis,
620 4351 703 4407 utin
727 4351 896 4408 definitione
918 4352 1124 4427 philosophiae
1146 4351 1224 4427 apud
1248 4350 1332 4410 Sext.
1440 4388 1444 4395 -

257 4435 341 4510 Emp.
364 4436 430 4492 adv.
454 4437 546 4493 Math.
569 4437 627 4512 xl,
653 4436 721 4494 169.
