3030 5086
215 490 280 558 398
606 510 652 556 nn
673 510 805 558 sommus
827 511 901 557 non.

217 676 375 758 Quidquid
402 678 482 743 enim
511 698 530 742 a
558 678 701 759 sapiente
727 677 949 760 proficiscitur,
976 681 1008 745 id
1029 679 1176 745 continuo
1199 679 1294 745 debet

216 779 371 860 expletum
394 799 464 844 esse
486 780 630 846 omnibus
652 782 718 846 suis
739 781 897 862 partibus;
926 782 957 847 in
986 800 1023 846 eo
1051 781 1131 848 enim
1154 782 1292 863 positum

215 882 332 961 estid,
360 882 444 962 quod
466 881 596 947 dicimus
619 902 689 949 esse
711 885 925 965 expetendum.
969 883 1050 948 Nam
1072 891 1108 949 ut
1128 888 1292 966 peccabam

216 991 265 1048 est
280 983 414 1065 patriam
432 985 575 1064 prodere,
597 992 745 1066 parentes
762 986 888 1065 violare,
909 985 984 1051 tana
1000 985 1185 1068 depeculari,
1209 1002 1293 1067 quae

176 1085 290 1152 bsunt
310 1087 341 1150 iu
363 1085 483 1164 effectu,
506 1087 551 1150 sic
572 1086 689 1166 timere,
712 1087 756 1152 sic
777 1106 926 1167 maerere,
949 1087 1047 1153 sicin
1070 1087 1198 1153 libidine
1220 1105 1292 1153 esse

214 1194 375 1268 peccatum
403 1194 452 1253 est
478 1188 573 1253 etiam
600 1189 667 1253 sine
689 1188 808 1255 effectu.
853 1189 970 1255 Verum
998 1197 1034 1254 ut
1059 1190 1137 1255 haec
1168 1207 1230 1254 non
1257 1189 1290 1253 in

214 1290 350 1370 posteris
367 1296 399 1355 et
414 1290 446 1354 in
464 1290 734 1371 consequentibus,
752 1291 853 1355 sedin
871 1291 980 1371 primis
997 1291 1144 1356 continuo
1161 1297 1292 1373 peccata

215 1400 296 1469 sunt,
314 1391 359 1455 sic
375 1409 420 1469 ea,
439 1409 520 1472 quae
537 1391 776 1471 proficiscuntur
792 1393 946 1472 avirtute,
963 1392 1162 1475 susceptione
1178 1392 1290 1474 prima,

214 1511 275 1558 non
298 1492 495 1574 perfectione,
520 1501 605 1558 recta
627 1500 701 1558 sunt
722 1494 896 1560 iudicanda.

157 1595 198 1660 10
299 1596 336 1661 X.
369 1597 420 1661 33.
453 1595 575 1660 Bonum
602 1603 720 1674 autem,
748 1596 832 1676 quod
858 1597 890 1662 in
917 1597 978 1662 hoo
1004 1615 1148 1662 sermone
1176 1594 1290 1661 totiens

214 1705 399 1779 usurpatum
423 1706 479 1776 est,
502 1697 533 1761 id
556 1697 649 1761 etiam
674 1695 854 1761 delinitione
876 1699 1056 1780 explicatur.
1101 1698 1164 1764 Sed
1180 1715 1290 1763 eorum

284 1906 305 1951 1.
324 1901 488 1965 sapr‘enciaE
546 1906 567 1951 2.
585 1901 686 1964 poesim
705 1910 739 1952 ert
757 1902 857 1951 eamn
915 1908 938 1950 4.
958 1901 1047 1951 on'olari
1062 1902 1106 1950 n?
1162 1904 1184 1951 5.
1204 1901 1288 1965 efficto

212 1969 312 2020 EMCR
347 1970 499 2019 bollai]
535 1969 662 2020 &aiath
698 1970 930 2021 o.ncoLPntca
969 1975 1006 2022 11.
1026 1969 1154 2034 epr'cetur
1167 1969 1289 2021 truce

211 2161 277 2218 vius
304 2159 341 2217 ad
365 2159 466 2220 Senec.
496 2159 532 2216 de
555 2160 626 2217 Vita
655 2161 747 2217 Beata
774 2178 800 2218 c.
820 2162 847 2217 7.
894 2160 1034 2217 Extremo
1062 2160 1159 2235 capite
1187 2175 1289 2216 omnes

211 2246 371 2303 deteriores
383 2245 476 2315 (Oxx.
490 2239 591 2320 Εῧξῖ)
608 2255 676 2303 recte
692 2255 754 2302 sunt
769 2247 931 2314 tadiconem
956 2245 1067 2320 primus
1085 2245 1288 2302 emendacione

210 2331 327 2388 videtur
350 2332 475 2387 Marsus.

296 2416 371 2491 Cap.
384 2417 424 2482 X,
439 2415 488 2471 33.
518 2416 625 2471 Bonum
647 2425 734 2470 auton
747 2448 785 2459 -
796 2416 965 2490 capientur)
983 2414 1033 2474 sic
1046 2416 1112 2489 (pro
1129 2416 1287 2490 arpiicetur)

210 2501 298 2559 etiam
322 2501 387 2558 Pal.
403 2504 415 2558 l
437 2509 466 2556 et
480 2501 556 2575 Spir.
570 2496 623 2580 [B]
640 2500 826 2574 restituitque
846 2509 912 2576 post
928 2500 984 2558 Th.
998 2500 1164 2557 Bentleium
1177 2498 1286 2566 Gaius:

210 2596 310 2644 narrat
332 2585 417 2657 Ceto,
440 2585 510 2659 quid
534 2585 595 2641 tieri
619 2585 696 2660 apud
721 2587 836 2644 Stoicos
859 2586 962 2655 soleat,
986 2595 1018 2641 ut
1040 2589 1055 2655 ξ
1074 2587 1128 2643 5οε
1152 2585 1287 2660 Deinceps

209 2676 359 2748 captantur
381 2672 529 2745 dr'fferentr'n
552 2690 649 2726 rectem,
693 2670 737 2727 Eo
760 2671 856 2726 minus
879 2668 1049 2727 offensionis
1071 2670 1174 2729 habet.
1197 2670 1285 2743 qnod,

208 2767 357 2832 tamqnam
382 2756 498 2815 Stoicos
526 2755 696 2830 appellarit,
726 2755 831 2817 subicit
859 2775 962 2824 eorrem,
991 2755 1020 2811 in
1050 2773 1108 2829 quo
1132 2754 1286 2812 Ernestius

208 2843 357 2900 haerebat.
381 2841 430 2898 alii
454 2849 550 2897 autem
574 2841 617 2897 ita
639 2860 669 2897 se
688 2841 857 2915 expediunt,
881 2849 914 2896 ut
930 2840 986 2897 hoc
1003 2858 1163 2915 pronomen
1182 2840 1284 2895 eodem

209 2928 295 2985 modo
319 2927 387 3003 poni
411 2934 524 3000 putent,
548 2934 637 3000 atque
659 2928 706 2993 illi,
731 2944 790 2999 quo
813 2925 931 3000 saepius
953 2923 1028 2984 Cato
1051 2926 1079 2981 in
1104 2923 1213 2984 Stoicis
1236 2924 1286 2981 ds·

210 3012 405 3070 monstrandis
417 3011 519 3069 utitur.
551 3011 626 3067 Miro
638 3011 695 3067 hoc
706 3010 821 3067 demum
836 3011 909 3080 loco,
927 3011 1087 3068 constituto
1099 3010 1157 3066 iam
1170 3028 1285 3066 summo

208 3099 285 3155 bono
308 3108 338 3155 et
360 3097 574 3165 demonstrato,
605 3095 678 3152 nihil
702 3114 765 3152 esse
790 3096 912 3165 bonum,
943 3096 999 3151 nisi
1022 3095 1100 3169 qnod
1128 3095 1283 3151 honestum

208 3183 254 3244 sit.
278 3184 343 3259 ipsa
366 3182 434 3237 boni
458 3181 539 3237 notio
562 3181 717 3257 attingitur
739 3189 766 3237 et
790 3181 853 3237 eius
876 3180 968 3256 origo.
1008 3181 1077 3248 sed,
1101 3191 1133 3237 ut
1155 3177 1191 3235 ad
1210 3180 1284 3241 int

207 3272 265 3329 iam
289 3266 367 3333 dixi,
391 3266 447 3340 ipsi
472 3266 571 3322 Stoici·
587 3266 655 3322 huic
670 3265 790 3343 notioni
814 3285 830 3320 a
853 3266 949 3340 prima
971 3266 1084 3342 origine
1107 3264 1285 3340 repetendae

207 3367 237 3414 et
259 3351 479 3413 constituendae
503 3340 654 3417 minorem,
678 3369 764 3424 quam
789 3350 944 3421 debebant,
968 3370 1086 3426 operam
1105 3350 1285 3424 impendisse

205 3442 343 3499 videntur
365 3454 419 3492 nec
442 3435 504 3492 eius
527 3436 783 3510 pertractationem
808 3435 837 3491 in
856 3435 946 3493 totins
963 3435 1137 3511 disciplinae
1154 3434 1284 3510 descrip-

206 3526 286 3584 tione
310 3521 468 3599 praecipuo
492 3521 556 3577 loco
578 3520 720 3596 posuisse.
767 3520 872 3594 Itaque
895 3539 952 3577 non
976 3521 1048 3577 satis
1071 3520 1099 3577 id
1123 3539 1284 3594 conseque·

205 3612 327 3678 bantur,
356 3625 414 3681 quo
441 3606 507 3680 ipsa
534 3606 606 3664 baec
634 3605 793 3680 explicatio
817 3605 957 3680 (maxime
980 3611 995 3677 ξ
1020 3606 1071 3680 34)
1094 3614 1222 3681 spectat,
1251 3613 1285 3662 ut

205 3696 358 3773 perspicue
381 3692 578 3759 ostenderent,
602 3691 720 3760 bonum,
743 3691 821 3766 quod
845 3691 940 3748 ethice
963 3692 1118 3761 diceretur,
1142 3690 1221 3765 quod
1238 3689 1283 3747 illi

204 3783 298 3839 solum
323 3781 430 3835 bonum
454 3775 657 3850 appellabant,
686 3777 833 3850 quomodo
861 3775 973 3833 abillo
997 3777 1088 3843 bono,
1117 3776 1194 3850 quod
1223 3775 1283 3831 alio

204 3867 291 3924 modo
304 3866 458 3922 diceretur.
476 3860 608 3918 differret.
625 3873 653 3917 et
670 3879 728 3934 qua
745 3880 782 3917 ex
801 3869 883 3936 parte
901 3878 966 3918 eum
984 3860 1036 3917 illo
1054 3861 1281 3918 consociaretur.

199 3951 250 4009 Ex
273 3947 492 4008 definitionibus
520 3956 617 4003 autem
646 3946 715 4002 boni
739 3946 861 4012 Stoicis,
892 3965 966 4020 quae
989 3955 1181 4002 conservatae
1204 3952 1282 4015 sunt,

203 4036 279 4094 aliae
299 4045 410 4092 tantum
430 4032 517 4088 huius
535 4031 664 4088 notionis
682 4049 746 4087 cum
765 4031 893 4088 alienon
908 4031 1000 4104 magis
1013 4030 1281 4106 explicatanexnm

203 4122 378 4197 significant,
403 4129 434 4173 ut
452 4117 504 4173 illa
520 4117 692 4180 communis,
717 4105 836 4191 ἀγαθὸν
856 4109 929 4170 εἶναι
948 4108 1092 4186 ὠφέλειαν
1111 4101 1128 4190 ἢ
1152 4132 1205 4189 ουχ
1222 4107 1281 4171 ἕτε-

203 4224 256 4281 ρον
278 4196 424 4278 ὠφελείας
446 4203 541 4273 (sext.
555 4202 638 4276 Emp.
653 4202 758 4279 Pyrrh.
773 4201 924 4276 Hypotyp.
947 4201 1005 4269 111,
1026 4202 1094 4268 169,
1118 4200 1185 4257 adv.
1210 4199 1280 4258 Eth.

204 4290 258 4357 22,
289 4289 374 4364 Diog.
399 4289 475 4353 VII,
500 4289 567 4361 94),
597 4287 672 4344 aliae
701 4297 814 4343 tantum
843 4286 1013 4343 adiunctum
1044 4285 1182 4359 quiddam
1212 4283 1281 4340 huic

202 4375 324 4442 notioni,
348 4383 375 4430 et
395 4375 473 4449 quod
490 4390 672 4446 consequens
689 4371 736 4435 sit.
754 4370 934 4447 exprimunt,
957 4380 990 4428 ut
1006 4370 1085 4441 illae,
1109 4389 1184 4444 quae
1201 4368 1281 4444 apud

203 4459 284 4516 Sext.
308 4459 418 4535 Empir.
448 4459 600 4535 Hypotyp.
624 4458 688 4529 111,
714 4457 774 4515 172
808 4465 838 4513 et
866 4455 933 4513 adv.
961 4455 1030 4514 Eth.
1062 4455 1101 4513 30
1130 4464 1282 4530 ponuntur·
