3030 5086
252 466 316 531 202
643 483 688 528 nn
711 482 842 528 sturnus
864 481 936 527 nou.

253 671 327 716 suas
350 651 450 734 diligit
471 652 621 731 dumque,
643 669 724 731 quae
741 649 894 713 maximae
911 659 992 727 suut,
1014 649 1046 714 in
1063 649 1174 730 primis
1191 650 1332 731 amplec-

253 754 337 831 titur,
354 755 488 819 enimum
506 761 537 816 et
552 771 676 832 corpus,
699 752 813 816 deinde
828 751 992 832 utriusque
1008 759 1125 832 partes.
1157 753 1239 817 llam
1257 760 1335 817 surrt

253 866 286 919 et
311 855 343 919 in
371 856 474 919 animo
496 854 667 935 praecipua
688 855 841 936 quaedem
869 853 953 919 etin
976 870 1122 934 corpore,
1151 872 1233 936 quae
1259 872 1332 919 cum

252 957 361 1023 leviter
382 956 524 1039 agnovit,
554 963 617 1019 turn
640 956 818 1021 discernere
839 955 960 1035 incipit,
989 963 1097 1033 ntea,
1124 974 1205 1037 quae
1227 956 1335 1037 prima

215 1059 329 1125 bdata
350 1059 413 1123 sint
435 1070 556 1135 natura,
579 1065 709 1138 appetat
730 1066 979 1139 asperneturque
1000 1058 1167 1122 contraria
1210 1058 1262 1124 et
1294 1059 1333 1123 ln

325 1284 345 1327 l.
370 1297 431 1343 quae
454 1279 546 1328 om.G
600 1278 754 1327 invenlt
806 1286 861 1327 tunc
884 1277 999 1343 [Allicit
1049 1279 1173 1342 prtinoll
1227 1283 1251 1329 t.
1274 1288 1334 1329 runt

254 1348 416 1399 truciter.
436 1348 535 1411 (nmero
554 1348 613 1395 date
631 1355 686 1396 eunt
705 1348 735 1410 L)
774 1346 973 1414 [reperiunturque
992 1345 1038 1413 lt']

253 1540 380 1614 positum
404 1557 462 1595 nou
485 1538 587 1596 tulisse
610 1548 697 1612 etque
720 1548 889 1593 constanter
910 1548 935 1593 et
957 1537 1115 1599 addidisse,
1140 1538 1335 1611 quemadmo-

254 1625 321 1681 dum
340 1624 411 1680 alibi
429 1634 511 1698 etque
522 1624 569 1679 vel
588 1634 616 1679 ut
627 1622 815 1687 addiderunt3
835 1622 892 1677 vid.
907 1621 1056 1680 Drakenb.
1070 1622 1107 1678 ad
1123 1623 1185 1679 Liv.
1198 1623 1253 1689 vl,
1269 1625 1298 1691 1,
1313 1622 1332 1679 6

255 1720 282 1765 et
306 1727 379 1782 qum
402 1708 452 1764 ille
475 1710 555 1766 citet.
603 1709 725 1783 Legitur
745 1710 824 1763 sinrtd
845 1716 870 1763 et
892 1707 980 1763 etiam
1003 1707 1040 1763 ad
1064 1707 1121 1780 Qu.
1146 1708 1195 1764 Fr.
1212 1707 1254 1769 ΙΙ,
1267 1707 1334 1777 6,3

254 1814 272 1850 a
295 1794 388 1869 prima
412 1813 499 1850 manu
522 1793 586 1850 rod.
611 1792 750 1861 Mediooi;
780 1792 873 1847 altera
901 1792 1053 1849 substituit
1080 1795 1160 1849 nrrrul
1185 1803 1224 1849 nt.
1268 1793 1335 1851 Pro

256 1879 356 1936 Plane.
383 1882 419 1935 14
444 1879 553 1935 editur:
576 1881 656 1935 nrrrrrl
677 1888 719 1947 nt,
744 1882 792 1951 qni
812 1881 865 1933 sirit
883 1880 1016 1952 professi,
1040 1879 1146 1945 vr'dero,
1169 1879 1274 1937 dicurm
1300 1877 1333 1934 in

254 1965 318 2021 cod.
342 1963 404 2021 Erf.
434 1972 479 2021 est
505 1967 585 2021 eirnul
611 1975 640 2020 nt
662 1974 686 2019 et
708 1966 769 2037 qrn‘3
804 1962 874 2018 milri
902 1973 1058 2037 utrumque
1086 1973 1252 2037 suspectum
1282 1963 1333 2031 fin

254 2050 354 2124 itaque
382 2050 458 2105 hunc
486 2049 581 2106 locum
610 2067 699 2124 supra
726 2067 783 2103 non
813 2047 907 2122 posui.
952 2046 1013 2124 [Ex
1037 2049 1184 2123 scriptura
1205 2047 1332 2107 ABErl.

254 2136 334 2191 sr'rnnl
355 2146 379 2191 et
401 2146 487 2191 ornan
509 2146 533 2191 et
555 2154 583 2191 se
605 2134 682 2191 effici
706 2144 817 2208 potest:
839 2136 920 2190 simiel
941 2144 979 2190 est
1001 2143 1097 2199 ortum,
1120 2144 1145 2190 et
1166 2132 1220 2211 aa]

341 2230 395 2276 turn
433 2218 596 2288 cirecernere)
631 2220 680 2275 ste
716 2219 803 2275 etium
839 2218 917 2294 Spin.
952 2216 1008 2297 [B]
1042 2218 1192 2292 ediditque
1225 2218 1333 2277 Gztue.

256 2305 391 2363 Relativo
413 2326 472 2361 eron
495 2306 651 2379 respondet
674 2315 743 2371 tnrn3
767 2314 827 2360 trun·
850 2304 998 2378 propriam
1022 2321 1057 2360 uc
1079 2304 1331 2361 vehementiorem

254 2391 532 2448 demonstrationem
557 2391 653 2446 hebet.

336 2479 428 2550 prima
449 2478 516 2532 duta
538 2479 591 2531 sint
613 2477 725 2547 rrrrtnra)
745 2474 951 2541 ludicativum,
974 2492 1060 2547 quarn
1080 2492 1182 2531 ornnes
1198 2482 1335 2531 tacentes

255 2572 420 2630 tenuerant,
437 2560 593 2634 respuebat
612 2560 715 2616 oratio.
749 2560 813 2616 Nec
830 2559 906 2616 eninr
925 2559 1058 2616 absolute
1071 2559 1236 2634 concipitur
1247 2558 1334 2615 notio

255 2645 430 2722 primorum,
459 2646 510 2702 sed
533 2645 659 2702 refertur
681 2644 717 2700 nd
741 2644 877 2701 animalis
905 2664 940 2701 ea
967 2644 1133 2701 discernere
1162 2643 1334 2720 incipientis

255 2731 473 2806 cogitationem.
507 2728 598 2807 ([Sr'nt
615 2731 701 2786 etiam
717 2728 767 2807 B.]
790 2729 901 2788 (sudu
919 2749 976 2787 orn.
997 2730 1082 2803 urent.)
1128 2731 1172 2787 De
1189 2728 1333 2804 loquendi

255 2835 362 2893 genere
385 2816 475 2890 (qnod
498 2816 656 2891 significat:
680 2835 749 2889 quae
771 2826 870 2871 notura
889 2818 980 2889 primu
1002 2819 1143 2871 rorrstriutn
1166 2825 1236 2883 sunt,
1257 2834 1334 2889 quae

254 2901 518 2977 oppetesernns)dixi
531 2902 560 2957 in
574 2919 697 2957 excursu
711 2901 852 2976 deprimis
862 2911 975 2957 venturae
986 2901 1021 2955 ad
1036 2901 1112 2956 hinne
1124 2910 1154 2957 et
1164 2900 1238 2956 alios
1247 2900 1333 2959 locos

255 2987 431 3062 conscripto,
449 2987 499 3043 nin
517 3000 544 3042 et
563 2987 642 3043 illum
657 2987 804 3042 irmionem
817 2986 963 3060 explicavi
982 2996 1010 3043 et
1023 2986 1112 3042 totius
1125 2986 1197 3049 eins,
1214 2985 1264 3059 qui
1281 2984 1334 3043 hie

254 3073 396 3147 seqnitur,
419 3072 476 3128 loci
499 3073 641 3128 rationem
665 3072 798 3146 exposui.
847 3070 918 3127 Vult
940 3071 1016 3127 enim
1038 3071 1143 3129 Cicero
1164 3070 1333 3139 ostendere,

254 3168 368 3215 eeteros
392 3157 583 3232 philosophos
606 3157 661 3212 sibi
685 3157 851 3213 constitisse
879 3156 908 3212 in
933 3157 1027 3230 primo
1051 3168 1172 3212 naturae
1194 3156 1332 3231 appetitu

254 3243 359 3317 iisque,
383 3261 458 3315 qnae
482 3242 508 3298 ei
531 3243 750 3316 responderent,
774 3243 885 3315 (prinae
908 3246 1032 3314 nutrires)
1052 3241 1225 3298 deliniendis
1246 3251 1277 3299 et
1299 3241 1332 3299 in

255 3347 369 3385 summo
393 3328 470 3384 bono
493 3327 712 3383 constituendo.
737 3328 897 3401 Epicurum
921 3327 977 3384 sibi
1000 3346 1057 3382 non
1081 3337 1225 3383 constare.
1270 3326 1331 3383 Sed

255 3413 306 3470 ulii
330 3431 367 3469 ex
389 3412 449 3469 illis
471 3411 654 3487 philosophis
683 3413 801 3469 omnino
830 3412 911 3469 nulla
937 3413 1207 3469 commemorabant
1235 3411 1332 3487 prime

255 3509 377 3555 naturae
401 3517 418 3554 a
440 3516 554 3554 summo
578 3498 654 3553 bono
677 3498 817 3554 seiuncta.
840 3497 891 3553 sed
915 3497 944 3553 id
967 3497 1077 3573 ipsum,
1101 3498 1178 3572 qnod
1202 3497 1330 3572 primum

255 3593 459 3660 appeteretur,
488 3583 661 3658 simpliciter
688 3601 832 3639 summum
857 3583 964 3639 bonum
989 3583 1139 3651 dicebant,
1168 3593 1199 3640 ut
1222 3582 1331 3640 Hiero·

255 3688 375 3746 nymus,
398 3669 584 3744 Aristippus.
609 3668 777 3727 Carneades
799 3668 859 3724 alio
882 3669 1008 3742 quodam
1033 3669 1132 3737 modo,
1156 3668 1207 3725 alii
1229 3687 1288 3725 non
1312 3686 1332 3725 a

255 3755 358 3831 primis
376 3765 497 3810 naturae
515 3754 551 3810 ad
574 3773 718 3810 srrnrmnm
743 3755 850 3810 bonum
868 3754 1089 3828 perveniebant.
1112 3755 1163 3811 sed
1181 3753 1233 3810 illa
1249 3771 1329 3810 com·

255 3841 356 3902 moda,
385 3859 460 3913 quae
483 3839 524 3896 sic
548 3839 752 3914 appellabant,
776 3849 826 3895 ant
849 3839 1043 3895 excludebant
1068 3859 1086 3895 a
1109 3839 1176 3896 boni
1201 3838 1330 3905 notione,

255 3936 288 3982 ut
310 3926 417 3993 Stoici,
446 3935 498 3982 aut
521 3925 549 3980 in
573 3924 681 3999 exigua
708 3924 771 3980 eius
800 3936 883 3999 pente
906 3925 1067 3999 ponebant,
1097 3934 1127 3981 ut
1150 3923 1272 3982 Polemo
1300 3932 1332 3981 et

255 4011 448 4080 Aristoteles,
478 4010 533 4066 etsi
561 4010 591 4066 hi
613 4028 717 4084 reapse
739 4009 791 4065 illo
816 4010 931 4066 nornine
955 4010 999 4065 nsi
1024 4029 1080 4065 non
1105 4018 1181 4066 sunt.
1224 4009 1331 4083 Itaque

255 4115 291 4152 ne
314 4097 343 4153 in
368 4096 465 4152 verbis
488 4095 605 4170 quidem
630 4095 782 4154 Ciceronis
805 4094 865 4151 ulla
887 4105 1008 4170 apparet
1032 4095 1236 4151 convenientia
1253 4095 1332 4152 inter

255 4194 351 4240 certas
374 4200 423 4239 ees
448 4201 502 4249 res,
526 4200 599 4256 ques
622 4182 731 4256 primas
754 4181 832 4237 visas
855 4180 926 4236 dicit
948 4180 1114 4250 Aristoteli,
1138 4189 1168 4236 et
1189 4181 1228 4237 id.
1251 4179 1331 4255 qnod

256 4286 399 4324 summum
419 4268 541 4327 bonum,
565 4267 593 4322 in
618 4285 676 4340 quo
693 4267 818 4341 primum
837 4265 932 4322 locum
951 4276 1030 4322 tenet
1049 4266 1151 4323 virtus.
1174 4265 1332 4322 coniuncte

256 4371 321 4408 cum
345 4351 448 4426 prinda
470 4351 529 4407 illis
552 4351 664 4406 infinite
682 4352 785 4426 positis
808 4370 861 4407 nec
885 4351 1003 4407 uberius
1021 4351 1184 4426 explicetis.
1220 4350 1331 4407 Debuit

257 4436 371 4495 Cicero,
390 4436 443 4493 bac
461 4445 523 4493 tota
534 4437 753 4511 comparatione
765 4437 884 4506 omissa,
902 4436 1022 4512 Epicuri
1040 4436 1265 4493 inconstantiam
1280 4454 1332 4511 per
