3030 5086
410 499 455 544 ur
477 498 558 546 nur..
581 499 644 546 ura.
667 500 704 546 111
726 499 799 548 car.
820 503 858 550 ιι.
873 501 1006 566 (ιι-ιι.)
1180 486 1242 554 421

167 667 342 748 expetenda
364 668 457 733 beata
479 667 564 746 vita,
586 667 613 732 si
641 668 682 732 sit
703 668 812 754 longa,
839 687 933 750 quam
955 671 983 735 si
1004 669 1122 751 brevis3
1150 677 1244 736 utun·

166 775 280 850 turqne
303 768 408 859 simili:
430 768 482 849 Ut,
505 768 533 833 si
555 768 698 835 cothurni
714 770 783 835 lana
799 770 853 836 illa
869 776 961 851 esset,
983 772 1025 836 ad
1042 773 1154 854 pedem
1170 778 1256 853 apte

166 870 346 956 convenire,
373 888 474 950 neque
495 870 583 934 multi
605 872 748 937 cothurni
770 873 878 955 paucis
899 879 1166 955 anteponerentur
1187 893 1244 941 nec

167 972 301 1037 maiores
323 970 510 1052 minoribus
541 971 599 1051 sic,
626 990 759 1053 quorum
782 975 1009 1040 omnebonum
1030 975 1244 1040 convenientia

165 1080 260 1154 atque
282 1073 518 1155 opportunitate
539 1072 659 1153 finitur,
687 1093 744 1140 nec
765 1075 859 1157 plura
879 1075 1075 1157 paucioribus
1097 1096 1153 1143 nec
1174 1078 1242 1142 lon·
1259 1081 1281 1147 5

165 1174 330 1255 ginquiora
351 1174 545 1240 brevioribus
566 1183 765 1258 anteponent
807 1178 858 1242 47.
881 1178 948 1243 Nec
963 1197 1038 1244 vero
1050 1179 1134 1244 satia
1152 1186 1242 1243 acute

59 1465 65 1474 .
238 1429 348 1478 l.st‘sit
366 1428 441 1478 breare
460 1428 504 1477 El.
554 1430 726 1480 2.su'om.E
761 1430 921 1482 astritici.
967 1432 1081 1481 t.sr‘tE
1126 1431 1242 1549 ⁵''dfmi'
1282 1436 1291 1445 ⁸

90 1528 92 1532 ι
165 1504 216 1545 ture
235 1496 264 1562 t]
302 1502 324 1546 6.
343 1497 548 1561 anteponerentC
571 1500 807 1564 anteponerenturE
831 1509 1000 1565 anteponentur
1020 1499 1161 1568 [turma
1186 1514 1207 1552 r.

166 1736 224 1810 8p.
242 1738 320 1793 1061
336 1738 359 1794 F
371 1756 409 1793 ox
422 1736 587 1795 Stoicorum
600 1739 759 1797 sententia.
763 1730 949 1835 Ἀγαθὸν
935 1759 950 1796 ο
966 1758 1074 1831 χρονος
1092 1759 1144 1797 ουκ
1161 1727 1243 1808 αοξει

164 1806 404 1916 naooyrno'penoc,
423 1809 548 1876 ἀλλά
510 1841 565 1877 καν
577 1813 685 1918 ἀκαρές
696 1842 741 1889 τις
752 1842 833 1901 apae
844 1817 971 1922 γένηται
972 1810 1126 1899 φρόνιμος,
1146 1810 1241 1879 addent

163 1892 255 2000 πρὸςυ
261 1894 449 1996 εὐδαιμονίαν
473 1895 728 2003 aaqietqrtip‘aerat
757 1903 812 1963 τοῦ
840 1897 892 1964 τὸν
915 1901 1009 1964 αι’ὦνα
1030 1898 1182 1984 χρωμένου
1205 1901 1241 1979 τῇ

165 1977 255 2063 αρετῇ
273 1977 322 2044 καὶ
344 1984 497 2065 μακαρίως
521 1982 548 2044 ἕν
572 1980 646 2064 αυτῇ
668 1987 947 2087 καταμιοῦντος.
923 1992 1005 2049 Idem
1026 1991 1061 2048 de
1080 1991 1171 2051 Stoic.
1183 1991 1248 2048 Res

164 2088 254 2166 pugn.
270 2073 350 2148 top.
367 2073 498 2132 lotoe:
519 2063 567 2130 Ἐν
583 2070 704 2138 πολλοῖς
721 2093 832 2171 ειρηιιμν
850 2060 1064 2172 ὁΧρόσιιτπος),
1089 2062 1134 2132 ὅτι
1136 2063 1239 2171 παρὰ

163 2144 216 2211 τὸν
237 2155 375 2213 πλεῖστον
395 2143 503 2233 χρόνον
525 2147 610 2214 οὐδὲν
638 2153 752 2250 μᾶλλον
774 2149 1013 2257 εὐδαιμονοῦσιν,
1042 2152 1104 2216 aa·
1130 2151 1241 2234 ὁμοίως

164 2225 213 2293 καὶ
241 2229 329 2296 ἐπ”
313 2257 378 2314 ισης
404 2243 468 2305 τοῖς
494 2234 546 2300 τὸν
575 2232 670 2318 auspi]
690 2258 798 2318 χρονον
820 2234 1010 2316 εὐδαιμονίας
1031 2238 1238 2318 μετασχοῦσιν.

164 2320 273 2395 (Etiam
297 2325 385 2424 apud
399 2325 481 2386 Stob.
505 2326 568 2384 Ecl.
590 2325 659 2382 Eth.
681 2344 711 2400 p.
734 2326 793 2383 198
810 2328 859 2396 Η.
882 2327 933 2383 ubi
955 2345 1032 2385 nunc
1055 2326 1241 2405 Chrysippus

164 2400 324 2468 dicitur
292 2427 344 2484 την
367 2402 557 2485 ἀμεριμνίαν,
580 2429 655 2485 quae
679 2429 823 2484 nusquam
845 2412 983 2469 laudatur
1005 2421 1035 2470 et
1056 2412 1086 2470 in
1109 2431 1168 2511 qua
1189 2409 1243 2486 de·

164 2491 293 2553 finienda
310 2495 494 2553 desideratur
509 2496 663 2571 genetivus
686 2492 744 2550 τῶν
767 2492 868 2569 σοφῶν
887 2486 1010 2594 ἀνδρῶν,
1033 2498 1240 2573 aequiperasse

163 2576 200 2654 τῇ
226 2577 281 2636 τοῦ
304 2569 377 2643 Διὸς
399 2570 587 2656 εὐδαιμονίᾳ,
617 2580 803 2637 scribendum
833 2589 878 2637 est
905 2570 957 2655 τὴν
985 2573 1157 2658 αμεριαίαν,
1187 2580 1239 2639 sed

163 2664 251 2722 simul
273 2664 365 2722 rerba
387 2664 529 2738 quaedam
554 2664 692 2735 tollenda,
716 2683 791 2739 quae
813 2676 934 2741 proptor
956 2665 985 2722 id
1008 2667 1145 2722 mendum
1163 2666 1240 2723 male

162 2749 290 2825 repetita
311 2752 401 2823 sunt.)
447 2750 570 2806 Easdem
601 2749 763 2807 sententias
793 2750 907 2809 Seneca
934 2751 1121 2826 persequitur
1142 2750 1239 2827 Epist.

165 2836 221 2905 74,
245 2835 284 2891 26
309 2853 372 2908 sqq.
425 2835 576 2892 lucidabat
603 2845 700 2891 tamen
729 2835 913 2914 Chrysippus
940 2836 1106 2893 necessario
1134 2835 1164 2892 in
1193 2854 1239 2892 re-

163 2919 364 2996 pugnantiam,
388 2938 463 2993 quae
482 2919 672 2977 aPlntarcho
690 2929 822 2990 notatnr3
847 2939 913 2977 nam
937 2938 1001 2977 cum
1024 2921 1083 2978 alio
1106 2930 1239 2997 tempore

163 3004 421 3072 animadverteret,
444 3005 677 3061 convenientiam
701 3005 799 3074 illam,
823 3024 909 3080 quam
934 3005 1049 3080 plenam
1073 3024 1137 3063 essa
1160 3005 1238 3062 dice·

163 3090 214 3147 bat
236 3090 266 3147 in
289 3089 431 3165 sapientis
454 3090 523 3159 vita,
547 3091 662 3147 etiamsi
685 3090 859 3148 brevissima
881 3100 972 3162 esset,
995 3099 1093 3147 tamen
1116 3091 1146 3147 in
1169 3108 1238 3147 con·

163 3174 327 3232 tinuatione
344 3174 469 3249 quadam
490 3175 595 3249 agendi
618 3186 647 3232 et
664 3183 767 3245 status,
791 3194 850 3251 qua
866 3176 945 3232 vitae
962 3176 1043 3233 notio
1061 3175 1237 3246 continetur,

162 3261 290 3336 perspici
314 3260 429 3327 debere,
454 3261 615 3335 sapientem
639 3269 736 3317 autem
760 3279 797 3316 ex
820 3261 977 3336 insipiente
999 3261 1063 3317 fieri
1081 3279 1168 3336 posse
1185 3261 1238 3318 do·

163 3355 256 3414 caret,
280 3346 406 3421 negabat
429 3345 587 3419 quidquam
612 3347 766 3420 prodesse,
789 3346 815 3402 si
837 3346 912 3420 quis,
936 3354 1029 3403 morte
1051 3345 1170 3403 iamiam
1193 3344 1238 3402 in·

162 3439 274 3500 stante,
302 3432 339 3487 ad
362 3430 566 3487 brevissimum
595 3440 711 3506 tempus
733 3431 850 3505 sapiens
872 3430 968 3488 factus
991 3440 1078 3489 esset.
1125 3430 1237 3502 Simile,
1311 3455 1314 3459 ⁴

162 3515 240 3590 quod
263 3514 338 3574 Cato
367 3516 463 3589 ponit,
492 3516 570 3589 apud
593 3514 740 3584 Graecos,
770 3535 893 3590 quorum
922 3516 990 3572 libri
1018 3534 1096 3572 nunc
1124 3525 1237 3587 extant,

158 3605 221 3658 ‚non
243 3600 367 3676 reperio.
413 3598 462 3680 [Si
482 3601 567 3656 breuis
590 3610 670 3657 tenet
694 3597 742 3678 B.]

248 3689 295 3756 sic,
319 3706 480 3760 quoruin—
487 3706 553 3755 ,nec
561 3689 695 3760 ptara—
708 3686 879 3761 anteponent)
897 3684 976 3759 Qui
968 3695 1018 3756 lta
1036 3694 1068 3742 ut
1081 3686 1182 3756 Stoici,
1200 3687 1237 3742 do

162 3770 220 3828 flue
232 3771 301 3827 boni
313 3772 450 3842 sentiant,
468 3772 522 3827 hoc
535 3771 663 3829 iacturas
675 3770 750 3830 Coto
762 3780 858 3847 negat.
881 3771 917 3827 In
929 3770 1013 3829 codd.
1028 3780 1057 3827 et
1069 3771 1151 3828 editt.
1165 3771 1237 3827 scri·

162 3855 242 3913 bitur
252 3867 451 3931 anteponentur.
486 3856 582 3921 Ita,s1
601 3877 714 3930 qaorum
732 3855 885 3912 masculini
903 3856 1020 3932 generis
1039 3875 1112 3924 esse,
1132 3866 1164 3912 ut
1181 3865 1235 3925 est,

162 3941 323 4017 putabitur,
341 3942 543 4016 intellegetur:
562 3943 596 3997 ab
610 3945 642 3997 iis
658 3976 689 3982 —=
707 3951 913 4015 αιιισρονισιιιιινς
931 3959 1031 3998 verum
1044 3959 1081 3997 ue
1092 3940 1159 3998 illos
1171 3941 1236 4014 qui·

161 4027 238 4095 dem,
261 4027 310 4101 qui
334 4027 422 4103 paulo
445 4036 513 4084 ante
536 4028 601 4100 (41)
624 4025 773 4084 defensuri
795 4025 919 4096 fuerint,
942 4026 1038 4082 dicere
1062 4024 1234 4084 Ciceronem

162 4111 308 4188 potuisse:
325 4115 380 4168 vita
391 4115 544 4187 corripietur,
562 4114 636 4186 quod
646 4115 826 4168 aestimatione
837 4113 946 4185 dipnuni
958 4121 997 4167 est
1013 4129 1066 4185 pro
1079 4110 1148 4167 hoc:
1165 4129 1235 4167 com·

159 4199 249 4272 pletas·
260 4216 297 4266 eo,
310 4199 391 4272 qnod.
411 4196 582 4254 defensuros
595 4205 675 4272 puto,
694 4196 804 4254 dixisse
816 4214 882 4252 eum
895 4195 998 4253 etiam:
1015 4197 1236 4270 quarantianum

161 4284 338 4339 convenentia
343 4284 450 4355 finitur,
458 4285 542 4358 plura
550 4284 724 4356 paucioribus
736 4302 787 4338 noa
798 4290 997 4356 anteponentur,
1010 4290 1042 4338 ut
1053 4281 1106 4338 sit:
1124 4282 1163 4337 ab
1182 4283 1207 4337 ii
1212 4300 1235 4337 a.

160 4365 284 4424 Poterat
301 4367 357 4425 hoc
374 4369 473 4442 aliquo
491 4368 578 4425 modo
597 4367 702 4437 audiri,
726 4367 750 4425 si
773 4366 803 4423 in
826 4366 951 4423 relativa
969 4366 1116 4424 sententia
1132 4366 1235 4423 eadem

160 4460 239 4510 osset
255 4454 444 4528 praepositio,
462 4453 540 4509 idem
558 4452 678 4509 verbum
692 4454 722 4526 (a
738 4453 836 4526 quibua
852 4454 1041 4527 anteponitur).
1071 4450 1124 4511 Sin
1136 4460 1235 4509 autem
