3030 5086
493 505 536 549 ur
561 504 640 549 nnn.
664 503 727 548 ms.
750 505 772 549 n
796 503 869 550 cen.
889 508 911 550 ι.
928 507 1059 559 (ιι-ιιι
1237 487 1295 550 157

219 676 292 757 quid
327 674 480 757 Epicurus
515 672 612 748 dic'at,
651 690 708 751 ego
742 691 804 736 uon
838 671 1004 753 intellego?
1058 672 1101 736 Ut
1134 672 1216 737 scias
1249 691 1300 736 me

218 776 415 856 intellegere,
464 774 598 854 primum
648 774 729 838 idem
781 773 878 857 [esse]
930 774 999 838 dico
1044 772 1296 854 voluptatem,

219 878 304 960 quod
336 877 388 941 ille
422 864 535 953 ἡδονήν.
579 875 632 961 ‘Et
665 876 790 956 quidem
829 894 924 956 saepe
957 875 1134 957 quaerimus
1168 877 1296 942 verbmu

218 979 366 1045 Ladnrun
393 997 453 1060 par
475 977 597 1042 Graeco
625 989 656 1041 et
683 978 766 1058 qued
794 977 875 1041 idem
899 977 1016 1056 valeat;
1050 977 1099 1042 hic
1127 977 1200 1042 nihil
1229 978 1295 1053 fuit,

219 1081 301 1161 quod
327 1098 557 1161 quaereremus.
602 1079 728 1143 Nullum
755 1079 889 1143 inveniri
912 1079 1040 1144 verbum
1063 1090 1181 1160 potest,
1212 1080 1334 1160 quodi)

218 1182 319 1261 magis
341 1182 422 1247 idem
446 1181 583 1247 declaret
606 1182 730 1258 Latine,
764 1182 848 1262 quod
871 1181 1007 1260 Graece,
1041 1199 1134 1261 quam
1157 1181 1296 1246 declarat

292 1407 299 1450 1
331 1402 433 1464 qaodE
488 1407 510 1449 ¹2.
530 1402 605 1450 idest
625 1405 682 1466 (pro
700 1401 771 1465 edem)
792 1403 813 1450 ll
837 1419 888 1450 esee
912 1403 965 1450 sine
983 1403 1054 1450 uncis
1073 1401 1114 1452 Or
1153 1400 1294 1465 voluptatem

219 1470 272 1520 dico
291 1470 340 1520 MC
377 1475 398 1518 8.
417 1469 498 1536 [ledo
499 1487 540 1518 rem
560 1469 607 1537 ΑΙ]
644 1469 750 1534 equidem
769 1472 819 1533 (om
848 1471 916 1529 etJE
955 1468 1160 1551 [qaaeremmA']
1200 1476 1221 1520 6
1243 1487 1295 1519 oer-
1327 1501 1329 1508 ,

219 1541 270 1588 bam
289 1554 336 1588 om
358 1538 520 1589 testeum·
558 1543 581 1587 6.
601 1556 671 1603 quara
692 1537 784 1588 Graece
803 1539 824 1586 E
844 1538 908 1603 qaod
926 1537 1019 1588 Graece
1038 1533 1119 1608 q‘dorr'
1139 1541 1181 1589 Or.

220 1729 366 1805 voluptas,
391 1728 441 1786 sed
465 1729 500 1784 de
525 1729 651 1799 nomine,
675 1730 935 1804 disputaturusque
953 1728 1057 1787 Cicero
1081 1728 1115 1785 de
1135 1728 1164 1784 vi
1187 1746 1221 1783 ac
1245 1747 1295 1783 no-

220 1815 300 1872 tione
322 1814 365 1871 rei
388 1814 513 1889 primum
532 1814 613 1883 dicit,
637 1833 690 1889 pro
710 1813 828 1872 Graece
840 1815 960 1890 Epicuri
979 1814 1096 1871 nomine
1113 1832 1144 1870 ss
1157 1814 1295 1870 Latinum

220 1901 408 1962 substituere
431 1899 509 1972 quod
533 1899 609 1955 idem
634 1899 793 1974 significet:
820 1899 934 1973 „Quam
958 1919 1019 1956 rem
1042 1899 1094 1955 ille
1117 1885 1221 1972 ἡδονήν
1244 1917 1295 1973 ap·

220 1985 320 2061 pellet
344 1985 465 2040 eeudern
490 2003 545 2060 ego
568 1985 781 2059 voluptatem“¹
815 1988 879 2043 Aut
897 1985 1159 2060 igiturdslendum
1178 1995 1296 2040 estesse

220 2080 271 2126 aut
293 2069 390 2145 potius
407 2069 609 2126 scribendum:
632 2073 700 2127 alem
723 2090 779 2142 eqo
801 2073 869 2139 dico,
893 2081 926 2127 ut
948 2070 1015 2126 huic
1038 2069 1204 2145 pronomini
1227 2087 1296 2125 eon·

220 2155 343 2210 trarium
367 2155 405 2211 sit
427 2154 551 2211 alterum
575 2157 626 2212 ille.
681 2156 751 2211 Dico
772 2158 932 2230 voluptatem
956 2174 1056 2212 omnes
1079 2154 1147 2214 Gzii
1171 2167 1295 2228 excepto

220 2240 299 2297 Gud.
318 2243 343 2303 1,
368 2251 395 2296 et
419 2240 461 2296 sic
484 2239 559 2298 edd..
583 2259 658 2314 quae
682 2241 708 2297 R
731 2252 901 2316 sequuntur,
924 2249 993 2297 ante
1011 2240 1176 2297 Manutium
1190 2239 1295 2312 (Crat,

220 2325 328 2396 Viam
351 2326 388 2381 ab
412 2325 464 2381 illo
487 2325 554 2381 inde
577 2326 665 2382 tacite
688 2325 799 2381 editum
822 2345 860 2382 ex
883 2326 907 2384 C
928 2329 1088 2401 voluptatem
1111 2327 1179 2384 dico.

305 2413 374 2466 idem
402 2412 519 2466 declaret
548 2412 662 2480 Latine,
693 2413 766 2484 qaod
791 2411 907 2485 Graece)
936 2414 1052 2486 Aperta
1074 2410 1219 2467 sententie
1242 2421 1295 2477 est,

220 2494 331 2551 nullum
362 2514 425 2552 esse
449 2496 586 2552 Latinum
611 2514 731 2565 nornen,
762 2497 840 2570 quod
864 2495 1012 2555 Graecum
1036 2496 1098 2569 sibi·
1114 2495 1295 2571 respondens

220 2580 312 2655 magis
335 2580 491 2654 exprimat,
515 2600 602 2655 quam
622 2582 760 2655 voluptas
778 2582 926 2657 exprimat
948 2582 1000 2653 (id,
1024 2581 1102 2655 quod
1125 2581 1152 2638 si
1174 2599 1294 2656 respon·

162 2734 165 2740 Ι
220 2665 308 2737 deal).
356 2665 414 2723 Sed
437 2665 560 2722 confusa
583 2666 700 2723 notione
723 2667 865 2726 nominis.
889 2667 967 2740 quod
990 2667 1100 2741 duplex
1123 2676 1177 2735 est,
1201 2665 1296 2730 Grae,

220 2768 284 2806 cum
303 2760 332 2805 et
345 2751 492 2818 Latinum,
516 2762 545 2807 st
567 2751 620 2820 rei,
643 2770 719 2824 quae
742 2770 800 2808 uua
823 2763 876 2822 est,
900 2752 1103 2828 neglegentius
1126 2759 1155 2807 et
1177 2751 1296 2817 brevius

220 2835 324 2893 Cicero
342 2836 384 2892 sie
402 2836 487 2905 dixit,
506 2846 654 2910 tamquam
674 2856 762 2892 unum
781 2846 857 2894 esset
875 2835 1004 2894 eiusdem
1022 2837 1065 2894 rei
1083 2854 1188 2893 nomeu
1201 2835 1296 2894 Grae·

220 2938 284 2976 eum
309 2931 338 2976 et
361 2921 509 2988 Latinum,
533 2922 712 2995 retinuitque
732 2922 808 2978 idern
826 2923 988 2979 subiectum
1012 2922 1041 2978 iu
1065 2931 1189 2995 utraque
1212 2931 1296 2996 parte

220 3006 382 3062 sententiae
406 3008 486 3074 (idem
510 3009 626 3062 declaret
644 3008 742 3062 Latine
761 3009 834 3080 qaod
854 3007 978 3079 Graece),
1002 3026 1066 3064 cum
1085 3007 1209 3062 alterum
1228 3007 1296 3063 sub·

218 3090 300 3147 stitui
332 3091 452 3147 deberet
481 3094 567 3165 (qrrod
592 3092 695 3148 Graece
721 3092 876 3167 Graecam).
922 3093 1007 3149 Hane
1030 3091 1204 3149 seutentiam
1230 3109 1294 3149 cum

220 3176 359 3232 Davisius
382 3195 440 3232 non
465 3178 673 3251 perspexisset.
697 3191 764 3251 post
790 3178 892 3234 Graece
914 3197 930 3233 e
953 3178 1017 3233 cod
1041 3177 1142 3236 Ursini
1165 3177 1295 3249 (scimus,

220 3261 316 3334 qualis
340 3262 388 3333 sit)
412 3272 441 3317 et
463 3263 593 3335 quadiu
618 3262 663 3318 El
691 3266 715 3327 l,
740 3263 885 3337 pessimo,
909 3263 1035 3337 spatium
1060 3281 1184 3319 vacuum
1208 3272 1295 3329 esset,

220 3346 332 3401 addidit
355 3333 458 3419 ridden,
489 3348 676 3421 pessumdato
705 3357 767 3405 toto
796 3348 871 3405 loca.
919 3349 968 3406 Sic
991 3349 1068 3404 enirn
1097 3348 1153 3404 hoc
1181 3358 1294 3403 tanturn

220 3431 385 3486 dieitur.r
377 3433 532 3505 rolnptorem
564 3433 666 3489 melius
695 3451 782 3506 quarn
813 3434 872 3490 elia
894 3435 973 3490 leur'us
995 3437 1035 3489 rei
1056 3433 1175 3488 nomina
1198 3432 1295 3506 expri-

221 3535 298 3571 mere
311 3515 459 3572 Graeeum
478 3505 596 3591 viderim
621 3536 677 3573 non
700 3536 787 3593 posse
810 3523 836 3574 ιἰι
860 3520 907 3575 loc
925 3522 1027 3574 nomine
1044 3518 1194 3574 meliorem
1212 3536 1295 3593 repe·
1308 3508 1309 3511 ¹

217 3601 269 3656 riri
304 3601 595 3699 interpretationem.
642 3603 746 3676 Itaque
780 3614 910 3678 poterat,
944 3603 1079 3677 quamvis
1113 3603 1186 3660 nihil
1219 3614 1297 3660 esset

221 3686 339 3755 melius,
374 3697 471 3742 tamen
501 3687 596 3761 ipsum
626 3707 728 3761 parum
757 3686 874 3745 Graeco
908 3689 1087 3764 respondere
1120 3701 1150 3745 et
1183 3706 1297 3745 summa

220 3789 284 3826 esse
318 3789 407 3827 eausa
441 3773 571 3829 melioris
599 3771 850 3847 interpretationis
877 3775 1080 3848 requirendae.
1131 3774 1170 3830 Et
1198 3783 1294 3828 tamen

219 3875 276 3912 non
306 3857 401 3916 solum
431 3876 531 3914 omnes
555 3875 656 3914 vocem
681 3859 760 3914 illam
785 3870 956 3916 tenuerant.
986 3860 1036 3915 sed
1060 3857 1153 3916 Gzius
1182 3859 1211 3914 in
1236 3858 1296 3913 Erl.

219 3954 248 3996 et
277 3942 355 4015 Spir.
391 3952 491 3998 narret
524 3962 588 3999 esse
617 3946 723 4000 dedens.
776 3946 821 4001 De
850 3945 911 4001 Erl.
940 3944 1068 4011 fallitur,
1103 3961 1195 4018 paene
1224 3942 1295 4003 dixi.

221 4026 368 4085 mentitur.
392 4029 421 4083 in
445 4037 504 4084 tem
529 4029 638 4085 diserta
656 4028 861 4085 affirmatione.
885 4029 913 4084 in
932 4030 983 4086 tali
1002 4049 1048 4097 re;
1072 4047 1138 4084 uam
1157 4028 1207 4101 qui
1226 4028 1296 4085 mihi

219 4112 349 4167 codicem
373 4114 568 4171 contulerunt.
592 4133 708 4173 racem.
732 4132 806 4188 quae
830 4126 894 4170 erat
916 4114 945 4170 in
969 4113 1105 4187 exemplo
1129 4112 1222 4180 edito,
1246 4113 1296 4168 de·

219 4195 363 4254 levarunt.
410 4199 477 4254 Non
502 4200 606 4268 minus,
632 4199 701 4255 mihi
725 4199 825 4268 crede,
849 4200 959 4255 erravit
982 4199 1018 4254 de
1041 4198 1118 4273 Spir.
1162 4196 1294 4274 [Verbum

219 4293 286 4337 ante
306 4294 393 4357 potest
416 4283 515 4338 addidi
540 4302 616 4339 nune
639 4303 675 4339 ex
693 4285 722 4340 A
744 4294 773 4339 et
797 4284 857 4340 Eri.
881 4295 911 4340 et
936 4282 984 4360 B.]
1029 4284 1099 4341 Mox
1124 4284 1296 4339 iacmrdr'tatis

219 4387 323 4422 soar-ern
358 4369 446 4424 etiam
477 4369 554 4443 Spir.
585 4367 641 4445 [B]
658 4379 698 4424 ret
726 4368 805 4427 Gud.
830 4370 858 4426 2.
904 4369 1003 4428 Ceteri
1037 4368 1165 4425 editores
1198 4376 1296 4424 tacent

219 4452 342 4509 alterum
367 4452 499 4510 ordinem
524 4464 657 4510 tenentes
680 4452 761 4530 [cum
784 4453 838 4531 Α].
