<?xml version="1.0" encoding="UTF-8"?>
<!DOCTYPE html PUBLIC "-//W3C//DTD XHTML 1.0 Transitional//EN"
    "http://www.w3.org/TR/xhtml1/DTD/xhtml1-transitional.dtd">
<html xmlns="http://www.w3.org/1999/xhtml" xml:lang="en" lang="en">
 <head>
  <title>
</title>
<meta http-equiv="Content-Type" content="text/html;charset=utf-8" />
  <meta name='ocr-system' content='tesseract 3.04.00' />
  <meta name='ocr-capabilities' content='ocr_page ocr_carea ocr_par ocr_line ocrx_word'/>
</head>
<body>
  <div class='ocr_page' id='page_1' title='image "./mtulliiciceroni35cicegoog_0352.png"; bbox 0 0 3030 5086; ppageno 0'>
   <div class='ocr_carea' id='block_1_1' title="bbox 379 455 1243 532">
    <p class='ocr_par' dir='ltr' id='par_1_1' title="bbox 379 455 1243 532">
     <span class='ocr_line' id='line_1_1' title="bbox 379 455 1243 532; baseline 0.002 -15"><span class='ocrx_word' id='word_1_1' title='bbox 379 471 423 517; x_wconf 84' lang='lat' dir='ltr'>nr</span> <span class='ocrx_word' id='word_1_2' title='bbox 446 469 527 516; x_wconf 77' lang='lat' dir='ltr'>usn.</span> <span class='ocrx_word' id='word_1_3' title='bbox 550 471 613 517; x_wconf 85' lang='lat' dir='ltr'>nm.</span> <span class='ocrx_word' id='word_1_4' title='bbox 635 471 660 517; x_wconf 91' lang='lat'>11</span> <span class='ocrx_word' id='word_1_5' title='bbox 682 471 755 518; x_wconf 76' lang='lat' dir='ltr'>cnr.</span> <span class='ocrx_word' id='word_1_6' title='bbox 777 475 882 522; x_wconf 83' lang='lat' dir='ltr'>rs-ao.</span> <span class='ocrx_word' id='word_1_7' title='bbox 903 474 1035 532; x_wconf 75' lang='lat' dir='ltr'>(sa-ss.)</span> <span class='ocrx_word' id='word_1_8' title='bbox 1181 455 1243 520; x_wconf 83' lang='lat'>251</span> 
     </span>
    </p>
   </div>
   <div class='ocr_carea' id='block_1_2' title="bbox 163 638 1313 1840">
    <p class='ocr_par' dir='ltr' id='par_1_2' title="bbox 163 638 1313 1331">
     <span class='ocr_line' id='line_1_2' title="bbox 165 638 1313 721; baseline 0 -16"><span class='ocrx_word' id='word_1_9' title='bbox 165 658 236 705; x_wconf 87' lang='lat' dir='ltr'>cum</span> <span class='ocrx_word' id='word_1_10' title='bbox 264 658 302 704; x_wconf 82' lang='lat' dir='ltr'>ex</span> <span class='ocrx_word' id='word_1_11' title='bbox 330 638 432 703; x_wconf 86' lang='lat' dir='ltr'>altera</span> <span class='ocrx_word' id='word_1_12' title='bbox 458 645 549 719; x_wconf 86' lang='lat' dir='ltr'>parte</span> <span class='ocrx_word' id='word_1_13' title='bbox 570 639 711 720; x_wconf 88' lang='lat' dir='ltr'>ponebas</span> <span class='ocrx_word' id='word_1_14' title='bbox 734 639 923 704; x_wconf 85' lang='lat' dir='ltr'>mmulatum</span> <span class='ocrx_word' id='word_1_15' title='bbox 946 640 1079 721; x_wconf 84' lang='lat' dir='ltr'>aliquem</span> <span class='ocrx_word' id='word_1_16' title='bbox 1102 640 1246 721; x_wconf 79' lang='lat' dir='ltr'>plurimis</span> <span class='ocrx_word' id='word_1_17' title='bbox 1311 675 1313 681; x_wconf 85' lang='lat'><em>.</em></span> 
     </span>
     <span class='ocr_line' id='line_1_3' title="bbox 166 740 1246 822; baseline 0.001 -16"><span class='ocrx_word' id='word_1_18' title='bbox 166 748 198 807; x_wconf 91' lang='lat' dir='ltr'>et</span> <span class='ocrx_word' id='word_1_19' title='bbox 224 741 367 805; x_wconf 85' lang='lat' dir='ltr'>maximis</span> <span class='ocrx_word' id='word_1_20' title='bbox 394 741 622 822; x_wconf 64' lang='lat' dir='ltr'>voluptatibus</span> <span class='ocrx_word' id='word_1_21' title='bbox 654 741 739 807; x_wconf 91' lang='lat' dir='ltr'>nullo</span> <span class='ocrx_word' id='word_1_22' title='bbox 767 759 824 806; x_wconf 89' lang='lat' dir='ltr'>nec</span> <span class='ocrx_word' id='word_1_23' title='bbox 856 742 1015 822; x_wconf 81' lang='lat' dir='ltr'><strong>praesenti</strong></span> <span class='ocrx_word' id='word_1_24' title='bbox 1050 761 1107 807; x_wconf 91' lang='lat' dir='ltr'>nec</span> <span class='ocrx_word' id='word_1_25' title='bbox 1139 740 1246 807; x_wconf 88' lang='lat' dir='ltr'>futuro</span> 
     </span>
     <span class='ocr_line' id='line_1_4' title="bbox 164 842 1245 925; baseline 0 -17"><span class='ocrx_word' id='word_1_26' title='bbox 164 843 289 921; x_wconf 90' lang='lat' dir='ltr'>dolore,</span> <span class='ocrx_word' id='word_1_27' title='bbox 312 861 350 907; x_wconf 85' lang='lat' dir='ltr'>ex</span> <span class='ocrx_word' id='word_1_28' title='bbox 371 843 473 908; x_wconf 86' lang='lat' dir='ltr'>altera</span> <span class='ocrx_word' id='word_1_29' title='bbox 495 851 613 923; x_wconf 89' lang='lat' dir='ltr'>autem,</span> <span class='ocrx_word' id='word_1_30' title='bbox 641 842 828 907; x_wconf 89' lang='lat' dir='ltr'>cruciatibus</span> <span class='ocrx_word' id='word_1_31' title='bbox 852 844 991 908; x_wconf 83' lang='lat' dir='ltr'>maximis</span> <span class='ocrx_word' id='word_1_32' title='bbox 1014 851 1081 909; x_wconf 89' lang='lat' dir='ltr'>toto</span> <span class='ocrx_word' id='word_1_33' title='bbox 1103 862 1245 925; x_wconf 89' lang='lat' dir='ltr'>corpore,</span> 
     </span>
     <span class='ocr_line' id='line_1_5' title="bbox 166 945 1244 1027; baseline 0.002 -18"><span class='ocrx_word' id='word_1_34' title='bbox 166 945 252 1009; x_wconf 76' lang='lat' dir='ltr'>anilla</span> <span class='ocrx_word' id='word_1_35' title='bbox 267 963 324 1009; x_wconf 88' lang='lat' dir='ltr'>neo</span> <span class='ocrx_word' id='word_1_36' title='bbox 341 945 490 1010; x_wconf 88' lang='lat' dir='ltr'>adiuncta</span> <span class='ocrx_word' id='word_1_37' title='bbox 506 964 563 1010; x_wconf 86' lang='lat' dir='ltr'>nec</span> <span class='ocrx_word' id='word_1_38' title='bbox 580 953 709 1026; x_wconf 88' lang='lat' dir='ltr'>sperata</span> <span class='ocrx_word' id='word_1_39' title='bbox 725 945 894 1025; x_wconf 85' lang='lat' dir='ltr'>voluptate,</span> <span class='ocrx_word' id='word_1_40' title='bbox 917 953 949 1010; x_wconf 93' lang='lat' dir='ltr'>et</span> <span class='ocrx_word' id='word_1_41' title='bbox 967 947 1150 1027; x_wconf 89' lang='lat' dir='ltr'>quaerebas,</span> <span class='ocrx_word' id='word_1_42' title='bbox 1173 946 1244 1027; x_wconf 92' lang='lat' dir='ltr'>quis</span> 
     </span>
     <span class='ocr_line' id='line_1_6' title="bbox 164 1046 1284 1127; baseline 0.002 -15"><span class='ocrx_word' id='word_1_43' title='bbox 164 1056 222 1112; x_wconf 88' lang='lat' dir='ltr'>aut</span> <span class='ocrx_word' id='word_1_44' title='bbox 248 1046 308 1111; x_wconf 88' lang='lat' dir='ltr'>boc</span> <span class='ocrx_word' id='word_1_45' title='bbox 334 1047 478 1111; x_wconf 86' lang='lat' dir='ltr'>miserior</span> <span class='ocrx_word' id='word_1_46' title='bbox 506 1053 561 1111; x_wconf 91' lang='lat' dir='ltr'>aut</span> <span class='ocrx_word' id='word_1_47' title='bbox 591 1047 753 1127; x_wconf 84' lang='lat' dir='ltr'>superiore</span> <span class='ocrx_word' id='word_1_48' title='bbox 780 1047 832 1111; x_wconf 90' lang='lat' dir='ltr'>illo</span> <span class='ocrx_word' id='word_1_49' title='bbox 860 1047 996 1126; x_wconf 87' lang='lat' dir='ltr'>beatior;</span> <span class='ocrx_word' id='word_1_50' title='bbox 1031 1048 1143 1113; x_wconf 90' lang='lat' dir='ltr'>deinde</span> <span class='ocrx_word' id='word_1_51' title='bbox 1170 1049 1284 1114; x_wconf 84' lang='lat' dir='ltr'>oon-5</span> 
     </span>
     <span class='ocr_line' id='line_1_7' title="bbox 163 1147 1244 1228; baseline 0.001 -15"><span class='ocrx_word' id='word_1_52' title='bbox 163 1147 329 1226; x_wconf 84' lang='lat' dir='ltr'>eludebas,</span> <span class='ocrx_word' id='word_1_53' title='bbox 359 1167 512 1213; x_wconf 87' lang='lat' dir='ltr'>summurn</span> <span class='ocrx_word' id='word_1_54' title='bbox 535 1148 650 1213; x_wconf 88' lang='lat' dir='ltr'>malum</span> <span class='ocrx_word' id='word_1_55' title='bbox 673 1167 743 1213; x_wconf 89' lang='lat' dir='ltr'>esse</span> <span class='ocrx_word' id='word_1_56' title='bbox 766 1149 921 1228; x_wconf 92' lang='lat' dir='ltr'>dolorem,</span> <span class='ocrx_word' id='word_1_57' title='bbox 950 1168 1103 1214; x_wconf 88' lang='lat' dir='ltr'>summum</span> <span class='ocrx_word' id='word_1_58' title='bbox 1127 1150 1244 1215; x_wconf 91' lang='lat' dir='ltr'>bonum</span> 
     </span>
     <span class='ocr_line' id='line_1_8' title="bbox 163 1250 373 1331; baseline -0.005 -17"><span class='ocrx_word' id='word_1_59' title='bbox 163 1250 373 1331; x_wconf 75' lang='lat' dir='ltr'>voluptatem!</span> 
     </span>
    </p>

    <p class='ocr_par' dir='ltr' id='par_1_3' title="bbox 163 1350 1306 1840">
     <span class='ocr_line' id='line_1_9' title="bbox 251 1350 1243 1433; baseline -0.001 -16"><span class='ocrx_word' id='word_1_60' title='bbox 251 1352 319 1417; x_wconf 75' lang='lat' dir='ltr'>XX</span> <span class='ocrx_word' id='word_1_61' title='bbox 362 1352 399 1416; x_wconf 86' lang='lat' dir='ltr'>L.</span> <span class='ocrx_word' id='word_1_62' title='bbox 422 1351 558 1416; x_wconf 89' lang='lat' dir='ltr'>Thorius</span> <span class='ocrx_word' id='word_1_63' title='bbox 580 1352 697 1416; x_wconf 82' lang='lat' dir='ltr'><strong>Balbus</strong></span> <span class='ocrx_word' id='word_1_64' title='bbox 719 1350 787 1430; x_wconf 83' lang='lat' dir='ltr'>linit,</span> <span class='ocrx_word' id='word_1_65' title='bbox 809 1352 1000 1432; x_wconf 84' lang='lat' dir='ltr'>Lanuvinus,</span> <span class='ocrx_word' id='word_1_66' title='bbox 1023 1371 1113 1433; x_wconf 91' lang='lat' dir='ltr'>quem</span> <span class='ocrx_word' id='word_1_67' title='bbox 1136 1353 1243 1417; x_wconf 92' lang='lat' dir='ltr'>memi-</span> 
     </span>
     <span class='ocr_line' id='line_1_10' title="bbox 163 1453 1244 1535; baseline 0 -16"><span class='ocrx_word' id='word_1_68' title='bbox 163 1453 249 1519; x_wconf 82' lang='lat' dir='ltr'>nisse</span> <span class='ocrx_word' id='word_1_69' title='bbox 270 1460 306 1518; x_wconf 90' lang='lat' dir='ltr'>tu</span> <span class='ocrx_word' id='word_1_70' title='bbox 327 1472 390 1518; x_wconf 92' lang='lat' dir='ltr'>non</span> <span class='ocrx_word' id='word_1_71' title='bbox 412 1459 516 1533; x_wconf 88' lang='lat' dir='ltr'>potes;</span> <span class='ocrx_word' id='word_1_72' title='bbox 546 1455 573 1518; x_wconf 91' lang='lat' dir='ltr'>is</span> <span class='ocrx_word' id='word_1_73' title='bbox 596 1455 641 1517; x_wconf 87' lang='lat' dir='ltr'>ita</span> <span class='ocrx_word' id='word_1_74' title='bbox 662 1454 802 1532; x_wconf 81' lang='lat' dir='ltr'>vivebat,</span> <span class='ocrx_word' id='word_1_75' title='bbox 828 1462 864 1517; x_wconf 96' lang='lat' dir='ltr'>ut</span> <span class='ocrx_word' id='word_1_76' title='bbox 891 1453 976 1518; x_wconf 90' lang='lat' dir='ltr'>nulla</span> <span class='ocrx_word' id='word_1_77' title='bbox 1003 1461 1067 1518; x_wconf 89' lang='lat' dir='ltr'>tam</span> <span class='ocrx_word' id='word_1_78' title='bbox 1089 1454 1244 1535; x_wconf 80' lang='lat' dir='ltr'>exquisita</span> 
     </span>
     <span class='ocr_line' id='line_1_11' title="bbox 163 1555 1306 1637; baseline 0.002 -17"><span class='ocrx_word' id='word_1_79' title='bbox 163 1564 273 1637; x_wconf 90' lang='lat' dir='ltr'>posset</span> <span class='ocrx_word' id='word_1_80' title='bbox 293 1555 427 1620; x_wconf 88' lang='lat' dir='ltr'>inveniri</span> <span class='ocrx_word' id='word_1_81' title='bbox 449 1555 608 1636; x_wconf 88' lang='lat' dir='ltr'>voluptas,</span> <span class='ocrx_word' id='word_1_82' title='bbox 637 1573 699 1636; x_wconf 89' lang='lat' dir='ltr'>qua</span> <span class='ocrx_word' id='word_1_83' title='bbox 722 1573 782 1619; x_wconf 94' lang='lat' dir='ltr'>non</span> <span class='ocrx_word' id='word_1_84' title='bbox 807 1556 992 1621; x_wconf 81' lang='lat' dir='ltr'>abundaret</span> <span class='ocrx_word' id='word_1_85' title='bbox 1035 1556 1114 1620; x_wconf 88' lang='lat' dir='ltr'>Erat</span> <span class='ocrx_word' id='word_1_86' title='bbox 1136 1563 1168 1621; x_wconf 90' lang='lat' dir='ltr'>et</span> <span class='ocrx_word' id='word_1_87' title='bbox 1189 1573 1243 1620; x_wconf 91' lang='lat' dir='ltr'>cu·</span> <span class='ocrx_word' id='word_1_88' title='bbox 1263 1557 1306 1623; x_wconf 92' lang='lat'>10</span> 
     </span>
     <span class='ocr_line' id='line_1_12' title="bbox 163 1656 1244 1739; baseline 0.001 -18"><span class='ocrx_word' id='word_1_89' title='bbox 163 1656 259 1739; x_wconf 91' lang='lat' dir='ltr'>pidus</span> <span class='ocrx_word' id='word_1_90' title='bbox 286 1656 480 1737; x_wconf 85' lang='lat' dir='ltr'>voluptatum</span> <span class='ocrx_word' id='word_1_91' title='bbox 508 1664 540 1720; x_wconf 92' lang='lat' dir='ltr'>et</span> <span class='ocrx_word' id='word_1_92' title='bbox 567 1657 634 1721; x_wconf 92' lang='lat' dir='ltr'>eius</span> <span class='ocrx_word' id='word_1_93' title='bbox 661 1657 785 1737; x_wconf 83' lang='lat' dir='ltr'>generis</span> <span class='ocrx_word' id='word_1_94' title='bbox 813 1657 996 1739; x_wconf 86' lang='lat' dir='ltr'>intellegens</span> <span class='ocrx_word' id='word_1_95' title='bbox 1024 1664 1055 1721; x_wconf 92' lang='lat' dir='ltr'>et</span> <span class='ocrx_word' id='word_1_96' title='bbox 1082 1657 1244 1738; x_wconf 86' lang='lat' dir='ltr'>copiosus;</span> 
     </span>
     <span class='ocr_line' id='line_1_13' title="bbox 163 1758 1244 1840; baseline -0.001 -16"><span class='ocrx_word' id='word_1_97' title='bbox 163 1758 209 1824; x_wconf 88' lang='lat' dir='ltr'>ita</span> <span class='ocrx_word' id='word_1_98' title='bbox 230 1777 292 1824; x_wconf 91' lang='lat' dir='ltr'>non</span> <span class='ocrx_word' id='word_1_99' title='bbox 315 1759 566 1838; x_wconf 88' lang='lat' dir='ltr'>superstitiosus,</span> <span class='ocrx_word' id='word_1_100' title='bbox 593 1766 630 1823; x_wconf 89' lang='lat' dir='ltr'>ut</span> <span class='ocrx_word' id='word_1_101' title='bbox 650 1759 703 1822; x_wconf 90' lang='lat' dir='ltr'>illa</span> <span class='ocrx_word' id='word_1_102' title='bbox 724 1758 859 1840; x_wconf 90' lang='lat' dir='ltr'>plurima</span> <span class='ocrx_word' id='word_1_103' title='bbox 885 1759 917 1822; x_wconf 93' lang='lat' dir='ltr'>in</span> <span class='ocrx_word' id='word_1_104' title='bbox 939 1777 999 1823; x_wconf 85' lang='lat' dir='ltr'>sua</span> <span class='ocrx_word' id='word_1_105' title='bbox 1020 1759 1124 1839; x_wconf 88' lang='lat' dir='ltr'>patria</span> <span class='ocrx_word' id='word_1_106' title='bbox 1146 1758 1244 1823; x_wconf 87' lang='lat' dir='ltr'>sacri·</span> 
     </span>
    </p>
   </div>
   <div class='ocr_carea' id='block_1_3' title="bbox 164 1934 1245 2217">
    <p class='ocr_par' dir='ltr' id='par_1_4' title="bbox 164 1934 1245 2217">
     <span class='ocr_line' id='line_1_14' title="bbox 237 1934 1241 2012; baseline 0.002 -20"><span class='ocrx_word' id='word_1_107' title='bbox 237 1950 256 1993; x_wconf 94' lang='lat' dir='ltr'>l.</span> <span class='ocrx_word' id='word_1_108' title='bbox 277 1943 378 2007; x_wconf 76' lang='lat' dir='ltr'>aliquem</span> <span class='ocrx_word' id='word_1_109' title='bbox 396 1944 578 1994; x_wconf 80' lang='lat' dir='ltr'>cumulatumE</span> <span class='ocrx_word' id='word_1_110' title='bbox 614 1951 637 1993; x_wconf 81' lang='lat'>3.</span> <span class='ocrx_word' id='word_1_111' title='bbox 657 1945 766 1994; x_wconf 74' lang='lat' dir='ltr'>marianis</span> <span class='ocrx_word' id='word_1_112' title='bbox 784 1944 968 1994; x_wconf 72' lang='lat' dir='ltr'>cmciatabasR</span> <span class='ocrx_word' id='word_1_113' title='bbox 1003 1953 1017 1992; x_wconf 87' lang='grc'><strong>4</strong></span> <span class='ocrx_word' id='word_1_114' title='bbox 1048 1934 1170 2011; x_wconf 78' lang='lat' dir='ltr'>[adiuncto</span> <span class='ocrx_word' id='word_1_115' title='bbox 1189 1943 1241 2012; x_wconf 57' lang='grc' dir='ltr'>ΔΙ]</span> 
     </span>
     <span class='ocr_line' id='line_1_15' title="bbox 164 2014 1245 2077; baseline -0.001 -15"><span class='ocrx_word' id='word_1_116' title='bbox 164 2030 208 2063; x_wconf 81' lang='lat' dir='ltr'>nec</span> <span class='ocrx_word' id='word_1_117' title='bbox 224 2014 352 2063; x_wconf 79' lang='lat' dir='ltr'>sernotab</span> <span class='ocrx_word' id='word_1_118' title='bbox 379 2031 421 2062; x_wconf 85' lang='lat' dir='ltr'>aec</span> <span class='ocrx_word' id='word_1_119' title='bbox 438 2015 592 2077; x_wconf 84' lang='lat' dir='ltr'>separataR</span> <span class='ocrx_word' id='word_1_120' title='bbox 628 2020 649 2062; x_wconf 80' lang='lat'>5.</span> <span class='ocrx_word' id='word_1_121' title='bbox 669 2014 813 2062; x_wconf 71' lang='lat' dir='ltr'>miseriorum</span> <span class='ocrx_word' id='word_1_122' title='bbox 842 2043 857 2049; x_wconf 86' lang='lat'>-</span> <span class='ocrx_word' id='word_1_123' title='bbox 883 2014 1043 2063; x_wconf 81' lang='lat' dir='ltr'>beatioramE</span> <span class='ocrx_word' id='word_1_124' title='bbox 1062 2014 1153 2062; x_wconf 81' lang='lat' dir='ltr'>beatior</span> <span class='ocrx_word' id='word_1_125' title='bbox 1161 2015 1245 2076; x_wconf 66' lang='lat' dir='ltr'>foretp</span> 
     </span>
     <span class='ocr_line' id='line_1_16' title="bbox 164 2081 1244 2146; baseline 0 -16"><span class='ocrx_word' id='word_1_126' title='bbox 164 2081 250 2131; x_wconf 75' lang='lat' dir='ltr'>demde</span> <span class='ocrx_word' id='word_1_127' title='bbox 268 2082 411 2132; x_wconf 78' lang='lat' dir='ltr'>LMCltOr.</span> <span class='ocrx_word' id='word_1_128' title='bbox 448 2092 491 2131; x_wconf 84' lang='lat' dir='ltr'>aut</span> <span class='ocrx_word' id='word_1_129' title='bbox 512 2082 620 2144; x_wconf 78' lang='lat' dir='ltr'>superior</span> <span class='ocrx_word' id='word_1_130' title='bbox 643 2081 682 2130; x_wconf 75' lang='lat' dir='ltr'>illo</span> <span class='ocrx_word' id='word_1_131' title='bbox 705 2083 822 2130; x_wconf 79' lang='lat' dir='ltr'>beatiores</span> <span class='ocrx_word' id='word_1_132' title='bbox 836 2083 905 2146; x_wconf 83' lang='lat' dir='ltr'>soret</span> <span class='ocrx_word' id='word_1_133' title='bbox 928 2082 961 2141; x_wconf 83' lang='lat' dir='ltr'>P;</span> <span class='ocrx_word' id='word_1_134' title='bbox 984 2097 1033 2144; x_wconf 84' lang='lat' dir='ltr'>mg.</span> <span class='ocrx_word' id='word_1_135' title='bbox 1058 2091 1100 2130; x_wconf 73' lang='lat' dir='ltr'>aar</span> <span class='ocrx_word' id='word_1_136' title='bbox 1123 2082 1244 2146; x_wconf 77' lang='lat' dir='ltr'>superiore</span> 
     </span>
     <span class='ocr_line' id='line_1_17' title="bbox 164 2149 1243 2217; baseline -0.001 -18"><span class='ocrx_word' id='word_1_137' title='bbox 164 2149 206 2199; x_wconf 73' lang='lat' dir='ltr'>illo</span> <span class='ocrx_word' id='word_1_138' title='bbox 223 2151 314 2199; x_wconf 77' lang='lat' dir='ltr'>beelim</span> <span class='ocrx_word' id='word_1_139' title='bbox 350 2156 372 2201; x_wconf 83' lang='grc'>8,</span> <span class='ocrx_word' id='word_1_140' title='bbox 394 2149 493 2217; x_wconf 76' lang='lat' dir='ltr'>[Inicias</span> <span class='ocrx_word' id='word_1_141' title='bbox 513 2149 546 2217; x_wconf 81' lang='grc' dir='ltr'>Α]</span> <span class='ocrx_word' id='word_1_142' title='bbox 572 2151 722 2199; x_wconf 73' lang='lat' dir='ltr'>Lanamnius</span> <span class='ocrx_word' id='word_1_143' title='bbox 741 2152 762 2199; x_wconf 89' lang='lat' dir='ltr'>E</span> <span class='ocrx_word' id='word_1_144' title='bbox 782 2150 899 2199; x_wconf 81' lang='lat' dir='ltr'>Lavinius</span> <span class='ocrx_word' id='word_1_145' title='bbox 918 2151 938 2199; x_wconf 89' lang='lat' dir='ltr'>C</span> <span class='ocrx_word' id='word_1_146' title='bbox 957 2149 1065 2199; x_wconf 68' lang='lat' dir='ltr'>Mamas</span> <span class='ocrx_word' id='word_1_147' title='bbox 1085 2150 1105 2198; x_wconf 76' lang='lat'>1,</span> <span class='ocrx_word' id='word_1_148' title='bbox 1146 2157 1181 2199; x_wconf 82' lang='grc'>10.</span> <span class='ocrx_word' id='word_1_149' title='bbox 1202 2167 1243 2198; x_wconf 86' lang='lat' dir='ltr'>vo·</span> 
     </span>
    </p>
   </div>
   <div class='ocr_carea' id='block_1_4' title="bbox 164 2218 1243 2352">
    <p class='ocr_par' dir='ltr' id='par_1_5' title="bbox 164 2218 1243 2352">
     <span class='ocr_line' id='line_1_18' title="bbox 164 2218 1243 2284; baseline 0 -16"><span class='ocrx_word' id='word_1_150' title='bbox 164 2218 244 2283; x_wconf 79' lang='lat' dir='ltr'>luptas</span> <span class='ocrx_word' id='word_1_151' title='bbox 264 2227 346 2283; x_wconf 82' lang='lat' dir='ltr'>posset</span> <span class='ocrx_word' id='word_1_152' title='bbox 368 2219 470 2267; x_wconf 63' lang='lat' dir='ltr'>inventi-i</span> <span class='ocrx_word' id='word_1_153' title='bbox 488 2220 511 2267; x_wconf 79' lang='grc' dir='ltr'>Ε</span> <span class='ocrx_word' id='word_1_154' title='bbox 565 2224 602 2266; x_wconf 88' lang='lat' dir='ltr'>ll.</span> <span class='ocrx_word' id='word_1_155' title='bbox 621 2218 687 2268; x_wconf 81' lang='lat' dir='ltr'>caius</span> <span class='ocrx_word' id='word_1_156' title='bbox 707 2220 800 2283; x_wconf 77' lang='lat' dir='ltr'>perieris</span> <span class='ocrx_word' id='word_1_157' title='bbox 822 2219 872 2267; x_wconf 82' lang='lat' dir='ltr'>eius</span> <span class='ocrx_word' id='word_1_158' title='bbox 892 2219 933 2266; x_wconf 86' lang='lat' dir='ltr'>LP</span> <span class='ocrx_word' id='word_1_159' title='bbox 956 2219 1059 2268; x_wconf 69' lang='lat' dir='ltr'>mnaseas</span> <span class='ocrx_word' id='word_1_160' title='bbox 1078 2219 1171 2284; x_wconf 76' lang='lat' dir='ltr'>penoris</span> <span class='ocrx_word' id='word_1_161' title='bbox 1192 2219 1243 2268; x_wconf 82' lang='lat' dir='ltr'>eius</span> 
     </span>
     <span class='ocr_line' id='line_1_19' title="bbox 165 2287 1019 2352; baseline 0.004 -16"><span class='ocrx_word' id='word_1_162' title='bbox 165 2287 262 2339; x_wconf 67' lang='lat' dir='ltr'>nicos.</span> <span class='ocrx_word' id='word_1_163' title='bbox 282 2287 384 2337; x_wconf 63' lang='lat' dir='ltr'>enimam</span> <span class='ocrx_word' id='word_1_164' title='bbox 402 2287 452 2337; x_wconf 71' lang='lat' dir='ltr'>aas</span> <span class='ocrx_word' id='word_1_165' title='bbox 467 2288 560 2352; x_wconf 80' lang='lat' dir='ltr'>pencris</span> <span class='ocrx_word' id='word_1_166' title='bbox 579 2288 601 2336; x_wconf 82' lang='lat' dir='ltr'>B</span> <span class='ocrx_word' id='word_1_167' title='bbox 640 2293 668 2334; x_wconf 77' lang='lat'>12</span> <span class='ocrx_word' id='word_1_168' title='bbox 693 2287 778 2351; x_wconf 81' lang='lat' dir='ltr'>patria</span> <span class='ocrx_word' id='word_1_169' title='bbox 796 2296 817 2336; x_wconf 88' lang='lat' dir='ltr'>et</span> <span class='ocrx_word' id='word_1_170' title='bbox 834 2287 957 2351; x_wconf 73' lang='lat' dir='ltr'>sacrficia</span> <span class='ocrx_word' id='word_1_171' title='bbox 976 2288 1019 2339; x_wconf 85' lang='lat' dir='ltr'>Or.</span> 
     </span>
    </p>
   </div>
   <div class='ocr_carea' id='block_1_5' title="bbox 105 2458 1328 4494">
    <p class='ocr_par' dir='ltr' id='par_1_6' title="bbox 164 2458 1244 2622">
     <span class='ocr_line' id='line_1_20' title="bbox 164 2458 1244 2536; baseline -0.001 -19"><span class='ocrx_word' id='word_1_172' title='bbox 164 2460 326 2517; x_wconf 79' lang='lat' dir='ltr'>abhorrens</span> <span class='ocrx_word' id='word_1_173' title='bbox 349 2461 386 2516; x_wconf 91' lang='lat' dir='ltr'>ab</span> <span class='ocrx_word' id='word_1_174' title='bbox 409 2460 607 2532; x_wconf 79' lang='lat' dir='ltr'>antiquiorum</span> <span class='ocrx_word' id='word_1_175' title='bbox 632 2462 808 2536; x_wconf 82' lang='lat' dir='ltr'>scriptorum</span> <span class='ocrx_word' id='word_1_176' title='bbox 837 2472 866 2518; x_wconf 93' lang='lat' dir='ltr'>et</span> <span class='ocrx_word' id='word_1_177' title='bbox 889 2462 1040 2518; x_wconf 90' lang='lat' dir='ltr'>Danorum</span> <span class='ocrx_word' id='word_1_178' title='bbox 1065 2470 1095 2517; x_wconf 85' lang='lat' dir='ltr'>at</span> <span class='ocrx_word' id='word_1_179' title='bbox 1117 2458 1244 2518; x_wconf 85' lang='lat' dir='ltr'>Germa·</span> 
     </span>
     <span class='ocr_line' id='line_1_21' title="bbox 165 2544 909 2622; baseline 0.001 -20"><span class='ocrx_word' id='word_1_180' title='bbox 165 2564 269 2603; x_wconf 89' lang='lat' dir='ltr'>norum</span> <span class='ocrx_word' id='word_1_181' title='bbox 294 2545 495 2607; x_wconf 87' lang='lat' dir='ltr'>similitudine.</span> <span class='ocrx_word' id='word_1_182' title='bbox 527 2544 596 2622; x_wconf 85' lang='lat' dir='ltr'>[Gr.</span> <span class='ocrx_word' id='word_1_183' title='bbox 623 2547 687 2603; x_wconf 87' lang='lat' dir='ltr'>Lat.</span> <span class='ocrx_word' id='word_1_184' title='bbox 711 2548 800 2616; x_wconf 70' lang='lat'>§382</span> <span class='ocrx_word' id='word_1_185' title='bbox 824 2567 851 2603; x_wconf 92' lang='lat' dir='ltr'>n.</span> <span class='ocrx_word' id='word_1_186' title='bbox 865 2545 909 2622; x_wconf 88' lang='grc'>4.]</span> 
     </span>
    </p>

    <p class='ocr_par' dir='ltr' id='par_1_7' title="bbox 164 2630 1243 3046">
     <span class='ocr_line' id='line_1_22' title="bbox 253 2630 1243 2710; baseline -0.001 -23"><span class='ocrx_word' id='word_1_187' title='bbox 253 2632 302 2687; x_wconf 88' lang='grc'>63.</span> <span class='ocrx_word' id='word_1_188' title='bbox 326 2641 373 2686; x_wconf 83' lang='lat' dir='ltr'>aut</span> <span class='ocrx_word' id='word_1_189' title='bbox 394 2634 530 2705; x_wconf 79' lang='lat' dir='ltr'>superiore</span> <span class='ocrx_word' id='word_1_190' title='bbox 552 2634 596 2687; x_wconf 83' lang='lat' dir='ltr'>illo</span> <span class='ocrx_word' id='word_1_191' title='bbox 620 2631 733 2708; x_wconf 82' lang='lat' dir='ltr'>beatior)</span> <span class='ocrx_word' id='word_1_192' title='bbox 756 2631 858 2710; x_wconf 84' lang='lat' dir='ltr'>[Quod</span> <span class='ocrx_word' id='word_1_193' title='bbox 876 2632 1039 2688; x_wconf 78' lang='lat' dir='ltr'>addebatur</span> <span class='ocrx_word' id='word_1_194' title='bbox 1049 2634 1132 2703; x_wconf 82' lang='lat' dir='ltr'>soret,</span> <span class='ocrx_word' id='word_1_195' title='bbox 1155 2630 1243 2687; x_wconf 89' lang='lat' dir='ltr'>unius</span> 
     </span>
     <span class='ocr_line' id='line_1_23' title="bbox 165 2716 1243 2790; baseline -0.001 -17"><span class='ocrx_word' id='word_1_196' title='bbox 165 2716 228 2773; x_wconf 83' lang='lat' dir='ltr'>Erl.</span> <span class='ocrx_word' id='word_1_197' title='bbox 243 2716 411 2773; x_wconf 88' lang='lat' dir='ltr'>testimonio</span> <span class='ocrx_word' id='word_1_198' title='bbox 423 2717 452 2772; x_wconf 93' lang='lat' dir='ltr'>in</span> <span class='ocrx_word' id='word_1_199' title='bbox 466 2717 662 2790; x_wconf 83' lang='lat' dir='ltr'>suspicionem</span> <span class='ocrx_word' id='word_1_200' title='bbox 676 2717 820 2773; x_wconf 84' lang='lat' dir='ltr'>adducere</span> <span class='ocrx_word' id='word_1_201' title='bbox 838 2735 927 2773; x_wconf 89' lang='lat' dir='ltr'>ansus</span> <span class='ocrx_word' id='word_1_202' title='bbox 945 2735 1003 2772; x_wconf 92' lang='lat' dir='ltr'>non</span> <span class='ocrx_word' id='word_1_203' title='bbox 1022 2734 1111 2772; x_wconf 89' lang='lat' dir='ltr'>eram.</span> <span class='ocrx_word' id='word_1_204' title='bbox 1146 2716 1243 2786; x_wconf 82' lang='lat' dir='ltr'>Nunc,</span> 
     </span>
     <span class='ocr_line' id='line_1_24' title="bbox 165 2800 1243 2876; baseline -0.001 -19"><span class='ocrx_word' id='word_1_205' title='bbox 165 2819 232 2857; x_wconf 89' lang='lat' dir='ltr'>cnm</span> <span class='ocrx_word' id='word_1_206' title='bbox 256 2820 293 2857; x_wconf 88' lang='lat' dir='ltr'>ex</span> <span class='ocrx_word' id='word_1_207' title='bbox 316 2803 345 2857; x_wconf 81' lang='lat' dir='ltr'>A</span> <span class='ocrx_word' id='word_1_208' title='bbox 368 2812 398 2857; x_wconf 88' lang='lat' dir='ltr'>et</span> <span class='ocrx_word' id='word_1_209' title='bbox 422 2802 446 2857; x_wconf 88' lang='lat' dir='ltr'>B</span> <span class='ocrx_word' id='word_1_210' title='bbox 469 2813 624 2876; x_wconf 86' lang='lat' dir='ltr'>appareat,</span> <span class='ocrx_word' id='word_1_211' title='bbox 653 2802 682 2858; x_wconf 92' lang='lat' dir='ltr'>id</span> <span class='ocrx_word' id='word_1_212' title='bbox 706 2803 883 2858; x_wconf 83' lang='lat' dir='ltr'>deteriorum</span> <span class='ocrx_word' id='word_1_213' title='bbox 908 2800 1139 2857; x_wconf 84' lang='lat' dir='ltr'>additamentum</span> <span class='ocrx_word' id='word_1_214' title='bbox 1168 2818 1243 2871; x_wconf 89' lang='lat' dir='ltr'>esse,</span> 
     </span>
     <span class='ocr_line' id='line_1_25' title="bbox 164 2885 1242 2962; baseline 0 -20"><span class='ocrx_word' id='word_1_215' title='bbox 164 2903 230 2943; x_wconf 85' lang='lat' dir='ltr'>curn</span> <span class='ocrx_word' id='word_1_216' title='bbox 250 2886 371 2942; x_wconf 81' lang='lat' dir='ltr'>Baitero</span> <span class='ocrx_word' id='word_1_217' title='bbox 389 2886 505 2949; x_wconf 78' lang='lat' dir='ltr'>sustuli,</span> <span class='ocrx_word' id='word_1_218' title='bbox 529 2906 564 2942; x_wconf 89' lang='lat' dir='ltr'>eo</span> <span class='ocrx_word' id='word_1_219' title='bbox 589 2887 689 2962; x_wconf 87' lang='lat' dir='ltr'>magis,</span> <span class='ocrx_word' id='word_1_220' title='bbox 713 2887 792 2959; x_wconf 88' lang='lat' dir='ltr'>quod</span> <span class='ocrx_word' id='word_1_221' title='bbox 815 2887 892 2961; x_wconf 93' lang='lat' dir='ltr'>apud</span> <span class='ocrx_word' id='word_1_222' title='bbox 911 2885 1083 2944; x_wconf 83' lang='lat' dir='ltr'>Ciceronem</span> <span class='ocrx_word' id='word_1_223' title='bbox 1094 2889 1170 2958; x_wconf 81' lang='lat' dir='ltr'>foret</span> <span class='ocrx_word' id='word_1_224' title='bbox 1188 2904 1242 2960; x_wconf 91' lang='lat' dir='ltr'>pro</span> 
     </span>
     <span class='ocr_line' id='line_1_26' title="bbox 167 2968 1139 3046; baseline -0.001 -19"><span class='ocrx_word' id='word_1_225' title='bbox 167 2981 236 3028; x_wconf 83' lang='lat' dir='ltr'>esset</span> <span class='ocrx_word' id='word_1_226' title='bbox 258 2971 380 3045; x_wconf 86' lang='lat' dir='ltr'>reperiri</span> <span class='ocrx_word' id='word_1_227' title='bbox 405 2989 461 3027; x_wconf 92' lang='lat' dir='ltr'>non</span> <span class='ocrx_word' id='word_1_228' title='bbox 486 2972 602 3027; x_wconf 90' lang='lat' dir='ltr'>videtur</span> <span class='ocrx_word' id='word_1_229' title='bbox 626 2972 681 3027; x_wconf 91' lang='lat' dir='ltr'>nisi</span> <span class='ocrx_word' id='word_1_230' title='bbox 704 2990 751 3046; x_wconf 92' lang='lat' dir='ltr'>ep.</span> <span class='ocrx_word' id='word_1_231' title='bbox 775 2970 812 3026; x_wconf 91' lang='lat' dir='ltr'>ad</span> <span class='ocrx_word' id='word_1_232' title='bbox 835 2973 899 3027; x_wconf 78' lang='lat' dir='ltr'>Att.</span> <span class='ocrx_word' id='word_1_233' title='bbox 924 2971 995 3038; x_wconf 83' lang='lat' dir='ltr'>Vll,</span> <span class='ocrx_word' id='word_1_234' title='bbox 1021 2971 1071 3039; x_wconf 80' lang='lat'>21,</span> <span class='ocrx_word' id='word_1_235' title='bbox 1096 2968 1139 3046; x_wconf 78' lang='lat'>2]</span> 
     </span>
    </p>

    <p class='ocr_par' dir='ltr' id='par_1_8' title="bbox 165 3055 1245 3300">
     <span class='ocr_line' id='line_1_27' title="bbox 252 3055 1243 3131; baseline -0.003 -18"><span class='ocrx_word' id='word_1_236' title='bbox 252 3055 324 3131; x_wconf 88' lang='lat' dir='ltr'>Cap.</span> <span class='ocrx_word' id='word_1_237' title='bbox 337 3057 410 3113; x_wconf 87' lang='lat' dir='ltr'>XX.</span> <span class='ocrx_word' id='word_1_238' title='bbox 446 3057 481 3111; x_wconf 88' lang='lat' dir='ltr'>L.</span> <span class='ocrx_word' id='word_1_239' title='bbox 500 3057 615 3112; x_wconf 76' lang='lat' dir='ltr'>Thorius</span> <span class='ocrx_word' id='word_1_240' title='bbox 628 3058 749 3129; x_wconf 82' lang='lat' dir='ltr'>Balbus)</span> <span class='ocrx_word' id='word_1_241' title='bbox 768 3057 855 3111; x_wconf 83' lang='lat' dir='ltr'>borno</span> <span class='ocrx_word' id='word_1_242' title='bbox 874 3074 994 3130; x_wconf 88' lang='lat' dir='ltr'>prorsus</span> <span class='ocrx_word' id='word_1_243' title='bbox 1012 3055 1096 3111; x_wconf 89' lang='lat' dir='ltr'>nobis</span> <span class='ocrx_word' id='word_1_244' title='bbox 1116 3055 1243 3130; x_wconf 87' lang='lat' dir='ltr'>ignotus.</span> 
     </span>
     <span class='ocr_line' id='line_1_28' title="bbox 165 3140 1245 3216; baseline -0.001 -18"><span class='ocrx_word' id='word_1_245' title='bbox 165 3141 259 3198; x_wconf 84' lang='lat' dir='ltr'>Extat</span> <span class='ocrx_word' id='word_1_246' title='bbox 281 3151 378 3197; x_wconf 89' lang='lat' dir='ltr'>tamen</span> <span class='ocrx_word' id='word_1_247' title='bbox 401 3141 435 3197; x_wconf 91' lang='lat' dir='ltr'>L.</span> <span class='ocrx_word' id='word_1_248' title='bbox 452 3142 556 3198; x_wconf 89' lang='lat' dir='ltr'>Thorii</span> <span class='ocrx_word' id='word_1_249' title='bbox 575 3142 661 3198; x_wconf 88' lang='lat' dir='ltr'>Balbi</span> <span class='ocrx_word' id='word_1_250' title='bbox 685 3142 822 3197; x_wconf 88' lang='lat' dir='ltr'>denarius</span> <span class='ocrx_word' id='word_1_251' title='bbox 845 3151 1002 3216; x_wconf 84' lang='lat' dir='ltr'>argenteus</span> <span class='ocrx_word' id='word_1_252' title='bbox 1025 3158 1090 3197; x_wconf 85' lang='lat' dir='ltr'>oum</span> <span class='ocrx_word' id='word_1_253' title='bbox 1115 3140 1245 3215; x_wconf 83' lang='lat' dir='ltr'>imagine</span> 
     </span>
     <span class='ocr_line' id='line_1_29' title="bbox 165 3226 459 3300; baseline -0.003 -15"><span class='ocrx_word' id='word_1_254' title='bbox 165 3227 290 3285; x_wconf 89' lang='lat' dir='ltr'>Iunonis</span> <span class='ocrx_word' id='word_1_255' title='bbox 314 3226 459 3300; x_wconf 86' lang='lat' dir='ltr'>Sospitae.</span> 
     </span>
    </p>

    <p class='ocr_par' dir='ltr' id='par_1_9' title="bbox 105 3310 1328 4239">
     <span class='ocr_line' id='line_1_30' title="bbox 252 3310 1243 3388; baseline -0.003 -19"><span class='ocrx_word' id='word_1_256' title='bbox 252 3321 276 3369; x_wconf 85' lang='lat' dir='ltr'>et</span> <span class='ocrx_word' id='word_1_257' title='bbox 287 3316 343 3368; x_wconf 84' lang='lat' dir='ltr'>eins</span> <span class='ocrx_word' id='word_1_258' title='bbox 353 3316 457 3385; x_wconf 69' lang='lat' dir='ltr'>penaria</span> <span class='ocrx_word' id='word_1_259' title='bbox 468 3313 632 3384; x_wconf 81' lang='lat' dir='ltr'>intellepcus)</span> <span class='ocrx_word' id='word_1_260' title='bbox 646 3310 825 3388; x_wconf 75' lang='lat' dir='ltr'>[Edebaturz</span> <span class='ocrx_word' id='word_1_261' title='bbox 840 3322 864 3368; x_wconf 80' lang='lat' dir='ltr'>el</span> <span class='ocrx_word' id='word_1_262' title='bbox 875 3314 994 3367; x_wconf 82' lang='lat' dir='ltr'>euiasvz&#39;a</span> <span class='ocrx_word' id='word_1_263' title='bbox 1003 3314 1108 3384; x_wconf 72' lang='lat' dir='ltr'>perieris</span> <span class='ocrx_word' id='word_1_264' title='bbox 1119 3314 1176 3367; x_wconf 74' lang='lat' dir='ltr'>eiras</span> <span class='ocrx_word' id='word_1_265' title='bbox 1187 3314 1243 3380; x_wconf 78' lang='lat' dir='ltr'>int,</span> 
     </span>
     <span class='ocr_line' id='line_1_31' title="bbox 166 3392 1243 3471; baseline -0.003 -17"><span class='ocrx_word' id='word_1_266' title='bbox 166 3399 377 3470; x_wconf 73' lang='lat' dir='ltr'>tenebaturque</span> <span class='ocrx_word' id='word_1_267' title='bbox 400 3398 435 3453; x_wconf 88' lang='lat' dir='ltr'>de</span> <span class='ocrx_word' id='word_1_268' title='bbox 458 3398 554 3465; x_wconf 77' lang='lat' dir='ltr'>codd,</span> <span class='ocrx_word' id='word_1_269' title='bbox 578 3398 633 3453; x_wconf 92' lang='lat' dir='ltr'>nisi</span> <span class='ocrx_word' id='word_1_270' title='bbox 658 3397 735 3471; x_wconf 90' lang='lat' dir='ltr'>quod</span> <span class='ocrx_word' id='word_1_271' title='bbox 754 3392 795 3464; x_wconf 79' lang='grc' dir='ltr'>Εξ</span> <span class='ocrx_word' id='word_1_272' title='bbox 818 3397 953 3453; x_wconf 89' lang='lat' dir='ltr'>omittere</span> <span class='ocrx_word' id='word_1_273' title='bbox 976 3400 1093 3453; x_wconf 80' lang='lat' dir='ltr'>cuiusvis</span> <span class='ocrx_word' id='word_1_274' title='bbox 1111 3404 1243 3452; x_wconf 85' lang='lat' dir='ltr'>notatum</span> 
     </span>
     <span class='ocr_line' id='line_1_32' title="bbox 166 3480 1245 3559; baseline -0.003 -20"><span class='ocrx_word' id='word_1_275' title='bbox 166 3481 253 3559; x_wconf 78' lang='lat' dir='ltr'>erat]</span> <span class='ocrx_word' id='word_1_276' title='bbox 277 3482 384 3540; x_wconf 80' lang='lat' dir='ltr'>Gaius:</span> <span class='ocrx_word' id='word_1_277' title='bbox 411 3483 583 3549; x_wconf 83' lang='lat' dir='ltr'>„Turbant“</span> <span class='ocrx_word' id='word_1_278' title='bbox 604 3483 700 3556; x_wconf 88' lang='lat' dir='ltr'>inquit</span> <span class='ocrx_word' id='word_1_279' title='bbox 719 3481 840 3557; x_wconf 85' lang='lat' dir='ltr'>„scripti</span> <span class='ocrx_word' id='word_1_280' title='bbox 858 3482 887 3538; x_wconf 94' lang='lat' dir='ltr'>in</span> <span class='ocrx_word' id='word_1_281' title='bbox 910 3485 1036 3551; x_wconf 74' lang='lat' dir='ltr'>erriusuis,</span> <span class='ocrx_word' id='word_1_282' title='bbox 1060 3481 1112 3539; x_wconf 89' lang='lat' dir='ltr'>sed</span> <span class='ocrx_word' id='word_1_283' title='bbox 1135 3490 1168 3537; x_wconf 93' lang='lat' dir='ltr'>ut</span> <span class='ocrx_word' id='word_1_284' title='bbox 1189 3480 1245 3536; x_wconf 87' lang='lat' dir='ltr'>hae</span> 
     </span>
     <span class='ocr_line' id='line_1_33' title="bbox 105 3556 1328 3642; baseline -0.005 -14"><span class='ocrx_word' id='word_1_285' title='bbox 105 3624 107 3628; x_wconf 73' lang='grc'><strong>,</strong></span> <span class='ocrx_word' id='word_1_286' title='bbox 165 3569 195 3624; x_wconf 91' lang='lat' dir='ltr'>in</span> <span class='ocrx_word' id='word_1_287' title='bbox 219 3587 291 3624; x_wconf 88' lang='lat' dir='ltr'>voce</span> <span class='ocrx_word' id='word_1_288' title='bbox 319 3568 427 3641; x_wconf 88' lang='lat' dir='ltr'>ubique</span> <span class='ocrx_word' id='word_1_289' title='bbox 456 3568 582 3624; x_wconf 77' lang='lat' dir='ltr'>solent··.</span> <span class='ocrx_word' id='word_1_290' title='bbox 628 3568 678 3626; x_wconf 84' lang='lat' dir='ltr'>Sic</span> <span class='ocrx_word' id='word_1_291' title='bbox 700 3569 726 3624; x_wconf 88' lang='lat' dir='ltr'>is</span> <span class='ocrx_word' id='word_1_292' title='bbox 748 3568 823 3623; x_wconf 88' lang='lat' dir='ltr'>solet</span> <span class='ocrx_word' id='word_1_293' title='bbox 846 3568 965 3642; x_wconf 87' lang='lat' dir='ltr'>nugari,</span> <span class='ocrx_word' id='word_1_294' title='bbox 994 3586 1052 3622; x_wconf 93' lang='lat' dir='ltr'>non</span> <span class='ocrx_word' id='word_1_295' title='bbox 1076 3586 1136 3623; x_wconf 88' lang='lat' dir='ltr'>rem</span> <span class='ocrx_word' id='word_1_296' title='bbox 1161 3583 1243 3622; x_wconf 90' lang='lat' dir='ltr'>suam</span> <span class='ocrx_word' id='word_1_297' title='bbox 1324 3556 1328 3563; x_wconf 49' lang='lat'><strong>⁴</strong></span> 
     </span>
     <span class='ocr_line' id='line_1_34' title="bbox 166 3651 1244 3728; baseline -0.003 -19"><span class='ocrx_word' id='word_1_298' title='bbox 166 3672 263 3728; x_wconf 85' lang='lat' dir='ltr'>agere.</span> <span class='ocrx_word' id='word_1_299' title='bbox 308 3653 352 3708; x_wconf 86' lang='lat' dir='ltr'>Eo</span> <span class='ocrx_word' id='word_1_300' title='bbox 374 3653 551 3728; x_wconf 85' lang='lat' dir='ltr'>flagitiosior</span> <span class='ocrx_word' id='word_1_301' title='bbox 573 3653 773 3728; x_wconf 76' lang='lat' dir='ltr'>neglegentia,</span> <span class='ocrx_word' id='word_1_302' title='bbox 802 3653 881 3727; x_wconf 93' lang='lat' dir='ltr'>quod</span> <span class='ocrx_word' id='word_1_303' title='bbox 910 3653 1030 3708; x_wconf 89' lang='lat' dir='ltr'>haerere</span> <span class='ocrx_word' id='word_1_304' title='bbox 1060 3652 1185 3708; x_wconf 87' lang='lat' dir='ltr'>debebat</span> <span class='ocrx_word' id='word_1_305' title='bbox 1213 3651 1244 3707; x_wconf 90' lang='lat' dir='ltr'>in</span> 
     </span>
     <span class='ocr_line' id='line_1_35' title="bbox 166 3736 1245 3812; baseline -0.004 -17"><span class='ocrx_word' id='word_1_306' title='bbox 166 3744 223 3796; x_wconf 81' lang='lat' dir='ltr'>eins</span> <span class='ocrx_word' id='word_1_307' title='bbox 244 3739 281 3793; x_wconf 90' lang='lat' dir='ltr'>ad</span> <span class='ocrx_word' id='word_1_308' title='bbox 306 3741 468 3812; x_wconf 82' lang='lat' dir='ltr'>voluptatum</span> <span class='ocrx_word' id='word_1_309' title='bbox 492 3739 600 3803; x_wconf 87' lang='lat' dir='ltr'>relato,</span> <span class='ocrx_word' id='word_1_310' title='bbox 630 3739 678 3812; x_wconf 92' lang='lat' dir='ltr'>qui</span> <span class='ocrx_word' id='word_1_311' title='bbox 704 3739 844 3794; x_wconf 86' lang='lat' dir='ltr'>transitus</span> <span class='ocrx_word' id='word_1_312' title='bbox 867 3738 914 3794; x_wconf 89' lang='lat' dir='ltr'>bic</span> <span class='ocrx_word' id='word_1_313' title='bbox 937 3756 995 3794; x_wconf 92' lang='lat' dir='ltr'>non</span> <span class='ocrx_word' id='word_1_314' title='bbox 1019 3745 1177 3793; x_wconf 87' lang='lat' dir='ltr'>excusatur</span> <span class='ocrx_word' id='word_1_315' title='bbox 1199 3736 1245 3811; x_wconf 86' lang='lat' dir='ltr'>iia,</span> 
     </span>
     <span class='ocr_line' id='line_1_36' title="bbox 166 3821 1245 3898; baseline -0.002 -18"><span class='ocrx_word' id='word_1_316' title='bbox 166 3841 242 3898; x_wconf 89' lang='lat' dir='ltr'>qnae</span> <span class='ocrx_word' id='word_1_317' title='bbox 265 3823 302 3879; x_wconf 88' lang='lat' dir='ltr'>ad</span> <span class='ocrx_word' id='word_1_318' title='bbox 325 3827 339 3891; x_wconf 67' lang='grc' dir='ltr'><strong>ς</strong></span> <span class='ocrx_word' id='word_1_319' title='bbox 360 3826 395 3879; x_wconf 85' lang='grc'>61</span> <span class='ocrx_word' id='word_1_320' title='bbox 422 3825 499 3893; x_wconf 85' lang='lat' dir='ltr'>dixi,</span> <span class='ocrx_word' id='word_1_321' title='bbox 529 3825 606 3897; x_wconf 89' lang='lat' dir='ltr'>quod</span> <span class='ocrx_word' id='word_1_322' title='bbox 636 3841 689 3879; x_wconf 87' lang='lat' dir='ltr'>nec</span> <span class='ocrx_word' id='word_1_323' title='bbox 718 3824 779 3879; x_wconf 86' lang='lat' dir='ltr'>ulla</span> <span class='ocrx_word' id='word_1_324' title='bbox 807 3824 870 3879; x_wconf 90' lang='lat' dir='ltr'>eius</span> <span class='ocrx_word' id='word_1_325' title='bbox 893 3840 981 3879; x_wconf 84' lang='lat' dir='ltr'>eausa</span> <span class='ocrx_word' id='word_1_326' title='bbox 1004 3832 1048 3879; x_wconf 90' lang='lat' dir='ltr'>est</span> <span class='ocrx_word' id='word_1_327' title='bbox 1070 3833 1100 3879; x_wconf 89' lang='lat' dir='ltr'>et</span> <span class='ocrx_word' id='word_1_328' title='bbox 1122 3822 1152 3878; x_wconf 94' lang='lat' dir='ltr'>in</span> <span class='ocrx_word' id='word_1_329' title='bbox 1175 3821 1245 3878; x_wconf 86' lang='lat' dir='ltr'>sirn-</span> 
     </span>
     <span class='ocr_line' id='line_1_37' title="bbox 166 3907 1245 3985; baseline 0.001 -22"><span class='ocrx_word' id='word_1_330' title='bbox 166 3909 237 3984; x_wconf 86' lang='lat' dir='ltr'>plici</span> <span class='ocrx_word' id='word_1_331' title='bbox 260 3909 481 3966; x_wconf 89' lang='lat' dir='ltr'>continuatione</span> <span class='ocrx_word' id='word_1_332' title='bbox 504 3920 532 3965; x_wconf 90' lang='lat' dir='ltr'>et</span> <span class='ocrx_word' id='word_1_333' title='bbox 555 3908 742 3984; x_wconf 88' lang='lat' dir='ltr'>copulatione</span> <span class='ocrx_word' id='word_1_334' title='bbox 766 3910 806 3964; x_wconf 82' lang='lat' dir='ltr'>iit.</span> <span class='ocrx_word' id='word_1_335' title='bbox 852 3907 967 3985; x_wconf 87' lang='lat' dir='ltr'>[Antea</span> <span class='ocrx_word' id='word_1_336' title='bbox 989 3927 1055 3965; x_wconf 90' lang='lat' dir='ltr'>cum</span> <span class='ocrx_word' id='word_1_337' title='bbox 1079 3908 1165 3965; x_wconf 89' lang='lat' dir='ltr'>unius</span> <span class='ocrx_word' id='word_1_338' title='bbox 1184 3907 1245 3964; x_wconf 81' lang='lat' dir='ltr'>Erl.</span> 
     </span>
     <span class='ocr_line' id='line_1_38' title="bbox 166 3990 1243 4071; baseline 0 -20"><span class='ocrx_word' id='word_1_339' title='bbox 166 3995 341 4069; x_wconf 85' lang='lat' dir='ltr'>scripturam</span> <span class='ocrx_word' id='word_1_340' title='bbox 376 4014 507 4064; x_wconf 90' lang='lat' dir='ltr'>nossem,</span> <span class='ocrx_word' id='word_1_341' title='bbox 543 3994 706 4051; x_wconf 83' lang='lat' dir='ltr'>edideram:</span> <span class='ocrx_word' id='word_1_342' title='bbox 739 4005 764 4050; x_wconf 86' lang='lat' dir='ltr'>et</span> <span class='ocrx_word' id='word_1_343' title='bbox 796 3997 913 4050; x_wconf 72' lang='lat' dir='ltr'>erriusois</span> <span class='ocrx_word' id='word_1_344' title='bbox 945 3998 1049 4067; x_wconf 80' lang='lat' dir='ltr'>penem&#39;s</span> <span class='ocrx_word' id='word_1_345' title='bbox 1081 3990 1167 4071; x_wconf 86' lang='lat' dir='ltr'>[eius]</span> <span class='ocrx_word' id='word_1_346' title='bbox 1195 3997 1243 4051; x_wconf 85' lang='lat' dir='ltr'>int.</span> 
     </span>
     <span class='ocr_line' id='line_1_39' title="bbox 166 4078 1246 4154; baseline -0.002 -17"><span class='ocrx_word' id='word_1_347' title='bbox 166 4079 254 4137; x_wconf 82' lang='lat' dir='ltr'>Nunc</span> <span class='ocrx_word' id='word_1_348' title='bbox 277 4079 396 4154; x_wconf 82' lang='lat' dir='ltr'>cognito</span> <span class='ocrx_word' id='word_1_349' title='bbox 420 4080 574 4136; x_wconf 89' lang='lat' dir='ltr'>consensui</span> <span class='ocrx_word' id='word_1_350' title='bbox 597 4081 681 4137; x_wconf 90' lang='lat' dir='ltr'>codd.</span> <span class='ocrx_word' id='word_1_351' title='bbox 708 4079 860 4135; x_wconf 89' lang='lat' dir='ltr'>meliorum</span> <span class='ocrx_word' id='word_1_352' title='bbox 880 4081 961 4151; x_wconf 86' lang='lat' dir='ltr'>(AB)</span> <span class='ocrx_word' id='word_1_353' title='bbox 985 4079 1069 4153; x_wconf 91' lang='lat' dir='ltr'>parui</span> <span class='ocrx_word' id='word_1_354' title='bbox 1092 4096 1156 4134; x_wconf 90' lang='lat' dir='ltr'>cum</span> <span class='ocrx_word' id='word_1_355' title='bbox 1177 4078 1246 4135; x_wconf 87' lang='lat' dir='ltr'>Bai·</span> 
     </span>
     <span class='ocr_line' id='line_1_40' title="bbox 167 4160 1246 4239; baseline -0.003 -18"><span class='ocrx_word' id='word_1_356' title='bbox 167 4174 239 4221; x_wconf 86' lang='lat' dir='ltr'>tero.</span> <span class='ocrx_word' id='word_1_357' title='bbox 275 4166 310 4221; x_wconf 83' lang='lat' dir='ltr'>ld</span> <span class='ocrx_word' id='word_1_358' title='bbox 329 4184 413 4238; x_wconf 79' lang='lat' dir='ltr'>penas</span> <span class='ocrx_word' id='word_1_359' title='bbox 436 4165 581 4239; x_wconf 85' lang='lat' dir='ltr'>significat</span> <span class='ocrx_word' id='word_1_360' title='bbox 604 4165 711 4233; x_wconf 87' lang='lat' dir='ltr'>omnia,</span> <span class='ocrx_word' id='word_1_361' title='bbox 735 4183 810 4238; x_wconf 88' lang='lat' dir='ltr'>quae</span> <span class='ocrx_word' id='word_1_362' title='bbox 833 4164 870 4219; x_wconf 93' lang='lat' dir='ltr'>ad</span> <span class='ocrx_word' id='word_1_363' title='bbox 889 4164 1055 4237; x_wconf 87' lang='lat' dir='ltr'>voluptates</span> <span class='ocrx_word' id='word_1_364' title='bbox 1072 4160 1246 4239; x_wconf 80' lang='lat' dir='ltr'>pertinent]</span> 
     </span>
    </p>

    <p class='ocr_par' dir='ltr' id='par_1_10' title="bbox 167 4247 1246 4494">
     <span class='ocr_line' id='line_1_41' title="bbox 252 4247 1244 4324; baseline -0.001 -20"><span class='ocrx_word' id='word_1_365' title='bbox 252 4251 301 4305; x_wconf 84' lang='lat' dir='ltr'>illa</span> <span class='ocrx_word' id='word_1_366' title='bbox 326 4252 445 4324; x_wconf 74' lang='lat' dir='ltr'>plurima</span> <span class='ocrx_word' id='word_1_367' title='bbox 475 4284 514 4291; x_wconf 88' lang='lat'>—</span> <span class='ocrx_word' id='word_1_368' title='bbox 542 4253 677 4322; x_wconf 71' lang='lat' dir='ltr'>sacrificia</span> <span class='ocrx_word' id='word_1_369' title='bbox 710 4261 735 4306; x_wconf 84' lang='lat' dir='ltr'>et</span> <span class='ocrx_word' id='word_1_370' title='bbox 761 4247 848 4322; x_wconf 77' lang='lat' dir='ltr'>fana)</span> <span class='ocrx_word' id='word_1_371' title='bbox 880 4267 896 4303; x_wconf 89' lang='lat' dir='ltr'>e</span> <span class='ocrx_word' id='word_1_372' title='bbox 925 4249 1031 4321; x_wconf 88' lang='lat' dir='ltr'>quibus</span> <span class='ocrx_word' id='word_1_373' title='bbox 1059 4248 1244 4305; x_wconf 89' lang='lat' dir='ltr'>notissimum</span> 
     </span>
     <span class='ocr_line' id='line_1_42' title="bbox 168 4333 1246 4409; baseline -0.003 -18"><span class='ocrx_word' id='word_1_374' title='bbox 168 4334 291 4391; x_wconf 86' lang='lat' dir='ltr'>Iunonis</span> <span class='ocrx_word' id='word_1_375' title='bbox 316 4334 454 4409; x_wconf 84' lang='lat' dir='ltr'>Sospitae</span> <span class='ocrx_word' id='word_1_376' title='bbox 476 4336 628 4409; x_wconf 87' lang='lat' dir='ltr'>templum.</span> <span class='ocrx_word' id='word_1_377' title='bbox 675 4336 772 4391; x_wconf 87' lang='lat' dir='ltr'>Prave</span> <span class='ocrx_word' id='word_1_378' title='bbox 785 4333 878 4391; x_wconf 78' lang='lat' dir='ltr'>Gaius</span> <span class='ocrx_word' id='word_1_379' title='bbox 902 4352 939 4388; x_wconf 84' lang='lat' dir='ltr'>ex</span> <span class='ocrx_word' id='word_1_380' title='bbox 963 4334 1008 4390; x_wconf 91' lang='lat' dir='ltr'>ed.</span> <span class='ocrx_word' id='word_1_381' title='bbox 1025 4333 1131 4389; x_wconf 86' lang='lat' dir='ltr'>Marsi:</span> <span class='ocrx_word' id='word_1_382' title='bbox 1154 4343 1178 4389; x_wconf 88' lang='lat' dir='ltr'>et</span> <span class='ocrx_word' id='word_1_383' title='bbox 1200 4353 1246 4389; x_wconf 84' lang='lat' dir='ltr'>se·</span> 
     </span>
     <span class='ocr_line' id='line_1_43' title="bbox 167 4417 1246 4494; baseline -0.002 -17"><span class='ocrx_word' id='word_1_384' title='bbox 167 4421 268 4493; x_wconf 67' lang='lat' dir='ltr'>trajicio</span> <span class='ocrx_word' id='word_1_385' title='bbox 290 4429 315 4475; x_wconf 86' lang='lat' dir='ltr'>et</span> <span class='ocrx_word' id='word_1_386' title='bbox 331 4422 419 4493; x_wconf 78' lang='lat' dir='ltr'>sana,</span> <span class='ocrx_word' id='word_1_387' title='bbox 448 4430 597 4494; x_wconf 88' lang='lat' dir='ltr'>tamquam</span> <span class='ocrx_word' id='word_1_388' title='bbox 628 4420 700 4477; x_wconf 87' lang='lat' dir='ltr'>duaa</span> <span class='ocrx_word' id='word_1_389' title='bbox 728 4438 775 4476; x_wconf 88' lang='lat' dir='ltr'>res</span> <span class='ocrx_word' id='word_1_390' title='bbox 803 4419 964 4494; x_wconf 82' lang='lat' dir='ltr'>separatim</span> <span class='ocrx_word' id='word_1_391' title='bbox 986 4418 1118 4493; x_wconf 80' lang='lat' dir='ltr'>intellegi</span> <span class='ocrx_word' id='word_1_392' title='bbox 1141 4417 1246 4476; x_wconf 83' lang='lat' dir='ltr'>Cicero</span> 
     </span>
    </p>
   </div>
   <div class='ocr_carea' id='block_1_6' title="bbox 0 0 1522 5086">
    <p class='ocr_par' dir='ltr' id='par_1_11' title="bbox 0 0 1522 5086">
     <span class='ocr_line' id='line_1_44' title="bbox 0 0 1522 5086; baseline 0 0"><span class='ocrx_word' id='word_1_393' title='bbox 0 0 1522 5086; x_wconf 95' lang='lat' dir='ltr'> </span> 
     </span>
    </p>
   </div>
  </div>
 </body>
</html>
