3030 5086
283 465 346 530 720
670 483 716 528 nn
738 482 869 529 enisos
891 483 963 529 soa.

282 652 411 732 copiam,
434 668 528 730 quam
546 649 645 730 potui,
668 649 742 730 quia
759 649 912 714 dubitatio
934 651 966 715 in
989 669 1024 715 re
1046 651 1131 717 nulla
1147 658 1226 729 erat,
1248 666 1369 732 perse·

282 755 396 833 cutus),
419 752 474 816 scd
496 751 544 814 his
561 751 654 815 rebus
672 750 865 815 concluditur
881 750 1029 831 prolecto,
1053 757 1084 817 et
1100 751 1232 817 virtutes
1249 768 1369 816 omnes

282 864 314 920 ct
334 855 497 918 honestum
520 851 604 931 illud,
627 853 710 933 quod
733 852 830 917 exiis
853 852 954 916 oritur
976 861 1009 917 et
1029 853 1059 917 in
1082 852 1142 918 illis
1158 853 1279 931 haeret,
1304 869 1369 934 per

282 974 316 1021 se
338 973 407 1019 csse
429 955 644 1034 expetendum.
694 954 744 1018 65.
767 954 803 1017 ln
826 954 911 1017 omni
932 962 1035 1018 autem
1058 954 1204 1034 honesto,
1231 955 1274 1019 de
1298 970 1366 1035 quo

353 1146 372 1190 l.
392 1138 505 1189 dubitatio
529 1138 618 1190 omC
659 1137 725 1188 nulio
747 1138 772 1187 ia
793 1156 819 1189 re
841 1148 894 1189 erat
911 1140 935 1189 R
956 1138 1024 1190 aella
1046 1150 1099 1190 eret
1120 1139 1144 1189 in
1166 1157 1192 1190 re
1210 1141 1231 1191 L
1287 1144 1313 1188 8.
1332 1155 1366 1189 ax

282 1224 323 1258 om
350 1208 370 1256 P
405 1208 441 1256 hia
459 1206 581 1257 virtutihus
599 1207 704 1257 exorior
722 1206 834 1259 Lcaor.
861 1206 898 1257 ta
916 1212 973 1273 (pro
990 1206 1049 1273 tua)
1068 1208 1203 1261 LPCROr.
1238 1224 1293 1259 me
1315 1223 1366 1271 per

281 1294 307 1327 ae
325 1276 390 1339 (Pto
425 1283 448 1325 t.
468 1273 647 1325 omaieat'mlt‘

281 1447 331 1526 B],
354 1449 432 1524 quod
454 1447 522 1505 inde
540 1466 558 1503 a
575 1446 667 1513 Orat,
686 1447 774 1518 vict,
797 1447 878 1505 Man.
900 1447 1011 1505 editum
1035 1457 1104 1505 erat.
1140 1446 1233 1507 Gaius
1255 1464 1272 1503 e
1297 1444 1363 1503 suis

281 1535 410 1609 quinque
432 1532 526 1607 (atqui
549 1540 666 1608 praeter
677 1532 739 1590 Erl.
759 1542 788 1588 et
800 1532 890 1607 Spir,
913 1551 1000 1607 quem
1022 1533 1060 1589 ab
1083 1533 1138 1591 hoc
1160 1530 1363 1607 discrepuisse

281 1638 339 1676 non
363 1627 444 1695 puto,
466 1626 606 1692 quattuor
628 1616 752 1689 habuit),
777 1615 857 1676 Oxx.
881 1612 950 1693 ξχψ,
973 1617 1062 1677 Vind.
1086 1617 1217 1675 invertit.
1260 1614 1362 1673 Paulo

281 1714 349 1780 post
370 1705 445 1760 nullo
467 1706 493 1759 in
516 1721 545 1759 re
567 1699 646 1758 Gud.
663 1703 688 1771 l,
711 1702 792 1771 Bas,
815 1702 943 1761 Marsus.
978 1702 1063 1759 Nolle
1086 1701 1286 1760 nominativus
1303 1709 1361 1757 est.

366 1790 441 1863 qaod
462 1807 495 1844 ea
516 1790 550 1844 iio
571 1784 670 1863 oritur)
698 1786 733 1842 ln
761 1786 945 1844 excludenda
972 1805 1044 1845 voce
1073 1788 1215 1845 virtutibus
1236 1794 1361 1844 secutus

281 1892 344 1931 sum
368 1873 429 1930 Erl.
452 1883 481 1929 et
504 1867 665 1950 spir.[ss];
688 1870 798 1930 (tuda
822 1880 852 1928 et
871 1872 939 1928 Par.
955 1874 981 1944 1,
1005 1872 1029 1929 si
1053 1872 1177 1931 Davisio
1199 1870 1360 1937 oredimus,

281 1968 310 2016 et
333 1977 396 2015 eam
425 1966 455 2014 et
481 1955 684 2014 tramittunt.
732 1956 762 2014 Si
786 1955 890 2015 Cicero
916 1974 1023 2014 nomen
1050 1957 1220 2032 repetisset,
1247 1972 1360 2031 prono·

282 2062 347 2100 men
364 2044 430 2117 (hia)
447 2041 603 2111 omisisset,
627 2040 871 2114 quemadmodum
895 2039 967 2098 facit
984 2042 1039 2100 58:
1062 2046 1172 2100 ninutas
1194 2051 1218 2100 et
1239 2043 1361 2098 actiones

281 2129 422 2186 iactatibus
444 2135 629 2201 conpetentem
653 2144 747 2200 neque
770 2125 848 2183 enim
870 2126 946 2183 aliae
969 2127 1047 2184 ullae
1069 2137 1164 2187 erant.
1203 2124 1361 2205 [Obicitur

281 2214 318 2271 ab
341 2213 440 2271 Alana
458 2214 543 2271 Verr.
560 2212 618 2281 ΙΙΙ,
637 2208 704 2287 76.]
739 2212 904 2268 Pronomen
927 2211 990 2268 sine
1013 2222 1132 2270 auctore
1155 2209 1277 2281 mutavi,
1301 2210 1361 2269 nisi

280 2298 358 2375 quod
387 2298 417 2354 in
440 2296 519 2356 Gud.
546 2298 563 2352 2
589 2293 632 2376 [et
655 2292 694 2375 B]
718 2295 826 2353 dicitur
852 2314 916 2353 esse
939 2297 1004 2365 hita
1035 2316 1128 2372 prava
1155 2313 1277 2373 prorsus
1305 2295 1359 2353 ds·

281 2383 455 2440 monstratio
473 2390 545 2439 erat.
581 2380 667 2454 Quod
686 2384 772 2437 oritur
789 2400 825 2437 ex
839 2381 899 2438 Eri.
919 2378 1000 2461 [etB
1023 2391 1053 2439 et
1074 2382 1138 2440 sine
1155 2382 1244 2440 dubio
1262 2376 1362 2461 Spin]

281 2468 400 2543 scripsi,
428 2476 545 2542 praeter
567 2466 770 2523 auctoritatem
793 2467 937 2523 rationem
961 2476 1079 2525 secutus
1101 2486 1181 2537 sum;
1208 2483 1276 2524 nam
1307 2466 1361 2525 ubi
1420 2534 1423 2539 ¹

282 2563 394 2610 tantum
418 2552 501 2627 origo
524 2560 554 2608 et
576 2549 642 2607 fons
665 2550 860 2626 significatur,
886 2550 995 2621 ⁴Cicero
1018 2552 1094 2610 solet
1116 2552 1214 2610 <licere
1236 2552 1305 2609 oriri
1325 2570 1362 2609 ea

282 2637 329 2694 vel
351 2638 386 2692 ab
408 2638 501 2713 aliquo
524 2655 561 2703 re,
585 2654 642 2692 non
666 2639 773 2706 moriri,
797 2636 875 2710 quod
899 2636 935 2693 de
954 2636 990 2693 iia
1008 2637 1137 2712 ponitur,
1160 2655 1236 2712 quae
1258 2636 1362 2695 subito

282 2732 332 2780 aut
355 2741 391 2778 ex
415 2722 540 2779 adverso
563 2729 686 2796 surgunt
709 2731 739 2778 et
761 2729 905 2796 apparent
926 2732 1015 2796 atque
1037 2732 1150 2781 assunt.
1191 2723 1299 2797 Itaque
1322 2720 1362 2779 de

282 2806 340 2867 off.
363 2807 393 2871 I,
421 2808 457 2863 15
482 2805 567 2863 dicit:
597 2825 684 2875 oniae,
708 2808 782 2880 qnod
803 2816 842 2863 eat
864 2807 1014 2875 honestam,
1037 2808 1068 2864 id
1088 2817 1217 2881 quattuor
1234 2809 1361 2882 partiam

281 2898 367 2949 oritur
388 2911 422 2948 ea
443 2894 537 2966 aliquo
559 2889 625 2962 (cfr.
649 2890 697 2946 hic
721 2892 781 2964 69).
827 2891 913 2964 Quod
936 2891 1043 2948 Parad.
1066 2893 1105 2961 V,
1125 2894 1165 2950 40
1188 2891 1312 2950 dicitur:
1335 2902 1363 2948 et

281 2980 352 3035 ah'uo
373 2988 413 3034 eat
435 2979 556 3033 dominae
579 2985 742 3032 scortator
764 2979 922 3033 cottocientio
939 2987 1127 3051 pcccatorum,
1151 2980 1243 3048 timor,
1266 2975 1362 3053 signi·

281 3062 385 3120 ficator
406 3061 542 3119 dominns
565 3079 710 3135 exurgens
728 3062 792 3134 (dos
808 3061 972 3135 Austretea),
995 3061 1134 3119 adiuncta
1155 3061 1276 3120 notione
1300 3062 1362 3120 ori·

280 3147 357 3223 ginis
387 3148 416 3203 in
440 3146 538 3203 vorbis
568 3166 601 3202 ec
630 3149 788 3203 corrodentis
805 3156 986 3221 peccatoram.
1032 3147 1080 3204 Ne
1102 3149 1155 3204 altis
1177 3147 1296 3222 quidem
1320 3165 1361 3204 ex

281 3232 348 3290 aliis
370 3231 454 3289 codd.
477 3240 635 3288 annotatur
658 3227 728 3309 [nisi
751 3250 787 3288 ex
812 3226 860 3310 B].

368 3318 417 3374 65.
449 3318 481 3373 In
504 3319 575 3373 marni
595 3326 683 3372 antem
706 3317 813 3373 honesto
834 3314 904 3391 cet.)
928 3315 1025 3373 Etiam
1049 3335 1105 3393 mg.
1129 3316 1209 3375 Cret.
1233 3313 1278 3393 [et
1301 3312 1361 3393 BJ:

284 3403 314 3458 Ia
337 3406 408 3459 ootni
428 3407 495 3459 enim
519 3409 573 3457 cet.
620 3401 702 3474 Quae
730 3402 778 3458 hic
807 3402 842 3459 de
870 3402 1000 3459 iustitiae
1029 3401 1107 3459 inter
1129 3402 1253 3459 virtutes
1276 3400 1362 3476 prin·

281 3488 386 3562 cipatu
409 3497 439 3545 et
460 3488 497 3544 de
520 3486 582 3542 eius
604 3504 657 3561 per
679 3497 792 3543 ceteros
814 3487 938 3543 virtutes
960 3486 1043 3561 quasi
1065 3484 1181 3543 fusione
1197 3488 1225 3558 (ὅ
1243 3486 1298 3560 66)
1316 3483 1363 3543 tli-

281 3584 398 3641 cuntur,
422 3571 499 3648 apud
519 3570 699 3628 Antiochum
722 3582 787 3628 orta
809 3590 872 3629 esse
892 3571 1029 3628 videntur
1050 3589 1088 3627 ex
1110 3570 1157 3641 iis,
1180 3589 1255 3646 quoe
1278 3569 1362 3646 apud

281 3657 474 3717 Aristotelem
498 3656 593 3713 Ethic.
611 3656 726 3714 Nicom.
740 3658 779 3727 V,
793 3657 810 3713 8
834 3656 945 3732 (Magn.
965 3655 1041 3713 Mor.
1053 3654 1079 3726 1,
1093 3655 1146 3731 st)
1163 3656 1361 3724 disseruntur,

280 3753 425 3819 qnatenus
448 3743 541 3799 virtus
564 3741 593 3797 in
617 3740 755 3798 convictu
777 3739 927 3798 hominum
950 3740 1008 3817 legi
1032 3739 1210 3811 satisfaciat,
1239 3758 1360 3799 omnem

281 3830 406 3929 qpodam
426 3827 511 3925 modo
529 3826 609 3883 sub
601 3826 731 3883 iustitiae
748 3826 896 3884 notionem
915 3826 1029 3895 cadere,
1047 3836 1080 3882 nt
1097 3846 1114 3902 η
1104 3783 1301 3899 ὄικαίοσῦνη
1319 3823 1361 3882 sit

281 3904 316 3969 ori
332 3908 423 4012 μέρος
441 3904 555 3987 ἀρετῆς,
579 3900 656 3966 ἄλλα
674 3898 762 3986 ὅλη’
745 3899 842 3986 opseri.
878 3910 936 3969 Sed
954 3911 1003 3968 hic
1019 3912 1056 3969 ad
1075 3929 1150 3982 eant,
1169 3926 1244 3985 quae
1261 3909 1361 3985 magis

280 3999 398 4074 proprie
426 3997 538 4054 iustitia
563 3997 743 4072 appellatur,
771 3995 999 4055 transferuntur.
1050 3998 1250 4054 Accesserunt
1277 3994 1359 4052 enim

280 4084 394 4140 colores
411 4082 606 4141 eStoicorum
625 4082 742 4139 decreto
765 4081 801 4137 da
823 4082 954 4139 omnium
973 4081 1114 4138 virtutum
1138 4078 1360 4155 conspiratione

280 4185 314 4223 ac
337 4185 495 4236 consensu,
523 4168 559 4224 de
587 4187 646 4243 quo
670 4166 821 4225 Ciceronis
843 4167 925 4224 locos
947 4166 1065 4243 collegit
1090 4165 1213 4223 Beierus
1234 4163 1272 4222 ad
1295 4161 1358 4224 Off.

280 4252 304 4323 I,
331 4252 368 4309 15
392 4272 420 4327 p.
436 4253 485 4322 36,
508 4253 637 4327 ascripto
661 4251 747 4309 etiam
772 4252 859 4328 Diog.
885 4253 984 4310 Laert.
1009 4249 1358 4323 testimonio(VII,125

280 4347 310 4394 et
335 4338 416 4410 tto).
463 4339 539 4395 Nam
563 4354 739 4412 quamquam
763 4337 940 4395 Aristoteles
963 4336 1043 4410 (Eth.
1064 4338 1118 4407 VI,
1136 4336 1184 4406 13,
1199 4335 1240 4409 6),
1262 4334 1317 4393 sed
1339 4352 1361 4393 a

279 4421 449 4497 prudentia,
477 4423 625 4481 communi
647 4421 765 4480 virtutis
787 4422 901 4480 ethicae
923 4420 1129 4489 fundamento,
1156 4419 1360 4497 proficiscens,
