3030 5086
220 434 260 498 12
611 452 657 498 ore
680 452 810 500 armeus
832 453 906 499 eeu.

219 621 250 684 in
274 639 336 702 quo
358 620 511 699 admirer,
541 639 597 686 eur
619 622 649 685 in
671 620 865 700 gravissimis
888 621 982 687 rebus
1004 640 1067 688 non
1089 620 1229 687 delectet
1251 636 1308 685 eoe

219 741 321 787 sermo
349 722 484 805 patrius,
518 741 587 786 cum
614 722 708 788 iidem
736 722 868 789 fabellas
896 724 1027 788 Latinas
1053 725 1096 789 ad
1124 723 1261 789 verbum
1288 740 1309 789 e

220 822 350 889 Graecis
377 842 544 905 expressas
572 844 634 888 uon
661 825 751 890 iuviti
777 825 892 907 legant.
942 825 1019 902 Quis
1047 825 1129 891 enim
1153 832 1221 891 tam
1244 824 1307 889 ini·

254 999 276 1044 2.
293 1003 359 1059 patr.
377 1012 452 1045 sermo
468 994 633 1045 LPllCllOr.
647 1005 694 1044 tum
709 996 730 1044 E
748 994 817 1062 [idem
833 995 1089 1065 A1d0121’mcttot.
1110 1000 1134 1049 Β.
1153 1001 1270 1061 teporatur
1282 994 1307 1043 Ε

304 1154 331 1206 iu
343 1171 396 1224 que
407 1152 539 1223 (uladrer)
565 1151 729 1209 insolenter
747 1152 871 1220 dictum;
889 1152 988 1225 itaque
1001 1151 1164 1209 Lambinus
1180 1151 1308 1227 scripsit

218 1237 293 1308 qnod
314 1237 442 1305 deintra,
473 1255 539 1293 nam
564 1237 605 1293 eie
633 1236 797 1293 admirandi
827 1237 949 1293 verbum
978 1247 1092 1294 mutare
1119 1236 1146 1295 is
1174 1236 1306 1305 solebat,

219 1321 269 1377 nbi
292 1339 345 1395 pro
368 1321 493 1397 simplici
517 1322 644 1396 positum
669 1330 740 1378 erat.
792 1322 958 1379 Dissimilia
980 1322 1100 1379 omnino
1121 1332 1200 1387 eunt,
1224 1339 1305 1396 quae

220 1405 354 1462 ltremiua
378 1405 489 1481 profert
513 1406 664 1482 exerupla,
695 1407 725 1462 in
754 1407 860 1480 quibus
889 1407 997 1464 dicitur
1018 1410 1137 1482 aliquem
1157 1411 1184 1464 iu
1207 1409 1307 1481 aliqrto

217 1492 353 1547 ‹ulrrn'rari
378 1492 427 1563 (de
450 1490 534 1549 Orat.
560 1492 589 1561 l,
619 1493 674 1552 47,
704 1492 749 1557 ll,
780 1492 870 1566 316);
905 1510 960 1549 neo
994 1492 1108 1549 tollitur
1141 1492 1305 1562 dubitatio,

217 1575 295 1650 quod
324 1577 396 1632 satis
424 1588 524 1633 notum
554 1588 612 1644 est,
642 1576 693 1632 illa
721 1577 940 1652 praepositione
963 1577 992 1633 id
1016 1577 1190 1653 significari,
1221 1576 1306 1651 quod

219 1661 381 1731 materiam,
405 1664 510 1718 locum.
534 1662 718 1719 occasionem
743 1663 898 1737 praebeat,
928 1671 962 1719 ut
984 1681 1050 1718 cum
1073 1662 1306 1738 Theophrastus

218 1746 325 1803 dicitur
348 1752 442 1804 aerari
463 1751 488 1803 iu
511 1767 540 1804 eo
563 1749 643 1815 libre,
673 1767 752 1822 quem
779 1750 917 1823 scripserit
944 1749 978 1803 de
1004 1750 1059 1805 vita
1088 1749 1165 1805 beato
1192 1748 1303 1819 (Tusc-

218 1833 261 1904 V,
291 1833 361 1904 24),
396 1842 447 1889 aut
475 1851 540 1889 cum
569 1832 676 1906 aliquis
705 1836 802 1889 laetari
828 1837 855 1889 ia
881 1835 974 1907 aliquo
1001 1832 1092 1903 (Phil.
1116 1833 1179 1897 Xl,
1210 1833 1242 1906 9)
1270 1840 1307 1889 et

217 1917 288 1973 alibi
308 1920 423 1990 adortari
443 1922 469 1973 in
492 1921 598 1992 alr'qam
628 1936 695 1974 nam
719 1917 801 1973 verbi
830 1917 877 1975 hie
905 1917 994 1993 positi
1022 1917 1082 1975 alia
1109 1926 1155 1975 est
1181 1926 1303 1987 natura,

217 2003 415 2058 accusativum
439 2004 592 2077 requirens
615 2003 678 2067 ejus
700 2002 758 2065 rei,
782 2021 869 2076 quam
893 2003 960 2077 quis
982 2003 1157 2072 admiretur,
1184 2020 1241 2061 nee
1263 2020 1305 2059 ea

217 2106 317 2144 rursus
342 2096 479 2148 mutatur.
503 2088 581 2162 quod
601 2088 706 2146 Cicero
729 2088 842 2146 adAtt.
857 2089 898 2158 X,
926 2090 974 2158 17,
999 2090 1017 2144 4
1041 2088 1130 2145 dixit:
1153 2090 1187 2145 de
1209 2089 1304 2164 diplo-

217 2183 285 2228 mute
301 2174 459 2241 admirarer,
483 2174 512 2229 id
535 2182 588 2231 est.
611 2192 669 2229 non
693 2173 789 2247 ipeum
813 2173 944 2248 diploma
960 2184 990 2230 et
1007 2173 1070 2230 eius
1086 2171 1222 2245 formam,
1245 2172 1304 2231 aed

217 2256 316 2314 clatum
340 2258 370 2314 id
394 2277 467 2325 esse,
491 2269 523 2315 ut
545 2260 579 2315 de
601 2258 781 2333 praepositio
798 2267 912 2315 tantum
929 2258 1067 2315 universe
1083 2277 1155 2325 rem,
1178 2258 1216 2316 de
1238 2276 1304 2333 qua

216 2356 336 2417 agatur,
366 2343 488 2411 indicem
523 2343 685 2417 similisque
714 2352 759 2399 eet
790 2343 866 2401 ratio
894 2343 924 2400 in
953 2353 1027 2401 orat.
1057 2361 1112 2419 pro
1139 2344 1217 2401 Mur.
1242 2344 1303 2401 89:

216 2430 284 2501 quid
306 2438 334 2484 tu
356 2431 489 2485 admirere
511 2431 544 2485 de
567 2432 734 2485 mrdtitmlinc
761 2430 888 2486 indocta?
920 2428 976 2486 hoc
1006 2437 1065 2486 est:
1098 2428 1170 2505 quid
1196 2437 1229 2485 tu
1257 2428 1302 2499 id,

216 2513 251 2568 de
275 2532 333 2587 quo
356 2513 465 2570 dietum
490 2523 542 2573 est.
567 2514 695 2571 studium
719 2512 864 2584 ludorum,
888 2514 1033 2571 admirere
1056 2513 1091 2570 de
1110 2512 1304 2571 multitudine

216 2599 261 2671 (in
279 2597 397 2669 multit.)
421 2597 558 2656 indocta?
592 2601 696 2673 Itaque
714 2599 743 2655 id
763 2618 851 2655 unum
871 2597 1007 2670 efficitur,
1030 2599 1159 2656 maxime
1176 2617 1214 2656 ex
1231 2598 1303 2657 loeo

216 2683 267 2740 illo
295 2683 332 2739 ad
357 2684 463 2745 altae..
495 2683 583 2759 paulo
611 2684 713 2741 durius
742 2684 889 2741 interdum
920 2685 961 2742 sic
991 2684 1060 2761 poni
1088 2686 1238 2755 talruirari,
1265 2693 1304 2742 ut

215 2787 273 2824 non
298 2769 408 2826 directo
432 2768 575 2827 reseratur
598 2770 635 2826 ad
658 2789 733 2840 rem,
757 2788 832 2843 quae
855 2769 1078 2828 admirationem
1102 2768 1217 2828 afferat.
1262 2768 1304 2827 Id

215 2854 244 2911 h.
269 2854 289 2913 l.
314 2854 469 2911 durissime
498 2855 544 2917 fit,
574 2856 638 2930 ipso
667 2854 746 2912 illiue
775 2856 816 2911 rei
845 2855 990 2912 vocabulo
1019 2857 1116 2929 (quod)
1144 2854 1232 2911 aliter
1258 2857 1303 2928 (in

215 2943 280 3012 qtae)
309 2940 433 2997 adiecto.
491 2940 555 2998 Nec
584 2951 681 2997 tamen
715 2941 744 2996 in
780 2939 912 2996 codicum
942 2957 1085 2997 consensu
1115 2940 1144 2996 in
1173 2938 1226 2997 tali
1254 2958 1301 3011 re,

216 3042 280 3080 cum
306 3024 386 3081 nulla
409 3026 517 3081 erroris
541 3044 630 3082 causa
651 3035 808 3100 appareat,
840 3024 875 3081 de
904 3025 1051 3101 scriptura
1073 3024 1190 3082 videtur
1212 3023 1301 3082 dubi·

216 3110 345 3166 tandum.
391 3108 484 3187 [Fuit.
509 3111 559 3184 qui
583 3130 629 3167 me
652 3111 771 3166 doceret
793 3110 889 3167 audiri
912 3130 970 3181 eea,
1002 3120 1034 3168 ut
1057 3110 1169 3168 scilieet
1191 3108 1303 3168 Cicero

215 3196 270 3251 hae
293 3205 393 3251 utatur
416 3196 565 3252 oratione:
600 3197 647 3252 doe
669 3205 708 3252 eet
731 3199 757 3250 ia
781 3205 818 3257 te,
848 3199 873 3251 ia
904 3215 956 3270 qao
979 3206 1003 3254 te
1024 3198 1158 3255 admirer.
1187 3214 1237 3252 eur
1257 3214 1304 3253 me

216 3282 281 3335 tutia
304 3300 419 3341 erroneae.
466 3282 537 3337 Mox
561 3300 646 3337 rernm
665 3283 775 3356 patriae
797 3281 964 3338 restitutum
988 3300 1025 3338 ex
1048 3278 1183 3358 Auara]

300 3367 461 3422 adverbum
480 3388 494 3422 e
514 3368 628 3422 (dracas
647 3370 805 3441 cupressos)
830 3366 880 3426 Sic
902 3366 990 3423 etiam
1015 3362 1101 3445 [AB]
1127 3366 1300 3436 cod.Viot.;

216 3449 360 3507 editiones
384 3453 425 3508 de.
462 3451 627 3508 Dissentire
650 3471 668 3508 a
690 3470 721 3509 ee
745 3451 990 3531 Ciceroyidetur
1012 3452 1107 3509 Acad.
1131 3452 1157 3517 I,
1185 3453 1238 3508 10:
1260 3472 1300 3509 aa

215 3538 280 3608 qaia
303 3536 417 3592 delectat
439 3538 557 3593 Eretriae.
582 3538 729 3603 Pacuvius,
753 3538 859 3605 Attius,
883 3538 960 3592 inulti
980 3538 1041 3605 ulii,
1064 3540 1113 3611 qui
1134 3556 1185 3593 nott
1207 3537 1299 3606 verba,

215 3622 264 3676 red
285 3623 336 3676 viru
364 3620 528 3678 Graecumue
551 3632 742 3697 represserant
759 3629 920 3697 portamur
969 3621 1052 3694 Quae
1074 3621 1300 3696 interpretando

216 3715 381 3769 tentantur,
405 3715 437 3763 ut
460 3706 564 3764 Cicero
588 3717 712 3781 utroque
734 3708 799 3764 loco
822 3707 899 3763 idem
924 3706 1034 3762 dixisse
1057 3707 1206 3777 rideatur,
1234 3726 1299 3764 rem

216 3809 272 3846 non
297 3791 468 3866 expediunt.
492 3802 522 3847 ut
546 3792 629 3858 illud,
653 3814 702 3848 nna
726 3825 767 3835 -
791 3794 840 3848 red
862 3810 925 3848 esse
944 3812 995 3847 non
1013 3794 1106 3861 settim,
1130 3793 1179 3849 ead
1200 3795 1298 3858 etiam,-

215 3895 391 3952 qnamquam
417 3878 544 3934 oratorie
568 3878 634 3933 illas
657 3877 817 3953 particulas
841 3878 952 3953 positas
976 3878 1218 3942 eece-tenendum
1244 3886 1298 3935 eet.

216 3962 360 4019 Minuitur
384 3963 543 4030 dissonam,
567 3963 646 4037 quod
669 3964 730 4020 illie
753 3964 889 4020 universe
913 3963 948 4019 ‹le
971 3963 1081 4038 poitis,
1106 3963 1152 4019 hic
1175 3963 1211 4019 cle
1235 3980 1298 4021 eer-

215 4048 253 4104 tis
276 4047 384 4104 fabulis
407 4050 512 4107 Cicero
542 4049 687 4121 loquitur;
718 4067 813 4123 neque
843 4049 918 4104 enim
949 4067 1049 4106 omnes
1078 4048 1179 4106 eodem
1209 4048 1297 4107 modo

215 4151 373 4190 conversas
390 4133 481 4191 fuisse
494 4135 555 4190 veri
574 4134 669 4190 simile
688 4144 741 4192 est.
777 4136 803 4191 T
806 4154 853 4191 um
872 4134 1028 4207 utrobique
1045 4153 1106 4190 rem
1125 4142 1296 4211 exaggerat,

216 4218 276 4274 illie
299 4219 390 4274 verba
412 4238 553 4294 expressa
576 4238 695 4294 negans.
720 4221 798 4293 quod
822 4220 920 4293 aliqua
944 4220 1077 4276 vertendi
1100 4218 1222 4276 libertae
1245 4238 1297 4295 ap·

216 4303 353 4376 parebat,
383 4304 429 4360 lric
453 4304 618 4367 affirmans,
649 4305 726 4378 quod
749 4306 867 4361 fabulae
892 4305 1014 4360 latinae
1038 4306 1160 4362 multum
1184 4305 1222 4361 ab
1245 4304 1297 4361 illa

216 4386 351 4444 libertate
375 4390 581 4445 abhorrebant.
607 4409 665 4463 arua
683 4390 745 4464 ipse
764 4390 946 4447 Graecorum
965 4389 1207 4465 philosophorum
1231 4408 1296 4447 een·

215 4473 322 4529 tentius
345 4473 494 4530 reddebat,
546 4475 621 4532 l'tro
645 4474 709 4530 loco
737 4474 857 4549 propius
881 4475 917 4531 ad
943 4474 1095 4531 veritatem
1120 4474 1225 4533 Cicero
1248 4493 1296 4532 ac·
