3030 5086
418 449 463 496 nr
486 449 566 496 unu.
588 449 652 495 nis.
674 449 709 496 rr
732 449 804 495 cnr.
826 451 933 498 ro-so.
952 447 1085 512 (se-se.)
1225 431 1287 498 561

216 627 330 684 natura
356 637 460 683 rerum
488 627 583 699 atque
610 617 680 700 ipsa
702 618 818 683 veritas
845 616 999 683 abulabat
1028 617 1164 700 quodem
1186 618 1289 698 modo,

216 739 277 786 non
300 738 394 802 posse
415 720 544 799 adduci,
566 725 600 785 ut
622 720 703 786 inter
724 740 778 786 eas
801 738 861 798 res,
883 737 962 801 quas
984 719 1068 784 Zeno
1091 728 1290 801 exaequaret

217 823 293 888 nihil
313 823 487 887 interesset.

113 1003 114 1007 Ἰ
301 925 368 988 XX.
396 925 447 990 56.
474 924 590 989 Postea
617 932 689 989 tuus
712 924 762 990 ille
784 924 939 991 Poenulus
962 925 1038 1008 (scis
1060 925 1142 991 enim
1165 924 1289 1003 Citieos,

218 1027 343 1093 clientes
370 1033 457 1105 tuos,
486 1046 503 1091 e
530 1026 687 1091 Phoenica
713 1025 897 1109 proiectos),
927 1027 1020 1093 homo
1049 1028 1144 1111 igitur
1171 1032 1329 1105 ernnust>

289 1221 309 1264 1.
328 1213 455 1263 clanratL
503 1218 518 1262 2
545 1230 679 1278 exaequare
696 1214 741 1263 En
791 1222 813 1266 4,
832 1213 890 1265 abab
908 1215 965 1280 (pro
982 1214 1087 1283 tuus)E
1122 1213 1228 1265 Zenalus
1245 1212 1291 1262 nn

217 1283 329 1333 eichen
357 1282 425 1331 citius
444 1282 486 1330 LP
513 1281 581 1330 citius
604 1300 674 1346 quom
696 1283 757 1332 hunc
779 1300 796 1332 a
817 1282 1007 1348 philosophisic
1036 1284 1175 1335 Citr'ceesll
1228 1287 1250 1330 5.
1275 1299 1291 1331 a

220 1366 306 1402 omnes
342 1349 489 1399 Poenicall
522 1351 617 1415 poetn‘ce
634 1351 725 1402 LPCB

217 1507 410 1565 auditoribus.
456 1508 502 1564 De
525 1507 571 1564 his
594 1507 671 1564 enim
694 1507 866 1567 Ciceronem
889 1509 984 1583 loqui,
1007 1508 1224 1584 apertissimum
1247 1517 1292 1564 est

218 1613 255 1651 ex
278 1594 324 1663 iis,
348 1611 423 1667 qnae
443 1602 613 1667 sequuntur,
636 1594 769 1650 clamabat
786 1595 968 1668 (assequerer.
991 1595 1139 1667 interesset)
1156 1601 1184 1649 et
1203 1595 1291 1667 (quae

218 1678 333 1755 neglegi
361 1679 493 1753 potuisse
521 1678 652 1751 mirere):
687 1679 813 1735 Postea
840 1711 881 1722 —-
909 1682 994 1754 coepit
1021 1688 1091 1749 cet,
1121 1689 1182 1736 tum
1210 1679 1291 1753 (57):

218 1765 272 1822 Hic
294 1765 452 1838 loquebatur
473 1774 528 1819 cet.
561 1764 666 1837 Itaque
689 1763 752 1820 sine
769 1764 830 1820 nlla
848 1764 1030 1821 dubitatione
1048 1764 1163 1822 correxi
1183 1763 1292 1822 codicis

218 1849 368 1925 archetypi
393 1849 527 1905 mendum
551 1850 744 1924 (probantur),
773 1867 849 1923 quae
876 1849 1042 1908 emendatio
1071 1869 1106 1907 ae
1129 1848 1290 1909 Gruterum

219 1936 335 2010 quidem
359 1934 484 2009 fugerat,
508 1934 624 1991 sublato
647 1934 735 1990 etiem
759 1932 915 1992 manifesto
937 1935 1010 1993 vitio
1033 1935 1190 2005 orationis,
1213 1934 1292 2009 quod

218 2021 247 2077 in
271 2021 326 2077 hec
348 2019 560 2094 compositione
583 2029 663 2076 erat:
692 2039 751 2077 corn
775 2052 813 2063 -
837 2022 1004 2091 viderentur,
1024 2022 1184 2096 probantur.
1229 2021 1293 2078 Aut

219 2105 312 2177 enim,
341 2106 380 2174 si,
411 2105 481 2179 quid
504 2105 566 2161 fieri
589 2105 695 2175 soleat,
725 2105 845 2177 dicitur,
873 2107 1059 2164 scribendum
1083 2117 1141 2163 est:
1169 2125 1228 2163 cum
1251 2137 1290 2148 -

219 2193 374 2261 eduntur,
402 2191 552 2265 probentur
579 2193 624 2260 (ut
651 2190 787 2248 Bremius
814 2190 869 2248 hic·
889 2192 978 2248 scribi
1001 2192 1110 2263 voluit,
1140 2190 1292 2249 Manutius

219 2288 328 2347 sutem,
346 2276 516 2333 Lambinus.
534 2276 688 2333 Ernestius
706 2278 839 2346 videntur,
861 2295 920 2334 non
937 2277 1142 2334 animadversa
1158 2276 1201 2333 rei
1224 2294 1292 2333 con·

220 2363 327 2419 trariae
350 2361 584 2437 significatione).
608 2369 673 2432 sut,
696 2380 761 2418 curn
785 2361 941 2419 diversitas
963 2363 1123 2438 superioris
1145 2371 1175 2441 et
1196 2361 1292 2423 huius.

219 2448 297 2522 quod
320 2466 397 2503 nunc
419 2459 472 2511 est,
496 2446 636 2521 temporis
659 2456 791 2504 notetur:
813 2465 873 2504 curn
895 2450 954 2504 obn
976 2458 1077 2518 essent,
1101 2447 1184 2521 (iam)
1206 2449 1293 2502 amatos

218 2535 377 2610 probentur.
412 2531 453 2590 Ut
476 2531 548 2588 nihil
572 2533 691 2589 omnino
713 2530 898 2606 frequentius
920 2541 1116 2590 commutatur
1133 2551 1221 2607 quem
1238 2531 1293 2588 hae

220 2618 332 2676 formae
356 2618 449 2689 (velut
465 2619 633 2674 arbitrantur
651 2627 681 2674 et
697 2618 923 2692 arbitrabuntur),
945 2618 987 2676 sio
1006 2618 1135 2676 omnium
1152 2616 1293 2675 facillime

220 2712 341 2779 propter
362 2703 527 2758 litterarum
549 2703 753 2777 repetitionem
772 2704 961 2778 probabuntur
987 2704 1093 2761 transit
1120 2704 1149 2760 in
1174 2704 1294 2779 probem

221 2800 273 2858 tur,
295 2797 329 2845 ut
351 2788 456 2844 accidit
480 2787 567 2844 etiarn
583 2789 630 2844 61.
666 2789 804 2861 („Probot
826 2790 1032 2864 propendebat
1054 2789 1187 2846 nonnulli
1210 2789 1292 2846 codd.

221 2874 256 2950 de
279 2874 353 2931 Fato
378 2874 431 2940 31.
460 2873 627 2947 Hervagius
650 2883 679 2930 et
701 2874 779 2931 Vict.
804 2874 899 2931 Acad.
924 2875 969 2941 ΙΙ,
994 2876 1042 2944 67,
1068 2876 1219 2950 probentur
1240 2892 1293 2948 pro

216 2960 404 3036 probabantur·
425 2958 490 3015 edd.
515 2968 585 3017 vett.
611 2959 842 3029 Acad.II‚88.“
868 2960 1046 3032 Wesenb.)
1079 2959 1137 3017 Vel
1160 2959 1293 3034 proxime

220 3047 319 3102 cbrmot
341 3064 394 3118 pro
416 3045 549 3100 clamabat
571 3045 660 3100 etiam
683 3045 767 3102 Parr.
788 3045 815 3114 2,
835 3045 863 3102 3.
899 3045 1032 3102 Pessime
1049 3045 1143 3104 Gzius
1165 3043 1294 3101 scriben-

221 3131 289 3187 dum
318 3131 455 3204 putabat,
491 3128 664 3187 Schuetzius
694 3130 825 3205 scripsit:
849 3131 1036 3205 probabuntur
1063 3132 1226 3203 (cuderentur
1254 3161 1292 3172 -·

218 3215 432 3292 probabunturll
451 3225 480 3270 et
502 3226 562 3271 tum
581 3234 597 3271 e
614 3215 677 3271 cod.
690 3216 770 3272 Mon.
788 3216 912 3272 clamabit
924 3216 1105 3291 (exaequaret,
1124 3213 1294 3286 interesseti).

223 3302 268 3358 De
301 3301 391 3357 verbo
424 3302 527 3356 adduci
559 3302 610 3375 (se)
638 3300 747 3358 dictum
781 3310 824 3358 est
858 3302 896 3357 ad
923 3301 953 3372 Ι,
981 3304 1028 3361 14.
1073 3296 1128 3376 (Eg
1160 3304 1294 3370 interesse,

223 3387 331 3444 omisso
354 3387 406 3457 ut.)

307 3471 380 3546 Cep.
392 3472 465 3538 XX,
481 3472 529 3527 56.
552 3472 688 3528 Poenulus
707 3504 744 3513 -
764 3472 839 3528 homo
854 3474 937 3547 igitur
952 3471 1061 3547 acutus)
1078 3470 1172 3530 Acad.
1184 3470 1226 3540 ΙΙ,
1240 3470 1295 3526 98:

223 3559 299 3615 homo
317 3568 420 3618 scutras,
444 3567 472 3612 ut
490 3558 611 3625 Poenus;
634 3557 731 3614 Plaut.
750 3558 842 3615 Poeu.
861 3557 936 3632 prol.
948 3577 975 3613 v.
992 3558 1066 3615 113:
1089 3559 1196 3614 Poenus
1214 3557 1297 3631 plone

221 3654 269 3700 eet.
292 3642 401 3702 Citium
415 3642 578 3698 Phoenices
591 3642 711 3699 colonos
722 3643 871 3714 habuisse,
885 3644 1034 3719 Diogenes
1046 3643 1183 3700 Laertius
1194 3641 1297 3698 scribit

221 3729 294 3797 Vll,
321 3731 346 3787 l.
392 3728 558 3784 Poenorum
590 3747 695 3784 nomen
723 3729 917 3785 communiter
944 3730 981 3785 de
1008 3728 1207 3786 Phoenicibus
1230 3726 1296 3793 diei,

222 3823 344 3889 apparet
363 3831 399 3868 ex
417 3822 490 3869 oret.
508 3832 561 3888 pro
575 3812 669 3869 Balbo
683 3813 721 3869 32
734 3824 764 3870 et
776 3814 814 3870 39
834 3825 864 3870 et
875 3834 890 3871 e
901 3813 1006 3890 fragm.
1024 3815 1091 3871 libri
1104 3815 1152 3872 111
1164 3813 1200 3870 de
1212 3813 1247 3870 R.
1259 3814 1295 3870 P.

222 3899 300 3975 spud
318 3898 448 3956 Nonium
467 3918 495 3972 p.
510 3899 582 3968 431,
606 3899 684 3972 quod
703 3899 732 3954 in
750 3899 875 3956 Merceri
898 3899 1034 3974 exemplo
1056 3911 1136 3957 recte
1154 3899 1295 3975 scriptum

223 3995 281 4053 est;
309 3984 399 4040 ceteri
428 3984 573 4041 Phoenices
601 3984 824 4040 substituerunt.
870 3985 928 4042 Pro
958 3984 1069 4042 Scauro
1097 3996 1195 4042 temen
1218 3988 1233 4053 ξ
1256 3985 1296 4039 42

223 4068 328 4129 Cicero
351 4070 468 4126 Poenos
490 4088 507 4124 a
530 4068 729 4126 Phoenicibus
752 4069 913 4144 distinguit.
959 4069 1090 4128 Clientes
1107 4068 1230 4130 Catonis
1249 4067 1299 4127 ci-

223 4156 333 4213 tienses
351 4164 443 4223 erant,
462 4174 498 4210 ex
516 4173 574 4228 quo
591 4164 724 4230 tempore
742 4154 855 4211 insulae
872 4155 901 4210 in
914 4155 1084 4230 provinciae
1096 4155 1220 4213 formam
1233 4152 1298 4211 red·

223 4241 347 4318 igendae
364 4240 547 4315 praefuerat3
565 4240 623 4298 nid.
638 4259 685 4315 ep.
698 4240 736 4297 ad
748 4240 830 4296 Fam.
842 4241 911 4309 XV,
926 4244 952 4306 4.
969 4242 1015 4311 15,
1028 4243 1064 4318 ad
1078 4244 1142 4299 Att.
1156 4240 1210 4310 Vl,
1227 4243 1253 4310 1,
1267 4239 1296 4298 5.

226 4329 345 4385 Zennlns
367 4320 453 4398 Εξψ;
476 4345 529 4400 pro
556 4326 652 4383 Citieos
674 4325 789 4382 codices
812 4324 892 4396 (Geli
916 4345 1030 4399 omnes,
1055 4327 1143 4401 [Ιχψ;
1166 4344 1233 4383 nam
1256 4319 1299 4393 Εξ

225 4416 297 4489 om.)
314 4415 391 4471 citius
409 4421 460 4467 snt
477 4414 559 4469 cicius
570 4409 618 4488 [ut
630 4412 664 4469 Β.
691 4411 787 4469 Citiem
798 4409 903 4470 Cicero
919 4401 990 4476 τοὺς
1000 4410 1115 4476 Κιτιεῖς
1132 4411 1298 4489 appellasse

1061 4531 1094 4578 86
