3030 5086
275 530 282 540 -
385 506 429 551 nu
452 505 534 552 mar„
557 505 620 550 mn.
642 505 666 550 u
689 505 762 553 cae.
787 509 892 557 it-ts.
909 505 1040 570 (tr-ne.)
1188 491 1251 558 225

168 682 286 756 turque
308 674 478 755 quidquam
501 681 557 739 aut
578 674 681 739 facere
702 681 758 738 aut
779 674 898 756 eloqui,
921 676 1004 756 quod
1026 695 1140 757 parum
1162 677 1251 743 virile

170 777 325 842 videatur.

257 879 325 942 XV.
358 878 409 942 48.
440 877 546 942 Habes
569 877 706 959 undique
728 877 883 958 expletam
906 886 937 943 et
959 878 1145 959 perfectam,
1169 880 1250 945 Tor-

169 987 275 1060 quate,
297 978 430 1043 formam
452 979 636 1056 honestatis,
659 998 740 1059 quae
757 986 824 1043 tota
841 989 989 1061 quattuor
1005 981 1054 1046 his
1071 982 1248 1062 virtutibus,

169 1100 254 1162 quae
281 1101 302 1145 a
329 1088 360 1146 te
387 1099 512 1163 quoque
534 1088 795 1146 commemoratae
817 1093 904 1162 sunt,
932 1083 1116 1148 continetur.
1159 1084 1288 1150 Hanci')

169 1201 207 1248 se
229 1190 300 1247 tuus
321 1183 475 1264 Epicurus
503 1182 628 1246 omnino
657 1183 804 1263 ignorare
832 1184 906 1249 dicit
933 1204 1026 1266 quam
1049 1194 1105 1249 aut
1126 1186 1249 1266 qualem

169 1302 242 1348 esse
268 1285 367 1349 velint
392 1285 427 1362 ii,
461 1284 515 1366 qui
544 1284 709 1349 honestate
737 1304 891 1350 summum
924 1287 1038 1350 bonum
1072 1288 1248 1352 metiantur.

169 1384 205 1450 Si
227 1385 307 1450 enim
335 1386 377 1450 ad
399 1387 595 1451 honestatem
626 1387 730 1451 omnia
751 1386 928 1452 referantur
956 1408 1057 1469 neque
1078 1390 1108 1452 in
1133 1409 1172 1454 ea
1193 1409 1247 1454 vo·

167 1487 322 1569 luptatem
345 1490 450 1552 dicant
471 1489 582 1565 inesse,
605 1488 650 1551 ait
672 1507 726 1553 eos
749 1507 825 1553 voce
846 1489 933 1553 inani
955 1509 1069 1555 sonare
1086 1491 1148 1573 (his
1166 1492 1246 1557 enim

168 1587 248 1669 ipsis
272 1589 375 1654 verbis
398 1590 509 1671 utitur)
532 1608 632 1671 neque
653 1589 832 1671 intellegere
861 1610 919 1656 nec
940 1592 1060 1670 videre,
1089 1594 1147 1658 sub
1168 1593 1249 1658 hanc
1267 1594 1309 1659 10

243 1799 251 1841 l
278 1792 472 1858 antioqniCOr.'
493 1796 582 1858 facere
597 1793 706 1857 elopniE
740 1799 763 1845 3,
779 1793 899 1858 exp'eleE
927 1797 1029 1858 ntqoell
1061 1796 1129 1847 atis
1139 1806 1250 1860 quattuor

169 1862 360 1912 normcssor.
406 1867 428 1911 6.
448 1861 472 1910 si
487 1863 509 1910 E
555 1866 577 1910 7.
598 1863 617 1910 ii
639 1878 678 1911 om
713 1862 926 1929 [nltsrntctmr.
962 1864 1104 1914 honestatem
1129 1865 1249 1915 ELPMR

170 1935 193 1980 8.
213 1931 287 1981 arcE
314 1929 347 1998 [ai
368 1929 404 1979 ad
424 1930 566 1980 torrestatem
586 1929 644 1978 enim
665 1929 698 1996 A]
737 1930 818 1980 necC
854 1936 875 1980 9,
896 1931 1016 1980 dieuntE
1052 1951 1103 1981 esse
1122 1934 1143 1984 C
1162 1935 1248 1996 (inesse

168 1998 252 2049 deant
270 1999 301 2062 L)
320 1999 388 2048 iactu
403 2016 459 2048 voce
476 1999 640 2050 LPMCROr.
690 2004 725 2050 to.
746 1997 921 2063 intellipt'turE
957 2017 1032 2064 neque
1050 2001 1170 2051 Menor.
1202 2001 1248 2052 loc

168 2085 227 2118 voce
244 2083 339 2128 omnes,
358 2067 402 2117 Or.

255 2251 302 2297 out
318 2237 420 2318 eloqui)
433 2239 483 2299 Sic
496 2240 584 2296 etiam
598 2239 677 2297 Oxx.
692 2258 793 2295 omnes
806 2238 871 2317 [B],
890 2250 922 2308 ut
941 2260 998 2298 non
1017 2242 1157 2314 dubitem,
1176 2243 1246 2316 quin

168 2326 245 2383 idem
274 2325 304 2382 in
327 2326 450 2399 reliquis
472 2323 574 2392 fuerit,
604 2324 658 2381 etsi
687 2343 782 2397 neque
811 2325 839 2380 in
864 2326 908 2381 ed.
932 2326 1133 2401 nllapraeter
1154 2329 1181 2385 R
1204 2329 1247 2385 in·

168 2411 258 2468 venio
279 2429 374 2484 neque
403 2411 440 2467 ab
464 2411 575 2466 editore
598 2419 769 2465 annotatum
794 2428 951 2483 quoquam.
996 2413 1101 2486 Eloqui
1121 2414 1158 2469 ed
1182 2431 1247 2469 rer·
1321 2467 1326 2478 ,

168 2498 272 2554 borum
295 2497 440 2553 delectum
463 2496 605 2571 pertinet,
636 2497 710 2569 loqui
731 2495 824 2571 magis
852 2495 890 2551 ad
919 2515 1004 2552 omne
1034 2498 1177 2554 sermonis
1200 2516 1247 2555 er·

211 2590 350 2639 mentum.

167 2601 208 2659 gu
254 2666 325 2742 Cap.
350 2668 420 2736 XV,
444 2667 494 2722 48.
538 2667 617 2721 velint
644 2668 676 2732 ii,
705 2664 766 2742 qm)
793 2666 847 2723 Est
874 2666 912 2722 ab
942 2664 1003 2720 Eri.
1032 2666 1093 2739 (ne)
1116 2675 1145 2722 et
1168 2666 1245 2741 Spir.

167 2753 218 2826 (ti,
242 2750 283 2829 [B
307 2750 389 2829 hp]);
413 2749 464 2811 cfr.
485 2752 523 2821 V,
545 2751 599 2806 93:
621 2769 680 2807 com
703 2760 805 2805 tantum
827 2754 908 2823 ἐρίων
928 2754 955 2806 iu
978 2753 1075 2805 virtute
1092 2761 1196 2824 ponant
1217 2754 1245 2823 it,

166 2840 218 2911 qui
231 2840 357 2911 solentur
378 2857 406 2894 se
423 2846 493 2904 cet.;
516 2836 618 2892 eodem
642 2834 729 2890 modo
751 2835 879 2908 positum
903 2852 1065 2913 pronomen
1086 2836 1246 2894 deteriores

166 2922 236 2979 libri
259 2933 289 2978 et
312 2923 455 2979 editiones
477 2921 665 2977 excluserant
687 2921 725 2988 V,
751 2921 800 2975 80.
1311 2989 1315 2997 ³

253 3011 341 3064 omm'o
369 3010 522 3080 reserantur
548 3025 632 3079 neque
656 3036 693 3046 -
717 3003 823 3078 dicant)
847 3005 1030 3061 Durissimus
1059 3006 1200 3062 transitus
1228 3024 1246 3061 a

165 3092 287 3167 passiva
309 3092 455 3149 sententia
477 3093 513 3147 ad
536 3091 662 3147 activam
691 3088 720 3144 in
745 3089 917 3145 brevissima
940 3091 1072 3147 oratione
1095 3102 1125 3147 et
1147 3090 1246 3147 serbis
1335 3155 1338 3158 ,

165 3178 314 3251 particula
342 3177 520 3247 coniunctis,
555 3194 640 3249 quem
675 3193 733 3230 non
762 3175 833 3231 satis
865 3186 1007 3231 excusant
1040 3177 1108 3246 (hoc
1137 3184 1194 3237 est,
1228 3194 1247 3232 a

164 3261 310 3321 Cicerone
334 3263 521 3318 commissum
540 3261 678 3335 probant)
695 3259 752 3316 loci
770 3279 787 3315 a
804 3259 988 3334 Wopkensio
1005 3260 1121 3316 collecti
1140 3262 1246 3333 (Lectt.

164 3347 248 3405 Tull.
270 3367 298 3423 p.
315 3349 376 3421 ol),
400 3348 488 3404 Tusc.
513 3347 554 3416 II,
579 3347 628 3415 37,
652 3345 710 3413 III,
736 3347 771 3401 71
799 3344 846 3414 (de
870 3346 925 3414 IV,
944 3346 981 3400 21
1008 3346 1133 3418 dubito),
1156 3347 1194 3402 N.
1208 3347 1245 3403 D.

164 3433 226 3503 III,
242 3434 291 3502 26,
314 3451 369 3488 nec
392 3451 427 3488 ea
450 3431 611 3488 sententiae
629 3431 761 3487 infinitae
785 3430 920 3504 passivae
943 3440 971 3485 et
994 3430 1132 3487 infinitivi
1156 3431 1246 3487 activi

163 3518 345 3587 coniunctio,
369 3518 405 3574 de
428 3536 486 3591 quo
503 3517 539 3573 ad
557 3517 623 3585 §21
649 3516 757 3571 dietum
783 3523 835 3571 est.
869 3516 937 3571 Non
961 3516 1024 3572 sine
1047 3534 1137 3572 eausa
1156 3516 1246 3591 igitur

96 3624 98 3628 ’
163 3603 225 3660 Th.
247 3603 383 3661 Bentleio
406 3604 435 3658 in
460 3614 586 3658 mentem
610 3601 689 3656 venit
713 3602 832 3672 reserant
855 3600 992 3656 seribere.

253 3707 312 3745 voce
334 3691 410 3744 inani
430 3685 539 3764 sonore)
558 3686 607 3743 Sic
625 3686 711 3742 etiam
732 3685 810 3759 Spir.
823 3681 891 3764 [B];
910 3686 957 3758 (de
970 3686 1070 3742 Marso
1089 3694 1139 3741 aut
1153 3684 1245 3743 Gaius

164 3784 247 3829 emat
269 3783 320 3831 aut
342 3773 515 3845 Hertelins).
563 3773 652 3828 Recte
675 3771 817 3827 Davisius
840 3780 992 3844 comparat
1014 3772 1103 3828 Tuse.
1128 3771 1165 3837 V,
1190 3770 1244 3826 73:

162 3861 260 3914 inanes
286 3879 364 3915 sonos
385 3861 517 3932 fundam
552 3857 602 3913 sed
631 3857 752 3930 propius
780 3865 857 3925 erat,
888 3857 965 3928 quod
990 3855 1094 3914 Cicero
1122 3856 1151 3912 in
1180 3856 1245 3931 ipsa

162 3943 410 4018 interpretatione
434 3944 554 4018 Epicuri
577 3941 733 3997 verborum
763 3960 800 3997 ex
829 3941 904 3997 libro
932 3930 997 4014 περὶ
1020 3934 1124 4004 τέλους
1145 3941 1245 4015 posuit

163 4028 257 4088 Tuae.
271 4030 330 4098 111,
344 4031 398 4085 42:
421 4048 495 4086 voces
513 4032 604 4084 inanes
620 4029 747 4099 fundere.
783 4019 839 4082 Hic
857 4044 943 4081 unam
963 4025 1123 4081 honestatis
1140 4043 1243 4082 vocem

162 4113 322 4189 signifieat.
358 4114 444 4187 Quod
464 4113 587 4171 Davisio
610 4111 639 4167 in
664 4120 790 4167 mentem
814 4111 903 4170 venit,
926 4129 1002 4166 voces
1024 4111 1115 4165 inanes
1137 4130 1242 4180 sonare,

163 4208 262 4256 totum
285 4207 437 4275 poetarum
461 4208 513 4257 est.
558 4199 604 4254 De
628 4216 673 4253 uec
695 4198 784 4252 videre
806 4196 916 4251 dictum
940 4195 976 4250 ad
999 4196 1024 4260 1,
1049 4194 1096 4250 30.

252 4286 302 4342 aab
325 4286 393 4341 horae
414 4304 501 4342 vocem
524 4283 680 4350 honestatis)
705 4280 791 4353 Quod
814 4281 923 4336 editum
948 4280 1089 4336 haetenus
1112 4289 1170 4350 est,
1194 4282 1243 4337 sub

164 4371 219 4427 hac
251 4390 326 4440 uoce,
361 4389 428 4427 rere
463 4369 591 4427 correxit
625 4366 855 4440 Wesenbergius
889 4385 979 4422 meus·
1034 4366 1159 4422 Veteres
1193 4375 1244 4423 aut

163 4457 286 4514 onorem
312 4457 417 4531 aliquid
443 4459 484 4512 rei
509 4462 560 4511 aut
587 4453 636 4510 soh
664 4471 719 4507 rem
747 4450 900 4522 dixerunt,
929 4451 979 4507 surb
1007 4469 1036 4506 re
1062 4467 1120 4506 non
1149 4451 1244 4527 magis

1010 4569 1039 4614 1⁵
