3030 5086
248 475 291 539 54
646 490 690 536 ne
713 491 844 537 strumis
866 491 937 538 eon.

192 645 194 651 ¹
255 678 293 724 ex
314 668 448 739 utreque
468 661 561 739 porte
584 659 705 735 audite,
733 660 966 740 pronuntiaret,
994 678 1066 724 eum
1088 676 1151 724 non
1174 658 1272 723 telem
1295 656 1344 721 vi·

257 761 325 824 dori
346 760 443 824 fuisse
464 761 494 823 in
518 760 665 840 imperio,
693 762 801 842 quoles
830 762 897 825 eius
920 761 1054 825 maiores
1074 760 1222 838 fuissent,
1253 764 1287 825 et
1307 757 1343 822 in

259 874 458 943 conspectum
486 880 576 926 suum
604 863 709 926 venire
736 863 848 941 uetuit,
882 862 1031 942 numquid
1061 863 1117 927 tibi
1144 862 1274 927 videtur
1300 860 1345 925 de

258 963 471 1044 voluptatibus
505 963 570 1027 suis
603 963 812 1042 cogitavisse?
867 964 928 1028 Sed
957 973 991 1027 ut
1018 964 1159 1028 omittam
1187 962 1344 1044 pericula,

216 1064 398 1142 elaborem
429 1064 570 1129 dolorem
592 1066 700 1143 etiam,
724 1084 814 1145 quem
838 1065 975 1146 (potimus
998 1067 1129 1147 quisque
1150 1084 1210 1146 pro
1233 1062 1346 1145 patria

259 1177 290 1231 ot
312 1185 369 1248 pro
393 1167 457 1230 suis
480 1167 617 1247 suscipit„
640 1180 674 1229 ut
696 1187 757 1231 non
779 1168 873 1231 modo
897 1167 1011 1231 nullutn
1031 1176 1144 1248 captet,
1167 1167 1344 1231 sedetiam

258 1277 439 1350 praetereat
460 1286 567 1332 ornnes
588 1268 773 1349 voluptates,
796 1268 922 1333 dolores
941 1269 1076 1349 denique
1092 1268 1220 1349 quosvis
1238 1266 1344 1333 susci·

329 1478 337 1519 1
384 1473 542 1536 pronunciare
561 1473 581 1519 i:
615 1473 833 1535 pronuntiatione
869 1471 939 1521 telem
949 1470 1015 1534 fidei
1031 1472 1104 1520 titisse
1122 1471 1167 1520 PR
1201 1476 1225 1522 ³.
1245 1470 1346 1520 eidam

257 1540 301 1589 tibi
310 1541 471 1591 Lt’ntctttn.
510 1540 673 1591 5.dolorcei⁴]
706 1547 727 1588 s.
743 1540 878 1603 suscepitE
916 1544 936 1590 7.
952 1539 1051 1603 derriquc
1063 1557 1107 1603 pro
1121 1540 1171 1589 euch
1184 1539 1344 1603 Μάρων-91,

344 1725 369 1770 et
391 1718 416 1770 in
439 1725 606 1788 ‹eorrspectrnn
629 1734 706 1771 sentent
730 1718 816 1771 cern're
840 1717 931 1787 uetuit)
956 1713 1063 1769 Melius
1086 1731 1172 1779 sune,
1195 1712 1342 1787 quoniam

258 1800 288 1857 in
313 1799 369 1856 hoe
391 1799 456 1874 ipso
479 1799 554 1855 inest
578 1801 734 1869 severitus,
758 1799 864 1857 Cicero
886 1799 1053 1872 scripsisset
1076 1808 1187 1861 nemrot.
1210 1810 1244 1855 ut
1267 1816 1344 1854 con·

259 1885 430 1959 iungeretur
462 1902 527 1940 cum
556 1886 655 1941 inheret
688 1894 718 1940 et
744 1887 945 1959 pronuntiarem
979 1882 1138 1956 duriorque
1166 1883 1255 1940 etiam
1291 1881 1345 1939 hic

258 1970 445 2045 neglegentia
477 1988 512 2024 ea
540 1980 600 2035 est,
635 1970 712 2043 quod
747 1988 804 2024 non
839 1970 868 2025 in
898 1969 979 2025 exitu
1013 1968 1127 2043 periodi
1155 1978 1343 2043 postremum

259 2056 421 2111 membrum
445 2054 629 2114 dissolvitur.
654 2055 705 2111 sed
727 2056 756 2110 in
782 2054 878 2110 media
901 2054 1031 2129 periodo.
1077 2054 1141 2110 Neo
1163 2064 1260 2109 tannen
1285 2052 1344 2109 du·

260 2140 346 2196 bituri
371 2150 481 2214 potest,
511 2140 581 2215 quin
610 2141 651 2196 sic
675 2140 779 2197 Cicero
803 2139 968 2214 scripserim
998 2138 1055 2196 vid.
1081 2156 1197 2196 excute.
1222 2139 1237 2196 l
1260 2148 1342 2194 extr.

259 2225 407 2298 (chdius
430 2226 516 2281 Ture.
546 2226 576 2281 11
605 2244 633 2299 p.
655 2226 715 2280 486
751 2224 913 2298 simplicem
942 2224 984 2280 eit
1012 2242 1077 2280 esse
1104 2224 1261 2280 verborum
1291 2241 1343 2279 re·

259 2311 383 2379 tionem3
412 2310 453 2365 sio
477 2310 553 2366 enim
578 2329 715 2385 porgere,
739 2310 823 2382 quasi
853 2317 920 2365 unte
943 2308 1068 2365 dixerit:
1097 2312 1236 2365 contentato
1257 2309 1344 2365 adin·

260 2397 314 2451 bitu
333 2398 518 2470 promcntinot't
540 2406 564 2451 et
588 2399 673 2451 cetrn't.
715 2399 758 2451 At
780 2395 829 2469 qui
854 2412 890 2449 ex
914 2395 984 2450 hoc:
1004 2398 1189 2469 pronuntiauit
1210 2403 1234 2450 et
1257 2397 1345 2450 vetnit

259 2482 306 2536 m:
327 2482 513 2555 pronuntiaret
534 2491 558 2536 et
578 2478 676 2535 retm't?
711 2481 835 2536 Mirifice
854 2480 998 2535 interdurn
1019 2479 1160 2554 philologi
1180 2477 1343 2535 conivendi

260 2575 352 2621 artem
387 2568 509 2636 tonent.)
560 2566 697 2622 Valerius
727 2567 806 2621 Mem
840 2564 875 2621 et'
902 2565 1030 2640 epitome
1061 2565 1183 2620 Liviana
1216 2564 1343 2633 addunt,

261 2651 394 2709 Silanum
418 2650 508 2706 vitum
532 2651 690 2724 suspendio
714 2651 812 2706 finisse
843 2668 896 2706 nec
920 2659 1032 2724 petrem
1056 2650 1083 2705 ei
1107 2649 1247 2723 exequias
1269 2649 1344 2705 isse.

260 2735 347 2813 [Mox
371 2737 418 2791 tibi
439 2737 544 2791 cicietur
566 2755 619 2809 pro
643 2737 695 2792 vid.
719 2746 736 2789 t.
761 2754 798 2790 ex
822 2735 941 2793 ABErl.
965 2732 1161 2810 restitutum]

346 2823 450 2877 dolores
483 2822 596 2894 deniqne
631 2853 668 2862 -
704 2822 786 2893 oflicii
815 2824 934 2895 portem)
968 2820 1054 2876 Adeo
1088 2820 1174 2876 haec.
1216 2819 1241 2875 si
1275 2818 1345 2877 sole

260 2917 440 2980 spectentur,
464 2916 532 2979 apto
555 2917 584 2961 et
607 2905 800 2962 ('iceroninne
823 2906 902 2961 dictu
925 2914 1001 2971 sunt,
1026 2905 1100 2961 adeo
1123 2904 1232 2960 nullum
1256 2903 1344 2961 eddi·

262 2992 384 3048 tumenti
419 3001 469 3046 ant
498 3000 596 3047 notem
627 3003 678 3047 etit
706 3009 823 3047 causum
853 2991 977 3056 hebent,
1012 3001 1045 3046 ut
1072 2990 1163 3046 deleri
1194 2989 1344 3046 mutarive

262 3076 343 3132 nullo
363 3077 447 3132 modo
465 3076 587 3150 possint.
611 3094 676 3132 cum
700 3076 872 3150 praesertim
891 3087 1025 3150 apertum
1048 3075 1096 3142 sit,
1120 3074 1189 3148 quid
1202 3073 1344 3135 Ciceroni

261 3161 416 3225 acciderit,
450 3172 481 3216 ut
515 3161 556 3217 sic
584 3161 733 3217 scriberet.
790 3162 867 3217 Nem
901 3179 965 3217 oum
1001 3161 1036 3216 de
1071 3159 1344 3235 praetermittendis

262 3247 464 3320 voluptatibus
498 3247 640 3305 dixisset.
681 3246 815 3321 augendo
849 3264 1022 3321 progressus
1055 3254 1100 3302 est
1133 3245 1170 3302 ed
1204 3245 1342 3301 dolorum

261 3331 352 3389 officii
386 3350 474 3387 carisa
507 3333 723 3405 susceptionem
758 3331 1052 3388 commemorandam.
1106 3330 1144 3387 Et
1171 3339 1268 3387 temen
1298 3330 1344 3387 ite

261 3418 334 3472 hooc
367 3417 478 3490 script-e
510 3426 594 3479 sunt,
634 3426 680 3479 ut,
715 3416 765 3490 qui
800 3426 948 3489 tamqnam
983 3427 1061 3472 recte
1096 3416 1206 3490 scripte
1238 3414 1344 3471 defen-

262 3503 331 3558 dere
355 3502 440 3562 veiit.
464 3501 536 3557 nihil
560 3512 643 3577 eget:
672 3502 829 3557 voluerunt
850 3513 948 3557 nutem
973 3501 1066 3557 Guius
1089 3510 1117 3556 et
1141 3500 1227 3559 Ono:
1259 3500 1352 3569 voletf

262 3587 358 3643 omnis
381 3587 461 3642 notio
485 3587 757 3661 superstitiosorum
778 3586 1049 3645 Ciceronienorum.
1088 3587 1245 3661 Incepernt
1262 3585 1355 3641 enim'

262 3692 280 3729 n
303 3692 399 3728 reruni
423 3672 646 3728 iniucundarum
677 3683 705 3727 et
730 3672 916 3728 molestarum
942 3671 1234 3737 commemoratione,
1264 3688 1343 3744 quae

262 3757 344 3814 nullu
367 3766 522 3831 expectate
546 3756 706 3830 voluptatis
732 3759 863 3812 rnercodo
887 3757 1121 3831 strsciporentur3
1151 3756 1259 3812 addere
1288 3775 1342 3830 po·

262 3853 353 3899 teret:
382 3861 447 3898 cum
471 3843 629 3898 omissione
653 3842 740 3898 etiem
765 3842 940 3916 voluptatis3
969 3842 1041 3898 iliud
1066 3841 1203 3898 vitiosum
1227 3851 1285 3897 est:
1309 3849 1344 3897 ut

263 3929 351 3984 etiem
388 3929 510 3983 moleste
538 3927 743 4002 suscipiuntur.
797 3927 937 3983 Davisius
971 3928 1043 3982 haec
1078 3927 1177 3982 omnia
1209 3926 1344 3995 delebet;

265 4015 398 4090 Bromius
434 4013 593 4069 modestius
628 4032 717 4086 supra
750 4012 873 4068 tollebat
907 4031 993 4068 voces
1027 4014 1142 4067 dolorem
1176 4014 1269 4077 otianti,
1309 4019 1344 4067 nt

263 4119 317 4173 pro
341 4119 416 4173 prtem
441 4099 618 4154 scriberetur
641 4118 719 4172 prun,
743 4117 801 4171 quo
824 4099 954 4154 remedio
978 4116 1035 4154 non
1059 4097 1183 4153 multum
1206 4095 1343 4153 efficitur.

264 4185 340 4240 Nam
365 4186 410 4240 vel
429 4183 470 4240 sic
488 4184 561 4239 haec
580 4184 729 4240 dicuntur:
752 4195 784 4239 ut
807 4183 939 4239 omittam
965 4183 1096 4243 molesta,
1120 4201 1195 4256 quae
1213 4181 1344 4257 optimus

265 4270 389 4343 quisquc
418 4269 541 4343 suscipit
570 4270 633 4324 sine
662 4287 713 4342 spe
744 4268 899 4333 mercedis,
931 4269 990 4327 (hic
1018 4267 1235 4324 subsistendum
1265 4276 1345 4335 eret;

266 4355 316 4411 sed
340 4356 484 4426 additum)
516 4355 575 4422 „itu
599 4363 629 4410 ut
653 4354 740 4409 etiem
766 4354 882 4408 dolores
905 4353 1076 4428 suscipiet*¹
1122 4353 1189 4409 Non
1213 4351 1347 4409 tulerunt
