3030 5086
221 473 285 540 otu
610 492 654 538 un
677 490 808 539 animus
830 491 902 538 nos.

221 660 291 726 dem
309 678 365 726 nec
382 661 625 725 contemnendas
642 658 732 742 (quid
749 659 831 725 enim
847 666 931 725 esset
946 659 977 724 in
996 658 1111 726 virtute
1127 626 1304 742 tanmml),

221 877 321 925 tontum
345 865 433 925 Corn.
457 867 532 944 Nep.
556 867 641 925 Eum.
667 867 719 938 12,
744 867 785 940 2.)
829 866 888 925 Sed
916 876 1039 943 apparet
1061 867 1166 937 etiam,
1196 867 1297 927 ediec-

219 953 281 1010 tiva
304 952 435 1009 feminini
457 952 574 1030 generis
596 972 654 1010 non
671 953 788 1021 habere,
811 970 869 1026 quo
886 951 1060 1010 referantur.
1094 953 1171 1011 Nam
1185 951 1295 1012 Gaium

219 1038 405 1108 omittamus,
436 1038 502 1113 qui,
531 1038 641 1096 maiore
664 1038 900 1114 interpunctione
923 1048 989 1113 post
1006 1057 1089 1114 posse
1110 1038 1222 1114 posita,
1251 1039 1296 1097 sic

220 1133 352 1180 enarrat:
379 1127 525 1181 virtutes
546 1127 573 1181 iu
596 1134 694 1181 notura
716 1126 812 1181 insitus
833 1143 884 1180 nou
900 1125 1000 1197 faciles
1022 1126 1084 1182 illus
1105 1126 1214 1199 quidem
1236 1144 1296 1184 esse

219 1218 275 1268 cet.
304 1209 346 1282 (in
375 1228 433 1283 quo
462 1210 587 1285 primum
621 1229 678 1267 esse
704 1209 786 1267 nullo
814 1209 901 1266 modo
928 1210 1031 1266 abesse
1059 1214 1196 1285 poterat).
1246 1210 1296 1268 Ita

219 1306 334 1352 veteres
356 1294 417 1364 illi,
441 1313 563 1369 quorum
587 1295 733 1353 sententia
755 1294 927 1370 exponitur,
951 1304 1070 1366 cavent,
1094 1314 1131 1353 ne
1154 1296 1221 1370 quis
1243 1313 1295 1354 ess

219 1381 356 1451 virtutes,
386 1380 491 1455 quibus
516 1399 621 1457 magna
643 1390 672 1437 et
694 1379 828 1438 difficilia
850 1382 1037 1452 obterantur,
1065 1381 1295 1439 contemnendas

218 1474 315 1543 putet;
338 1484 405 1522 nam
429 1466 453 1522 si
473 1464 597 1524 virtutes
619 1474 853 1536 contemnantur,
876 1485 934 1522 non
958 1465 1080 1524 multum
1104 1465 1167 1523 fore
1185 1466 1216 1524 in
1234 1466 1294 1524 vir·

219 1561 295 1620 tute;
325 1550 429 1609 deinde
452 1560 564 1624 autem,
593 1552 642 1626 qui
665 1552 802 1608 virtutem
830 1550 918 1628 longe
941 1551 1076 1608 omnibus
1097 1551 1185 1609 rebus
1207 1571 1295 1629 prae·

219 1645 297 1695 stare
320 1636 435 1694 eteius
458 1637 571 1694 lancem
594 1646 702 1694 terram
727 1637 876 1711 mariaque
893 1636 1057 1712 deprimere
1077 1637 1191 1709 docent,
1216 1655 1295 1695 nunc

218 1732 348 1792 narrant,
371 1722 400 1778 in
419 1721 579 1780 virtutibus
596 1741 654 1779 non
674 1721 799 1799 positam
818 1741 881 1780 esse
900 1722 1057 1780 maximam
1076 1733 1189 1798 partem
1208 1724 1295 1781 beate

143 1824 146 1829 ·
219 1808 348 1867 vivendi.
400 1807 546 1882 (Audisne
574 1808 660 1878 haec,
694 1807 817 1866 Polemo
844 1808 898 1865 sub
929 1817 1036 1865 terram
1065 1806 1196 1883 abditeil
1245 1808 1294 1867 Ne

218 1893 395 1951 Lambinum
418 1893 536 1967 quidem
560 1912 716 1963 moremur,
739 1893 836 1968 quiin
856 1894 940 1962 ,cod.
959 1893 1045 1969 longe
1064 1894 1193 1952 omnium
1216 1895 1295 1952 auti·

218 1979 378 2054 quissimo“
405 1977 537 2035 lacunam
567 1979 645 2036 inter
663 1998 743 2055 posse
765 1987 794 2035 et
816 1999 866 2035 non
883 1981 982 2053 faciles
1005 1979 1093 2048 vidit,
1124 1988 1154 2036 et
1181 1979 1211 2037 in
1241 1998 1295 2037 ora

217 2064 315 2122 aliena
336 2083 425 2121 manu
448 2065 520 2121 baec
541 2064 685 2139 ascripta,
714 2083 789 2139 quae
817 2064 846 2120 in
875 2072 1044 2122 contextum
1067 2064 1193 2141 recepit:
1220 2067 1294 2123 vale·

220 2152 335 2208 tudinem
357 2161 454 2219 cirtem,
473 2152 715 2226 pulchritudinem,
738 2152 910 2221 celeritatem,
933 2155 1003 2207 vires
1025 2153 1159 2225 corporis,
1182 2153 1295 2210 divitius

218 2246 243 2293 et
264 2245 365 2293 ceteros
387 2255 430 2292 res
453 2236 665 2310 interponens.
711 2236 785 2293 Illae
808 2235 925 2309 quidem
948 2254 995 2292 res
1018 2246 1115 2293 utrum
1132 2239 1233 2309 suct'les
1255 2254 1294 2294 an

219 2319 353 2378 difficiles
376 2329 483 2391 essent,
507 2339 564 2377 non
588 2321 798 2396 quaerebatur;
821 2321 920 2395 itaque
943 2320 998 2380 fuit
1021 2332 1139 2396 postea,
1163 2322 1213 2396 qui
1237 2321 1294 2381 hoc

218 2425 335 2481 quoque
358 2406 531 2481 corrigeret:
559 2416 661 2464 ceteras
688 2427 732 2464 res
754 2426 806 2462 raon
820 2409 918 2480 fun'tes
939 2408 1001 2464 illas
1023 2409 1224 2482 quidemst,
1256 2425 1295 2465 ne

217 2493 243 2550 is
266 2491 383 2566 quidem
400 2491 514 2563 videns,
537 2491 610 2549 illud
632 2512 683 2549 non
705 2494 909 2550 contemnmdas
932 2499 1053 2568 propter
1075 2510 1119 2564 eo,
1143 2511 1219 2567 quae
1242 2492 1294 2560 ad-

218 2578 326 2634 duntur
345 2579 508 2651 (quidecim
530 2580 608 2652 cet),
632 2578 797 2635 necessario
820 2579 856 2634 ad
879 2577 1132 2636 incommodorum
1149 2578 1295 2655 impetum

218 2663 462 2720 contemnendum
490 2663 647 2737 pertinere.
691 2663 768 2720 Nam
793 2662 911 2731 Cicero,
942 2682 1007 2721 cum
1037 2664 1073 2720 de
1100 2663 1296 2723 incommodis

216 2747 349 2824 corporis
371 2759 401 2806 et
422 2744 553 2806 externis
576 2749 744 2806 obterendis
766 2749 903 2818 dixisset,
931 2750 1057 2824 primum
1081 2750 1117 2807 de
1139 2748 1198 2807 illis
1221 2749 1296 2808 solis

218 2835 365 2910 cogitans,
389 2833 536 2909 adiungit,
560 2853 595 2891 ea
618 2853 676 2890 non
698 2833 799 2892 facilia
821 2853 901 2905 esse;
931 2835 1035 2892 deinde
1058 2845 1156 2892 autem
1179 2835 1210 2892 iu
1234 2834 1296 2895 illis

218 2919 330 2977 verbis:
353 2921 402 2977 sed
423 2928 453 2976 ut
475 2919 522 2976 loc
544 2920 724 2977 iudicaremur
746 2929 811 2991 cet,
834 2921 864 2977 in
888 2920 995 2995 quibus
1017 2921 1105 2977 etiam
1123 2920 1295 2979 coniunctio

217 3003 359 3063 orationis
388 3003 509 3062 liberior
536 3005 624 3080 paulo
653 3014 682 3062 et
703 3005 868 3080 inaequalis
890 3015 935 3063 est
957 3006 1021 3080 (tali
1044 3005 1106 3063 iere
1129 3007 1296 3065 sententias

217 3091 268 3148 sed
296 3089 440 3148 eiusmodi
468 3108 503 3147 ea
530 3109 594 3148 cese
622 3090 771 3162 habenda,
805 3101 838 3148 ut
864 3091 948 3165 cet),
982 3091 1100 3148 transiit
1132 3093 1170 3149 ab
1197 3091 1296 3150 altera

218 3176 315 3252 specie
343 3176 379 3233 ad
408 3184 501 3233 totum
531 3195 624 3252 genus
646 3194 743 3234 rerum
766 3177 796 3233 in
819 3194 942 3251 corpore
965 3185 995 3234 et
1017 3187 1102 3234 extra
1124 3177 1297 3235 commoda·

217 3280 281 3318 rum
304 3269 333 3317 et
355 3261 622 3332 incommodarum,
652 3262 785 3336 dixitque
809 3263 882 3319 beate
903 3272 951 3320 out
972 3282 1057 3323 secus.
1103 3263 1220 3336 (Lamb.
1245 3263 1299 3322 sed

216 3350 263 3418 ita,
287 3349 338 3422 ct.)
383 3347 461 3421 Quid
484 3346 574 3423 igitur
595 3348 742 3405 sententia
764 3358 792 3405 et
815 3348 910 3406 cretio
933 3349 1106 3425 requireret,
1129 3349 1218 3420 vidit,
1242 3347 1297 3424 qui

216 3433 246 3489 in
270 3431 384 3507 Sigonii
408 3432 484 3489 libro
507 3433 549 3490 sic
572 3433 704 3510 scripsit:
727 3453 778 3490 non
793 3436 894 3507 facilia
916 3437 964 3492 illc
985 3436 1093 3509 quidem
1114 3453 1161 3492 nec
1178 3443 1297 3493 conten·

216 3519 318 3586 nendc3
341 3517 416 3574 vidit
438 3518 527 3575 etiam
545 3517 741 3590 Camerarius,
764 3529 825 3576 tum
844 3520 998 3578 Ernestiue
1021 3529 1049 3577 et
1073 3519 1218 3591 Bromius,
1242 3518 1297 3595 qui

216 3623 260 3661 res
276 3604 344 3661 addi
363 3602 520 3661 voluerunt
536 3605 598 3678 (nori
609 3608 709 3678 faciles
731 3607 792 3662 illas
815 3607 921 3680 quidem
945 3625 988 3663 res
1010 3624 1056 3663 nec
1072 3607 1296 3676 contemnendam

215 3709 283 3746 nam
306 3689 383 3746 inter
398 3692 498 3763 faciles
526 3699 555 3747 et
582 3693 644 3747 illas
665 3691 813 3766 interponi
836 3711 895 3748 non
918 3694 1035 3767 potest).
1080 3691 1161 3749 Fieri
1183 3699 1296 3767 potest,

216 3785 249 3832 ut
271 3774 375 3834 Cicero
398 3775 564 3851 scripserit:
592 3795 643 3832 iton
665 3778 751 3851 focile
772 3779 819 3833 illc
841 3779 948 3852 quidem
971 3776 1077 3850 (obteri
1101 3779 1215 3853 posse),
1246 3795 1299 3836 nec

216 3863 404 3918 contemnenda
426 3881 492 3930 esse,
516 3862 651 3917 mendum
675 3871 771 3918 autem
796 3871 891 3919 ortum
916 3863 963 3933 sit,
989 3881 1053 3919 cum
1070 3865 1157 3936 focile
1179 3871 1208 3919 et
1230 3881 1297 3920 con·

217 3948 355 4004 temnendo
372 3947 549 4003 adeundam
567 3946 690 4004 formam
709 3947 847 4004 librarius
866 3948 998 4024 redigere
1016 3948 1115 4019 vellet,
1134 3957 1297 4023 utrumque

216 4032 252 4090 ad
275 4033 416 4090 virtutum
440 4051 544 4089 nomen
568 4031 708 4091 referens.

300 4120 369 4193 quid
395 4121 462 4175 enim
488 4116 570 4196 esset)
592 4118 747 4176 Ernestius
775 4119 805 4175 in
828 4118 1058 4194 interrogatione
1086 4119 1115 4175 in
1140 4118 1296 4194 obliquam

216 4204 378 4260 orationem
397 4204 531 4261 traducta
547 4224 604 4262 esse
620 4205 805 4261 scribendum
824 4205 956 4281 putabat,
980 4223 1066 4278 quem
1084 4204 1174 4261 ceteri
1190 4223 1297 4281 repre·

214 4289 387 4358 henderunt,
411 4308 468 4346 non
492 4289 672 4360 refellerant,
696 4290 774 4364 quod
797 4309 834 4346 ne
851 4290 908 4365 ipsi
926 4290 1043 4364 quidem
1060 4289 1191 4365 regulam
1210 4298 1297 4348 tene·

215 4375 295 4442 bant,
314 4394 372 4450 qua
389 4376 462 4432 haec
479 4375 688 4434 discernerent.
723 4377 973 4452 Interrogationes
991 4394 1050 4442 ees,
1070 4394 1145 4450 quae
1162 4376 1193 4433 in
1210 4386 1298 4434 recta

216 4460 348 4518 oratione
371 4460 591 4518 coniunctivum
608 4461 760 4532 haberent,
784 4461 895 4518 finitam
914 4461 996 4518 verbi
1020 4459 1144 4519 formam
1162 4461 1297 4520 retinere
