3030 5086
424 526 469 569 nc
492 522 623 569 3333333
646 522 717 568 Bou.
741 523 784 568 333
808 523 889 568 um.
913 523 975 568 mn.
999 524 1042 570 1v.
1209 505 1273 570 477

195 692 293 754 aninei
319 695 421 755 autem
448 693 527 755 buca
552 692 677 754 uirtutes
698 711 771 767 3333,
802 712 936 772 quarum
961 690 1078 755 semina
1104 712 1125 753 a
1154 696 1276 755 natura

194 793 272 857 data
293 799 388 858 essent
409 797 453 876 (c.
472 796 522 876 7).
568 793 679 874 ltaque
695 792 848 856 Zenonem
869 792 945 855 nitcit
965 792 1099 857 attulisse
1120 794 1191 857 nocti
1212 794 1273 857 nisi

196 896 306 959 inania
322 897 473 977 quaedam
489 896 647 959 3333333333
663 894 839 958 discrimina
850 895 895 975 (c.
908 897 960 977 8),
982 895 1091 976 quibus
1106 896 1140 958 in
1158 895 1274 975 cubem,

197 998 230 1060 iu
249 998 367 1078 samm,
395 1000 426 1061 in
455 1000 573 1062 curum
595 997 698 1060 aditus
718 1017 780 1059 uon
802 997 858 1073 sit‚·
885 997 925 1059 ibi
951 997 1032 1076 ipsos
1053 996 1167 1062 Stoicos
1194 1019 1273 1063 3333-
1326 1038 1328 1041 -

197 1101 284 1162 muni
310 1121 392 1163 more
413 1101 494 1181 toqui
516 1102 561 1182 (c.
578 1102 630 1182 9).
676 1097 748 1161 Iam
775 1096 878 1161 Cicero
898 1099 1031 1178 propius
1051 1099 1095 1162 ad
1115 1121 1165 1179 eu,
1196 1121 1276 1183 quae

196 1223 219 1264 a
243 1200 358 1265 Catone
379 1202 460 1265 dicta
481 1208 579 1278 mant,
601 1200 736 1264 acuam
751 1205 889 1276 conatur,
912 1200 978 1278 dtis,
1002 1222 1082 1282 quae
1103 1205 1275 1266 communia

257 1304 263 1316 Ο
284 1304 290 1315 D

198 1303 305 1368 Stoicus
331 1309 403 1368 sunt
430 1304 669 1383 eumantiquie,
697 1303 786 1383 quasi
814 1303 956 1366 concessis
981 1309 1077 1368 utens.
1124 1305 1276 1384 Quoniam

197 1408 290 1490 iqitur
316 1407 394 1470 hane
415 1408 553 1486 primam
579 1406 744 1468 habeamus
775 1425 796 1466 a
828 1410 946 1467 natura
979 1406 1208 1486 appetitionem,
1242 1413 1278 1471 ut

198 1515 313 1573 nosnut
335 1510 416 1589 ’33333
437 1527 656 1583 3333333333,
683 1528 720 1570 en
746 1508 850 1570 animo
877 1513 980 1571 autem
1007 1514 1035 1571 ct
1062 1529 1185 1589 empore
1206 1528 1276 1573 con·

198 1616 317 1688 3333333,
340 1632 377 1674 en
399 1611 445 1674 tu‘s
465 1631 521 1674 nos
542 1615 677 1689 oportere
698 1609 743 1670 ait
761 1609 854 1687 finem
875 1610 986 1672 summi
1003 1611 1071 1673 bocci
1088 1613 1276 1689 constituere,

197 1718 233 1775 ut
253 1713 293 1776 sit
313 1733 430 1789 eorum,
458 1733 536 1793 quae
563 1712 624 1775 sint
644 1710 808 1774 secundum
829 1716 992 1788 naturam,
1024 1713 1277 1793 quamplurima
1360 1723 1372 1746 ·

198 1820 226 1878 et
248 1835 343 1896 quum
364 1815 503 1878 manium
525 1814 650 1892 adipisci
672 1813 717 1893 (c.
736 1815 808 1895 10).
861 1812 974 1877 Stoicos
995 1815 1034 1876 ab
1055 1814 1160 1878 iisdem
1182 1816 1279 1880 initiis

191 1918 345 1997 protectos
364 1926 473 1996 'carpus
499 1920 528 1979 ct
553 1920 680 1978 cetuna
701 1914 856 1977 mmnuda
877 1914 1051 1993 deseruisse,
1082 1937 1150 1980 cum
1172 1923 1276 1981 tamen

199 2019 287 2081 homo
308 2021 347 2083 sit
368 2017 485 2082 anumd
506 2018 609 2080 auimo
630 2015 781 2093 eumdem,
803 2037 865 2079 non
886 2016 967 2080 sotus
988 2019 1111 2082 animus
1134 2021 1178 2101 (c.
1203 2023 1277 2103 11).

201 2121 265 2184 Nec
280 2141 411 2200 proruis
432 2121 586 2184 obscurari
607 2118 662 2181 itta
683 2123 817 2195 externa,
839 2124 875 2181 ut
892 2118 984 2182 Stoici
1005 2120 1117 2198 dicant,
1140 2122 1193 2186 etsi
1214 2142 1277 2185 nou

200 2243 348 2304 maqnum
379 2228 563 2286 momentum
588 2221 722 2301 saciant,
756 2226 797 2297 ct,
830 2222 947 2285 etiamsi
975 2223 1186 2299 obscurentur,
1219 2243 1280 2287 3333

201 2330 303 2387 tannen
328 2326 503 2389 insumunt
525 2326 660 2406 (c.12).
706 2324 792 2387 Nam
817 2344 970 2387 summam
996 2324 1135 2405 aliquam
1160 2325 1278 2405 sacien-

200 2426 273 2488 dam
295 2446 354 2490 esse
375 2428 520 2503 omnium,
545 2446 624 2507 quac
644 2425 809 2489 secundum
830 2432 979 2489 naturam
1000 2427 1069 2490 sint.
1114 2426 1279 2491 Praetereo

200 2530 336 2591 omninno
362 2534 550 2591 naturarum
576 2549 729 2591 3333333333
757 2528 865 2591 bonnm
893 2527 988 2591 simite
1015 2548 1075 2592 3333
1101 2529 1219 2607 deberc;
1245 2529 1280 2591 iu

201 2632 303 2695 cetenis
334 2636 435 2693 autem
468 2629 651 2694 aninmtibue
678 2631 723 2708 id,
757 2631 838 2711 quod
864 2612 1033 2693 extremum
1059 2632 1113 2707 sit,
1146 2651 1184 2694 en
1216 2636 1280 2694 totu

203 2753 307 2796 eorum
329 2732 536 2795 constitutione
557 2731 653 2812 estid·
673 2733 752 2795 idem
773 2733 866 2813 iqitur
888 2733 921 2794 iu
942 2732 1061 2794 homnine
1079 2732 1147 2811 lieri
1169 2732 1279 2796 debera

204 2834 315 2914 Itaque
331 2833 447 2910 Stoicis,
469 2834 496 2895 si
517 2854 643 2898 causam
664 2854 753 2898 333333
772 2834 901 2896 obtinere
916 2833 1015 2909 edint,
1037 2834 1196 2895 dicendum
1212 2853 1281 2911 esse,

203 2956 266 2997 non
299 2955 385 2998 omne
417 2935 537 2998 animat
558 2937 695 3015 prinmm
721 2954 753 2998 33
780 2939 876 2997 totum
904 2934 1023 3015 ditique
1049 2940 1078 2997 et
1105 2955 1282 2998 3333333333

202 3037 281 3114 cede,
303 3037 354 3100 sed
374 3037 407 3098 id
428 3042 559 3114 tantum,
582 3037 663 3118 quod
683 3037 716 3098 in
733 3056 852 3117 quoque
873 3036 1020 3115 optimum
1041 3037 1090 3113 sit,
1113 3037 1195 3117 quod
1214 3037 1282 3116 fieri

203 3160 265 3202 nou
280 3160 370 3219 posse
392 3141 436 3220 (e.
461 3142 532 3222 13).
577 3138 739 3202 Hominem
762 3137 853 3201 tatem
879 3138 1046 3217 sapientiae
1063 3138 1281 3218 perficiendum

203 3263 272 3318 3333,
295 3241 415 3323 qualeae
437 3264 458 3304 a
479 3246 596 3304 natura
617 3242 778 3321 acceperit·
800 3241 1063 3320 conquiescentem
1085 3261 1152 3302 eum
1175 3245 1282 3316 totum,

204 3364 241 3407 33
257 3345 361 3406 animo
377 3349 405 3405 ct
422 3364 560 3422 corpora·
577 3349 720 3406 nmirum
735 3341 948 3424 neqleqendum
965 3363 1032 3406 3333.
1067 3340 1282 3422 Perfectionem

205 3446 335 3507 honiinis
356 3448 489 3509 33333333
510 3445 634 3509 laudari
655 3447 687 3507 in
709 3465 751 3522 ce,
774 3445 855 3525 quod
875 3445 908 3507 iu
930 3445 1048 3508 hocecinc
1070 3445 1217 3524 optimum
1234 3445 1283 3520 sit,

206 3547 316 3622 idest,
339 3547 373 3607 in
393 3547 512 3624 virtute,
533 3549 585 3611 sed
599 3549 726 3627 priora,
753 3568 774 3610 a
797 3547 904 3627 quibus
926 3546 968 3609 ad
989 3547 1062 3610 haec
1083 3548 1210 3623 quierit,
1233 3546 1282 3610 do

205 3650 263 3711 3333
285 3668 348 3710 non
370 3653 520 3726 oportcm;
542 3648 664 3727 Stoicos,
686 3669 754 3711 cum
771 3649 813 3711 ad
828 3669 980 3712 3333333333
997 3650 1109 3712 bonum
1124 3649 1285 3728 peruenire

204 3749 305 3824 petinet,
327 3749 480 3812 naturalis
501 3753 693 3830 appetitionis
714 3751 898 3833 ottonum.
911 3753 984 3833 14).
1027 3750 1138 3826 Virtus,
1161 3755 1284 3812 tautum

205 3853 319 3928 abesse,
347 3857 382 3912 ut
409 3851 547 3913 cunstitui
574 3872 636 3915 non
651 3853 764 3931 possit,
793 3854 818 3916 33
841 3853 1010 3933 quidquam
1037 3857 1126 3915 entra
1154 3871 1222 3914 eum
1244 3847 1286 3913 ad

205 3955 287 4016 beate
313 3953 473 4015 uiuendum
495 3953 663 4033 pertineat,
696 3959 731 4016 ut
762 3954 912 4016 introduci
945 3955 1068 4017 omnino
1101 3973 1165 4016 non
1187 3953 1286 4032 possit

206 4057 318 4130 33333,
340 4055 400 4117 nisi
422 4056 539 4132 oncnia,
562 4075 641 4136 quae
661 4054 740 4137 leqat
761 4074 898 4135 quaeque
918 4055 1038 4131 reiciat,
1060 4054 1103 4116 ad
1121 4056 1214 4135 finem
1238 4074 1284 4116 re-

204 4159 293 4236 serat.
345 4155 592 4220 Coccscroandam
620 4177 680 4220 3333
699 4157 839 4237 monam
865 4160 998 4218 naturae
1018 4156 1236 4219 institutionem
1259 4159 1287 4218 ct

208 4263 303 4321 totam
334 4258 463 4321 33333333
494 4264 642 4349 naturum
675 4258 820 4321 tuendam
849 4258 989 4339 (315).
1040 4256 1151 4339 Itaque
1184 4276 1287 4321 omnes

206 4380 326 4437 errare,
356 4361 462 4441 quiin
484 4382 549 4424 una
569 4363 679 4425 uirtute
698 4362 792 4442 finem
807 4362 945 4440 ponant,
973 4379 1110 4440 quaeque
1131 4358 1224 4424 Stoici
1251 4359 1287 4422 de
