3030 5086
657 410 850 457 rananavno.
1213 389 1290 457 XIII

216 599 290 645 esse
311 581 343 644 in
366 581 454 645 Parr.
479 583 493 643 1
518 587 551 645 et
573 584 607 656 3,
634 582 665 645 in
687 580 732 644 El.
759 583 773 643 1
799 590 830 645 et
852 580 928 643 Ball.
950 579 1111 642 secandam
1135 585 1289 658 naturum,

217 688 306 752 utin
330 690 441 754 ceteris
463 696 613 769 quattuor
640 688 744 754 neseio
773 689 846 768 quid
873 687 957 752 aliud
979 685 1076 753 fuisse
1097 698 1197 768 putes.
1242 688 1294 752 Ne

216 795 259 859 iis
276 797 408 878 quidem,
426 815 506 877 qliae
517 798 638 877 probat,
656 797 747 876 plene
764 796 940 860 testimonia
952 795 1093 872 ascribit3
1111 796 1289 872 namII,12

215 903 363 969 Palatino
388 909 403 968 1
429 912 461 970 et
482 905 620 970 Victorio
648 904 748 969 credit
775 904 906 969 delenda
928 904 1004 967 haec
1025 920 1109 967 esse:
1136 902 1188 967 sed
1211 901 1290 982 forto

214 1009 323 1088 dicitis,
341 1013 372 1076 in
391 1012 515 1092 reliquis
532 1011 596 1079 fere
612 1012 770 1078 codicibus
787 1012 831 1076 ait
847 1030 924 1076 esse.
958 1011 1001 1075 Et
1017 1021 1120 1075 tamen
1132 1011 1242 1075 saltem
1257 1009 1288 1075 iu

217 1118 296 1184 CCC
312 1121 384 1198 (Ox.
403 1119 432 1201 ξ)
456 1140 494 1185 ea
515 1121 611 1185 verba
632 1121 749 1200 scripta
771 1138 832 1183 non
855 1138 933 1197 esse,
956 1117 1177 1184 oxoniensium
1200 1119 1288 1183 testi-

218 1227 324 1291 monio
346 1227 468 1294 scimus.
507 1229 626 1294 Deinde
649 1228 794 1292 Davisius
816 1229 998 1308 saepissime
1019 1227 1141 1292 codices
1162 1245 1288 1307 permu-

218 1335 299 1399 tavit
326 1343 357 1400 et
378 1336 540 1417 permultis
567 1336 642 1401 locis
670 1337 709 1401 de
737 1336 898 1416 scripturis
925 1335 1018 1415 plane
1039 1333 1120 1400 falsa
1140 1333 1287 1415 prodidit

219 1445 360 1522 Quorum
382 1450 547 1525 utrumque
569 1465 607 1511 ne
629 1443 857 1509 obscurioribus
874 1443 995 1508 indiciis
1018 1460 1193 1523 coarguam,
1216 1450 1288 1506 utar

218 1552 341 1615 duobus
363 1552 544 1617 certissimis
567 1560 599 1617 et
619 1550 887 1616 manifestissimis.
920 1551 1058 1616 Primum
1079 1550 1189 1615 habuit
1208 1550 1287 1614 duos

218 1659 342 1723 codices
364 1659 511 1736 Elienses,
534 1678 656 1741 genere,
678 1666 714 1724 ut
734 1658 816 1722 infra
837 1659 1008 1737 ostendam,
1031 1658 1181 1722 diversos.
1220 1659 1287 1721 Iam

217 1765 347 1830 infinitis
369 1766 444 1831 locis
467 1786 528 1831 non
550 1767 696 1845 distinxit,
719 1776 821 1831 utrum
839 1766 972 1831 codicem
992 1766 1144 1831 Ehensem
1162 1766 1287 1844 diceret,

219 1875 308 1938 utin
330 1875 431 1954 prima
454 1875 608 1960 mentione
630 1877 670 1939 ad
692 1872 1170 1954 1,1(roaromrepretonoaat);
1192 1891 1287 1954 saepe

223 1982 288 2053 „Et
299 1993 412 2046 nnum“
426 1983 571 2063 appellat
605 1984 641 2046 In
658 1984 823 2063 postremis
840 1983 927 2047 libris
943 1983 986 2047 ita
999 2000 1098 2063 prope
1108 1989 1288 2045 constanter

219 2096 340 2154 tautum
367 2091 523 2155 Eliensem
552 2092 658 2171 (etiam
686 2089 840 2154 Elieasam
866 2093 1018 2170 nostrum)
1047 2089 1197 2168 nominat,
1226 2107 1287 2152 non

218 2199 328 2262 addito
344 2218 441 2260 tantam
457 2208 512 2262 aut
527 2197 665 2276 altarum,
682 2206 725 2276 ut,
743 2199 863 2264 etiamsi
879 2198 999 2275 iniuria,
1023 2215 1084 2261 non
1101 2206 1204 2261 tamen
1223 2196 1289 2260 sine

218 2323 314 2369 causa
335 2305 506 2370 dubitatum
529 2307 578 2385 sit,
601 2308 720 2371 duosne
741 2306 908 2372 habuisset.
921 2307 949 2387 ¹)
985 2306 1053 2387 Ego
1076 2304 1222 2383 arbitror,
1246 2305 1288 2367 ita

218 2420 382 2492 excerptas
404 2411 499 2478 fuisse
521 2415 682 2495 utriusque
710 2415 823 2480 codicis
850 2413 1034 2494 scripturas,
1062 2420 1097 2477 ut
1123 2410 1310 2479 difficulter.

218 2520 366 2601 distingui
389 2529 531 2600 possent;
559 2542 627 2587 eam
650 2541 755 2587 euram
778 2522 950 2601 Davisium,
979 2539 1047 2585 oum
1070 2519 1190 2600 longius
1212 2537 1286 2599 pro·

218 2627 339 2691 cedenti
350 2628 481 2693 molesta
492 2627 589 2708 fieret,
606 2647 738 2709 prorsus
749 2630 911 2708 abiecisse3
929 2637 1023 2710 atque
1035 2628 1097 2692 iarn
1109 2635 1182 2692 ante
1193 2646 1287 2707 saepe

218 2735 356 2816 priorem
378 2742 410 2799 et
426 2731 597 2801 secuudum
613 2739 799 2819 appellando
816 2744 1010 2819 permutatos
1026 2743 1112 2817 pato.
1146 2736 1287 2800 Alterum

221 2850 434 2922 argumentum
462 2863 601 2909 summae
627 2846 839 2927 neglegentiae
866 2845 924 2907 boo
951 2851 1007 2908 est.
1059 2843 1128 2906 Duo
1156 2843 1286 2921 codices

220 2949 332 3030 quibus
345 2951 491 3015 Davisius
503 2971 579 3017 usus
591 2961 667 3030 erat,
679 2953 758 3018 altar
770 2952 897 3033 Collegii
909 2952 1055 3031 Corporis
1068 2949 1190 3026 Christi,
1207 2949 1287 3014 alter

220 3056 423 3137 Ballioleusis,
447 3069 557 3139 postea
580 3061 609 3124 in
634 3060 956 3126 editione()x011iensi
979 3059 1089 3123 saltem
1112 3058 1286 3139 diligentius

220 3183 312 3244 quam
330 3185 350 3228 a
367 3166 494 3230 Davisio
512 3168 642 3232 adhibiti
659 3179 739 3245 sunt,
762 3179 797 3232 ut
813 3168 858 3246 iis,
882 3186 962 3247 quae
978 3165 1180 3242 affirmantur,
1201 3166 1286 3229 oredi

220 3274 331 3353 possit,
360 3274 570 3355 appellatique
593 3276 643 3341 ilie
665 3276 694 3354 ξ,
717 3276 765 3340 hio
788 3292 821 3347 ψ.
867 3275 962 3355 Atqui
983 3275 1023 3339 de
1046 3273 1174 3337 dimidia
1196 3281 1285 3354 parte

221 3381 454 3460 seripturarum,
477 3401 555 3463 quas
574 3383 717 3447 Davisius
740 3383 900 3448 annotavit
918 3383 1093 3463 (arruotavit
1114 3392 1216 3445 autem
1237 3381 1285 3444 vix

229 3570 443 3578 ——-

251 3690 272 3750 ι)
292 3690 430 3740 Goerenzio
450 3672 818 3754 praei.p.VEl.2tscrtbit1,
837 3692 881 3742 aad
902 3692 1035 3741 nachorem
1055 3690 1189 3754 siguificat,
1209 3703 1284 3752 quem

289 3778 341 3838 ipse
366 3783 454 3838 postea
479 3775 581 3827 recteD
604 3776 684 3826 fuisse
709 3776 778 3826 dioitt
803 3777 902 3827 videtur
930 3790 1012 3825 -cum
1036 3778 1109 3824 tertio
1133 3775 1197 3823 libro
1226 3774 1284 3823 tini·

288 3863 383 3918 vlaae·;
404 3874 463 3910 uam
482 3861 542 3911 inde
562 3865 638 3910 unlus
658 3862 733 3910 modo
753 3862 789 3910 at.
810 3866 968 3911 mentionem
988 3860 1054 3919 iteri,
1074 3861 1117 3910 aad
1139 3860 1237 3908 nullam
1256 3872 1285 3908 er

289 3958 317 3994 eo
340 3945 498 4007 probabilem
524 3950 677 4009 scripturam
697 3951 750 3996 erui
769 3961 854 4010 possa.
891 3948 940 3996 Sed
962 3948 1077 3995 Davisius
1097 3951 1121 3993 et
1139 3940 1169 3993 ad
1195 3943 1233 4000 tv,
1252 3942 1285 3995 28

289 4031 352 4080 duos
380 4032 482 4080 codices
505 4032 622 4081 Etieuaes
646 4032 821 4095 discrepantes
849 4037 1034 4082 commemorat
1061 4037 1086 4080 et
1112 4043 1162 4078 non
1190 4041 1285 4091 paucas

290 4117 403 4165 melioria
423 4115 535 4165 familiae
554 4130 626 4166 veras
645 4120 784 4180 scripturas
803 4125 890 4181 postea
910 4130 939 4166 ar
956 4116 991 4165 Ei.
1006 4115 1109 4179 profert,
1129 4120 1157 4162 ut
1169 4112 1202 4166 39
1218 4114 1285 4176 (con-

289 4200 433 4259 cluderent),
456 4200 489 4252 65
507 4201 556 4261 (bis
576 4228 605 4236 -
625 4199 726 4266 manes),
750 4203 777 4259 V,
796 4202 830 4254 50
848 4202 1092 4262 (incommodatura),
1116 4198 1149 4252 56
1168 4198 1285 4262 (sardan-

288 4284 374 4347 cutus),
394 4285 427 4337 58
445 4285 557 4342 (scientio
577 4287 647 4348 tum).
678 4287 723 4336 lito
742 4294 827 4337 antam
848 4287 932 4346 modo,
952 4293 979 4335 ut
995 4287 1145 4349 simpliciter
1157 4285 1285 4334 Etleuaom

288 4370 362 4427 dicat,
382 4370 494 4434 loquitur
511 4371 629 4422 Davisius
648 4377 699 4423 tam
718 4376 743 4422 ln
763 4376 845 4435 prima
865 4379 889 4423 et
907 4375 979 4421 tertia
999 4378 1058 4421 nota
1076 4371 1108 4420 nd
1127 4370 1182 4421 libr.
1202 4369 1218 4417 l.
