3030 5086
219 493 280 558 188
606 513 652 559 aa
674 512 804 560 armeus
827 512 898 559 nou.

216 687 420 745 consumeret.
455 682 554 759 Quem
575 679 707 745 libenter
729 698 857 745 cenasse
874 700 964 747 uerno
981 690 1082 764 negat
1117 680 1181 747 Cur
1196 682 1296 765 igitur

216 801 278 846 nou
300 781 400 846 bene?
444 781 537 860 Quia,
559 782 644 861 quod
667 781 755 855 bene,
776 782 808 846 iu
831 790 930 860 recte,
953 781 1125 864 frugaliter,
1146 784 1295 864 honeste;

285 974 309 1020 2·
331 966 398 1034 [reia
416 967 474 1032 aaa
491 967 543 1035 A'l
584 966 714 1034 [sapsam
733 967 783 1035 A¹l

216 1159 274 1215 qam
303 1141 367 1197 loco
395 1141 531 1198 Klotzius
558 1141 710 1197 revocavit
738 1139 856 1198 foedum
885 1143 1117 1200 additamentum
1146 1145 1296 1219 Epicuaer't

216 1225 300 1299 quasi
324 1220 416 1284 Stoici
439 1237 468 1282 et
490 1227 681 1300 Peripatetici
704 1226 797 1301 magis
820 1227 924 1284 Latine
947 1228 1088 1285 sciverint
1110 1246 1197 1303 quem
1222 1228 1297 1304 Epi·

216 1309 296 1367 ourei
324 1320 376 1367 aut
397 1310 609 1386 Epicureorum
638 1321 824 1386 cont-emptus
851 1312 957 1369 artium
981 1312 1019 1369 ad
1041 1315 1186 1370 sermonis
1208 1332 1296 1389 pere·

216 1395 293 1469 grini
311 1395 445 1470 peritiam
464 1397 639 1472 pertinuerit-
661 1406 712 1453 aut
734 1396 796 1452 ulla
817 1398 893 1454 ratio
915 1397 955 1453 sit
977 1397 1016 1454 ibi
1040 1399 1178 1473 exemplo
1196 1397 1295 1473 philo-

217 1481 374 1555 sophorum
394 1490 490 1537 certae
508 1482 680 1557 disciplinae
698 1482 821 1556 utendi),
839 1492 890 1539 aut
906 1482 958 1538 nbi
970 1482 1156 1539 adversative
1169 1500 1294 1539 conver·

216 1566 302 1631 titur;
325 1565 427 1622 durius
449 1566 538 1641 igitur
560 1566 592 1622 lit
614 1567 669 1623 hoc
692 1567 820 1634 schema,
844 1567 894 1624 ubi
912 1567 1007 1623 oratio
1024 1585 1083 1623 non
1101 1568 1295 1637 convertitur,

217 1650 268 1707 sed
291 1651 480 1708 continuatur
507 1671 559 1727 per
581 1662 682 1713 (rectem.
714 1662 745 1709 ut
768 1671 859 1727 supra
880 1652 910 1712 1.
936 1654 990 1717 61,
1018 1660 1070 1708 aut
1097 1651 1149 1707 ubi
1170 1651 1295 1725 pertitio

217 1746 276 1799 est,
299 1746 333 1791 ut
354 1724 431 1793 infra
455 1738 508 1792 68:
537 1739 625 1793 Alteri
645 1748 741 1810 rreprrnt
763 1740 913 1811 antitiquum
935 1757 992 1793 ease
1014 1738 1122 1801 bonrern,
1145 1738 1200 1792 nisi
1220 1737 1299 1810 quod

217 1821 352 1877 honestum
376 1825 424 1879 sit.
454 1824 534 1876 alter-i
549 1824 696 1896 pirminium
727 1842 755 1878 se
782 1833 806 1879 et
834 1825 908 1896 lorrpe
931 1825 1057 1896 lanpeqree
1073 1824 1223 1897 plurimum
1245 1824 1297 1877 trt'-

217 1907 295 1962 buere
313 1908 450 1963 honestati.
483 1906 560 1963 Nam
582 1907 622 1963 ibi
646 1926 762 1981 quoqne
780 1926 839 1964 rox
856 1910 937 1963 elteri
958 1908 1034 1963 idem
1052 1908 1174 1964 verbum
1192 1906 1296 1963 auimo

216 1991 316 2050 obicit.
363 1992 408 2048 Ne
431 1991 503 2047 illud
526 1992 643 2065 quidem
668 1993 770 2057 molle,
799 1992 877 2067 quod
907 1992 936 2049 in
966 1992 1195 2067 interrogatione
1223 2009 1297 2050 con·
1382 2038 1387 2047 .

179 2144 181 2149 ,
216 2077 330 2133 linteata
354 2077 460 2151 legitur
482 2076 537 2135 IV.
551 2078 604 2134 22:
628 2079 798 2133 Patronusne
819 2097 918 2134 caricae
931 2110 970 2120 -
989 2087 1098 2149 ›repuret
1119 2096 1177 2133 ease
1192 2080 1297 2134 malrum

216 2164 333 2228 erilium,
352 2163 557 2236 publicationem
582 2163 726 2218 laetiorum?
748 2163 812 2220 lmec
831 2165 964 2219 rer'clemla
986 2182 1052 2223 eaee.
1075 2182 1125 2217 nou
1138 2164 1297 2235 sapientior

217 2245 283 2323 [aut
310 2246 388 2320 quod
416 2248 471 2309 lv,
497 2247 534 2302 69
564 2247 592 2302 iu
622 2247 804 2303 condicione·
822 2257 936 2304 mactata
969 2267 1005 2304 ex
1035 2256 1114 2320 nepem
1145 2247 1183 2303 ad
1210 2248 1296 2303 scibile

216 2335 303 2403 mapie
324 2331 450 2388 sternitur
471 2329 568 2407 dicut]
603 2331 716 2388 Durum
740 2333 843 2396 etiarn.
867 2334 945 2406 quod
969 2334 1006 2393 V.
1030 2334 1071 2389 88
1094 2331 1123 2388 in
1147 2330 1298 2407 particule

216 2428 304 2473 torreen
331 2416 451 2473 accidit:
482 2417 532 2472 Ille
562 2418 664 2473 Metelli
691 2420 771 2473 cltum
798 2427 875 2490 torpet
904 2419 1046 2474 beatiorem
1072 2434 1162 2491 qrearrr·
1177 2417 1296 2489 Repulit

212 2502 433 2577 praeponendam
455 2511 549 2575 tomen.
572 2520 619 2558 nec
641 2509 695 2559 cet.
731 2502 839 2558 Nullus
862 2512 959 2559 tamen
982 2503 1064 2560 loeus
1087 2502 1151 2562 boe.
1175 2502 1211 2558 de
1233 2518 1296 2575 quo

217 2587 345 2662 agiurua,
375 2586 488 2646 durior.
517 2594 550 2643 ut
572 2595 729 2643 excusetur
751 2587 869 2645 Lamb..
898 2589 948 2661 qrii
971 2598 1040 2645 reete
1067 2589 1132 2644 elicit
1158 2585 1294 2660 scripsit3

218 2672 336 2747 probari
365 2690 422 2727 non
451 2671 546 2727 debet.
598 2673 643 2728 Do
673 2672 737 2746 ipso
765 2673 903 2729 universo
931 2691 1038 2747 genere
1065 2672 1139 2728 nihil
1167 2682 1212 2728 eat
1239 2690 1296 2728 eur

217 2758 312 2813 (licam
340 2764 407 2831 post
434 2774 499 2818 eos,
528 2774 601 2829 quos
628 2757 731 2813 citavit
759 2756 865 2815 Stallb.
895 2758 931 2814 ad
954 2758 1093 2817 Ruddim.
1117 2758 1148 2814 11
1172 2776 1200 2832 p.
1220 2757 1294 2817 361.

217 2860 340 2916 quorum
364 2841 532 2897 nominibus
554 2839 642 2898 facile
665 2851 728 2899 crat
750 2861 840 2897 unum
869 2852 898 2898 et
920 2843 1045 2899 alterum
1068 2842 1230 2909 ascribere,
1259 2852 1296 2898 ut

218 2926 315 2985 Beieri
339 2926 376 2982 ud
400 2925 480 2984 Lael.
506 2927 555 2982 59.

301 3032 359 3069 crem
379 3015 541 3085 prrneaertr‘m
562 3015 588 3067 in
611 3031 640 3068 eo
661 3011 733 3083 cet.)
756 3011 937 3083 intellegunt
953 3011 1016 3068 sine
1034 3012 1123 3068 dubio
1142 3011 1294 3087 plerique:

216 3117 245 3153 eo
268 3099 376 3171 quidem
398 3100 484 3167 atrapis
506 3101 646 3157 atticarum,
670 3099 744 3170 qrroel
765 3104 820 3155 cet.
867 3097 941 3153 lllihi
965 3097 1019 3152 hoc
1043 3116 1145 3172 parum
1169 3096 1206 3152 ad
1228 3114 1293 3153 rem

216 3183 363 3257 pertinere
383 3181 508 3239 videtur.
531 3201 587 3238 non
611 3182 702 3239 fuisse
726 3191 838 3238 tantum
862 3182 990 3238 studium
1014 3183 1043 3238 in
1061 3181 1293 3257 combensium,

216 3287 271 3324 nec
293 3267 394 3333 video,
423 3285 475 3323 cur
497 3286 532 3323 eo
556 3267 689 3323 miserior
711 3267 807 3324 suerit.
852 3268 956 3341 ltaque
980 3266 1151 3325 Ciceronem
1174 3266 1235 3326 hic.
1259 3274 1295 3322 ut

217 3353 297 3411 alibi.
320 3352 362 3407 sic
385 3350 452 3407 illas
474 3352 633 3426 particulas
650 3353 782 3425 posuisse
800 3361 880 3427 puto.
905 3361 936 3408 ut
953 3352 1152 3427 significarent
1168 3354 1294 3425 quemme

217 3439 287 3511 (aad
308 3439 368 3493 elus.
391 3437 529 3509 obpleiclr).
574 3438 652 3494 Nem
675 3455 740 3492 enirn
759 3440 919 3512 praesertim
937 3436 1091 3511 significet,
1114 3436 1234 3512 adiungi
1253 3436 1294 3493 ed

217 3523 256 3588 id,
275 3522 353 3596 quod
370 3522 536 3595 generalius
554 3522 662 3578 dictum
676 3522 722 3579 sit.
740 3523 851 3595 aliquid
869 3523 997 3597 proprie,
1016 3541 1074 3596 quo
1091 3522 1121 3578 id
1138 3530 1292 3597 augeatur,

216 3608 281 3665 hoc.
304 3607 382 3680 quod
400 3606 578 3682 adiungitur.
601 3606 679 3682 apud
699 3608 829 3673 Latinos,
852 3609 979 3664 inaximo
997 3607 1180 3671 Ciceronem,
1202 3624 1293 3681 saepe

217 3712 254 3749 ex
277 3691 425 3748 contrario
448 3710 554 3766 genere
577 3702 630 3751 est.
652 3700 685 3747 ut
707 3692 773 3748 icleo
797 3693 891 3748 rrraius
914 3711 977 3748 ease
996 3692 1132 3749 videatur
1149 3692 1188 3761 iu,
1212 3690 1293 3765 quod

217 3778 340 3835 (licetur.
359 3777 436 3851 quorl
456 3787 552 3832 tamen
566 3776 670 3849 (nihilo
683 3777 791 3845 minus)
803 3778 854 3833 bat
870 3789 921 3833 aut
938 3778 984 3833 sit.
1012 3780 1114 3851 Atque
1132 3777 1178 3832 hie
1195 3785 1291 3833 trena-

218 3865 275 3920 itus
299 3864 335 3918 ael
359 3863 578 3934 significandam
609 3881 670 3917 rem
701 3882 735 3917 eo
765 3863 1000 3919 memorabilem.
1031 3863 1107 3936 quod
1136 3862 1216 3918 aliud
1239 3881 1291 3918 ex·

217 3959 358 4023 pectetur.
381 3950 414 4003 fit.
437 3948 493 4003 ium
519 3948 546 4003 in
570 3946 696 4021 simplici
720 3948 873 4022 particula,
897 3961 927 4003 ut
952 3949 982 4005 ll
1006 3949 1041 4003 de
1064 3947 1132 4004 Div.
1149 3948 1222 4004 142:
1244 3966 1292 4005 nec

217 4044 270 4089 turn
295 4035 404 4089 anellum
427 4035 560 4088 dormiens
583 4034 635 4087 allo
658 4038 757 4087 sornrrr'o
774 4054 831 4088 arem
850 4036 1011 4090 mlnmm'tus.
1035 4036 1116 4088 lernlr's
1129 4035 1292 4107 praesertim

217 4121 250 4174 ‹le
273 4120 366 4175 aalma.
390 4118 419 4173 iri
443 4129 500 4174 est.
524 4118 659 4191 quarnvis
683 4130 782 4174 tantae
805 4127 901 4174 essent
924 4138 985 4184 res,
1009 4129 1039 4174 ut
1064 4118 1110 4173 vel
1133 4117 1291 4193 praecipue

217 4204 367 4259 adrrtoneri
386 4203 546 4261 debuerim.
583 4204 641 4260 Sed
659 4205 830 4277 saepissime
847 4224 904 4260 carn
920 4207 1078 4278 praesertim
1092 4214 1121 4259 et
1130 4212 1292 4277 praesertim

216 4310 275 4345 crena
298 4289 401 4355 (nullo.
424 4289 501 4362 quod
525 4289 792 4355 arrianarlverterim,
816 4289 996 4361 ‹lisortrnmop
1015 4299 1043 4344 et
1066 4292 1115 4363 qui
1131 4292 1293 4363 praesertim

217 4375 338 4430 eandem
358 4374 415 4429 t'im
436 4375 553 4439 liabent,
577 4392 610 4428 ae
634 4375 658 4429 si
682 4374 776 4429 dicas:
800 4376 880 4447 r'rlque
897 4395 954 4430 carra
976 4385 1070 4431 terrerem
1093 4378 1226 4448 qrrcrmer'a,
1245 4376 1294 4447 qui
