3030 5086
219 492 284 557 822
624 506 809 555 -uxmueue
830 507 872 554 n.

303 681 465 740 Carneadia
486 681 573 737 enim.
595 681 646 754 qui
667 698 687 736 e
702 679 846 738 Cicerone
862 692 985 756 propter
1004 680 1153 756 egregiam
1176 682 1206 737 iu
1223 679 1289 736 dia·

217 767 331 824 laeticia
352 767 592 823 exercitationem
615 765 753 821 laudetur
772 766 849 837 (ΙΙΙ.
872 767 940 839 41).
969 783 1072 842 reapee
1094 776 1193 822 autem
1214 766 1291 821 satia

218 852 320 909 hebuit
352 852 496 908 acuminis
522 851 561 907 ad
588 850 754 909 Stoicorum
783 851 819 907 de
846 851 1015 926 cognitione
1044 869 1141 907 rerum
1169 853 1290 908 decreta

218 955 321 1013 perum
349 937 470 993 subtilia
490 935 672 1006 oamllanda,
701 946 831 992 ceterum
860 954 954 1010 neque
981 936 1095 992 ardenti
1124 936 1222 994 etudio
1249 935 1289 992 ad

218 1023 371 1079 veritatem
394 1021 603 1096 exquirendam
626 1019 796 1097 rapiebatur
822 1032 852 1077 et
879 1039 897 1077 a
923 1021 1024 1078 subtili
1046 1022 1197 1078 notionum
1219 1040 1291 1078 aen·

218 1108 433 1181 tentiarumque
456 1107 644 1182 proprietatia
666 1106 887 1182 perspiciendae
914 1124 985 1163 cura
1011 1117 1071 1163 tam
1099 1107 1290 1165 abhorrebat.

218 1202 251 1250 ut
272 1204 301 1250 et
323 1194 386 1267 ipae
407 1192 554 1249 rhetorica
575 1192 694 1249 levitate
721 1203 750 1248 et
771 1191 838 1248 lueu
860 1210 892 1249 ae
913 1190 1035 1248 iactaret
1057 1204 1085 1247 et
1108 1193 1201 1249 multo
1222 1204 1289 1266 poet

219 1278 379 1345 Antiocho,
401 1278 452 1352 qui
469 1279 506 1334 ab
523 1278 586 1334 eiua
601 1289 683 1334 aecta
697 1276 830 1345 deemrit,
852 1292 950 1334 tamen
966 1277 1189 1351 Peripateticae
1208 1280 1290 1335 Aca·

218 1362 363 1429 demicoe,
393 1363 509 1422 Stoicae
535 1364 566 1419 in
588 1380 676 1419 uuam
698 1362 813 1419 turbam
835 1363 978 1420 coiciendi
1006 1364 1083 1419 riam
1113 1374 1289 1420 monstraret

219 1448 289 1519 (III.
312 1449 381 1522 tt),
404 1448 452 1505 hic
473 1449 563 1525 igitur
584 1447 709 1504 instituit
731 1447 965 1505 dinaennentium
987 1448 1229 1523 philosophorum
1253 1447 1290 1504 de

219 1551 334 1590 eummo
362 1535 439 1590 bono
465 1533 626 1591 sententiae
653 1533 695 1589 ita
721 1532 867 1600 dividere,
901 1545 946 1591 ut.
980 1543 1050 1607 quot
1078 1551 1142 1590 ease
1170 1533 1291 1590 omnino

219 1631 353 1695 poeaent.
381 1629 545 1694 appareret.
591 1619 663 1675 Ειιιι
686 1616 875 1687 divisionem,
897 1637 973 1693 quae
995 1618 1144 1676 Antiocho
1167 1617 1291 1693 probata

219 1714 298 1762 erat.
325 1703 430 1762 Cicero
451 1703 573 1779 exponit
600 1704 630 1760 in
652 1703 740 1760 huiua
760 1705 860 1779 operia
882 1704 958 1760 libro
980 1704 1018 1771 V,
1046 1706 1169 1778 16·eqq.
1214 1703 1291 1762 Cum

221 1790 312 1866 igitur
333 1789 502 1848 Carneadea
523 1789 688 1858 statuisset,
711 1799 804 1846 artem
827 1789 915 1846 vitae.
937 1799 969 1845 nt
991 1799 1104 1845 ceterae
1125 1800 1212 1847 arten
1235 1789 1291 1844 ali·

220 1874 302 1949 quid,
324 1874 402 1949 quod
425 1886 509 1931 extra
531 1874 625 1948 ipsam
647 1884 734 1942 eaaet,
756 1886 905 1950 appetere,
927 1874 957 1930 id
976 1885 1082 1931 autem.
1105 1875 1183 1948 quod
1199 1892 1291 1949 appe·

220 1971 345 2021 teretur.
372 1971 493 2017 naturae
520 1969 620 2034 aptum
649 1968 680 2015 et
700 1960 950 2016 accommodatum
974 1978 1037 2016 esse
1060 1958 1225 2036 deberest)
1253 1959 1291 2014 da

220 2045 316 2121 primo
338 2046 471 2121 appetitu
492 2063 607 2102 omnem
630 2044 841 2102 dieeeneionem
864 2063 929 2102 esee
951 2044 1036 2101 dixit.
1058 2045 1153 2118 deque
1175 2064 1210 2101 eo
1230 2058 1291 2100 tres

220 2149 286 2188 oeae
308 2132 482 2200 mutantia,
512 2148 578 2188 cum
600 2130 653 2186 alii
675 2147 711 2186 eo
733 2129 915 2206 voluptatem
938 2131 1036 2205 expeti
1061 2141 1211 2204 putarent.
1239 2129 1291 2185 alii

221 2215 399 2272 vacuitatem
426 2215 550 2275 dolorie.
577 2215 629 2272 alii
657 2215 754 2289 prima
781 2226 913 2274 naturae.
959 2215 994 2273 In
1023 2216 1077 2272 hac
1105 2214 1293 2290 expositione

220 2304 265 2370 (ut
289 2301 336 2358 hic
357 2300 571 2375 aliquantisper
591 2300 773 2373 ineiatamue)
796 2302 922 2375 primum
945 2300 974 2358 id
997 2311 1134 2376 apparet.
1165 2299 1292 2375 primum

221 2387 303 2443 illum
327 2386 490 2461 appetitum
512 2405 547 2442 eo
570 2385 635 2443 loco
657 2385 769 2455 haberi,
793 2396 825 2443 ut
847 2387 877 2443 iu
900 2407 936 2445 eo
958 2387 1053 2442 omnis
1075 2386 1220 2442 humanae
1239 2403 1292 2440 na·

222 2485 305 2528 turae
327 2471 373 2527 via
395 2471 579 2528 contineatur
601 2482 630 2527 et
653 2488 689 2527 ex
713 2490 748 2527 eo
770 2490 856 2529 omne
879 2473 985 2529 bonum
1010 2484 1154 2528 nascatur.
1186 2471 1293 2543 Itaque

222 2557 364 2613 hacteuua
386 2555 543 2630 respondet
565 2558 676 2632 primae
698 2555 742 2612 illi
764 2556 976 2624 constitutioni,
1000 2575 1074 2630 quae
1093 2555 1293 2614 abAutiocho

221 2641 396 2717 explicatur.
433 2640 537 2700 Cicero
559 2661 624 2699 eum
647 2641 735 2699 etiam
753 2646 903 2717 primorum
925 2645 1152 2699 irritamentorum
1174 2641 1294 2697 nomine

220 2726 354 2802 appellat
370 2727 437 2800 (17)
455 2736 484 2782 el
496 2727 564 2799 (19)
583 2730 777 2802 principiorum
799 2731 973 2785 naturalium.
986 2727 1016 2801 ²)
1062 2726 1176 2783 Deinde
1199 2725 1294 2782 meni·

222 2812 330 2870 sentum
353 2823 410 2880 aet,
440 2811 517 2868 huno
539 2813 701 2887 appetitum
724 2812 767 2868 nic
788 2812 917 2880 deliniri,
947 2823 978 2868 ut
1001 2821 1081 2869 totus
1103 2812 1139 2869 ad
1162 2829 1292 2867 amorem

222 2898 269 2956 eui
296 2909 327 2955 et
353 2896 475 2955 tutelam
503 2898 634 2972 corporis
663 2897 822 2967 referatur,
852 2896 1105 2972 excludanturque
1127 2897 1226 2954 omnia
1248 2913 1293 2959 ea,

223 3002 299 3059 quae
326 2983 473 3040 hominem
496 2982 534 3038 ad
557 2983 710 3040 universae
732 2994 854 3040 naturae
882 2996 912 3040 et
934 2983 1057 3040 rationis
1079 3001 1210 3039 normam
1234 2992 1294 3037 tra·

224 3070 307 3127 hunt.
351 3068 398 3126 Ex
423 3068 478 3124 bac
500 3067 589 3144 igitur
615 3080 698 3143 parte
726 3069 774 3125 hic
801 3070 951 3144 appetitus
978 3067 1082 3125 similia
1110 3076 1153 3123 est
1182 3067 1294 3141 primae

224 3154 389 3212 Stoicorum
420 3153 633 3222 conciliationi,
667 3172 685 3210 a
718 3153 824 3227 quibus
851 3154 1019 3212 Carneades
1048 3153 1143 3228 prime
1170 3162 1293 3208 naturae

225 3237 363 3314 eumpeit;
393 3238 481 3294 simul
508 3238 550 3294 ita
572 3238 665 3295 virtue
693 3239 873 3308 excluditur,
903 3250 949 3296 ut.
979 3239 1029 3312 qni
1059 3256 1122 3294 earn
1151 3238 1180 3293 in
1209 3237 1295 3294 bunia

223 3322 365 3393 habeant,
393 3333 496 3397 postea
523 3323 607 3398 quaai
635 3342 688 3398 per
715 3324 859 3399 poeticum
882 3322 1094 3381 intromittendi
1118 3322 1185 3378 sint.
1230 3323 1294 3378 An·

224 3408 354 3478 tiochue,
384 3409 541 3484 permirum
565 3419 624 3477 eat,
652 3410 798 3482 quomodo
826 3410 901 3466 hanc
929 3409 1091 3468 Carneadia
1119 3408 1293 3464 divisionem

224 3493 350 3570 probare
383 3493 527 3568 potuerit,
560 3511 635 3567 quae
668 3494 761 3569 ipsine
793 3495 917 3570 primam
950 3494 1202 3551 constitutionem.
1236 3508 1296 3566 qua

224 3588 305 3636 totns
331 3578 419 3635 homo
447 3587 475 3634 et
503 3577 626 3635 rationis
653 3578 795 3654 perfectio
823 3580 1036 3641 contineretur,
1065 3595 1185 3654 prorsus
1212 3595 1296 3634 ever·

225 3673 309 3720 teret.
343 3663 434 3722 Stoici
458 3664 573 3737 quidem
597 3663 679 3731 illud,
702 3665 780 3739 quod
802 3665 887 3723 initio
910 3684 927 3721 a
946 3664 1098 3723 Carneade
1120 3664 1294 3738 ponebatur.

254 3901 277 3968 '³
295 3900 570 4017 linitam
586 3899 870 4032 ltt'i‘ltt‘tit‘
888 3898 1295 4018 T‘liil‘lmitluli‘lll‘

293 4046 362 4086 turae
384 4054 435 4085 erre
458 4043 570 4100 oportere.
615 4037 703 4100 Neque
730 4039 795 4086 enim
822 3986 954 4102 quiaquia
980 4051 1098 4101 umquam
1122 4036 1161 4095 id,
1188 4036 1254 4099 quod
1279 4050 1295 4082 a

295 4115 386 4154 natura
404 4107 513 4154 alienum
531 4114 607 4164 earet,
631 4106 714 4170 appeti
737 4107 830 4156 decuit.
867 4106 919 4156 Sed
937 4107 1021 4154 studet
1039 4120 1069 4153 cx
1088 4105 1136 4154 hoc
1154 4105 1227 4160 orbe,
1251 4104 1293 4167 qul

295 4190 393 4231 omnen,
418 4188 482 4238 quae
500 4173 618 4231 iuieaent,
638 4174 773 4223 mumanae
792 4175 924 4238 complecti
943 4175 1060 4225 debebat.
1079 4175 1214 4222 excludere
1232 4173 1294 4235 Pyr·

296 4244 407 4299 rhuncm,
427 4243 580 4302 Aristonem,
598 4242 713 4291 Erillum.

253 4310 277 4369 ²)
298 4312 385 4375 ltaque
403 4326 432 4360 ea
450 4311 499 4368 hic,
518 4320 547 4358 ut
564 4312 589 4359 in
608 4311 672 4360 libro
691 4308 728 4359 1v
744 4309 863 4375 principia
881 4320 988 4369 naturae,
1007 4325 1021 4356 a
1038 4309 1121 4373 primis
1139 4317 1239 4357 naturae
1257 4325 1295 4356 ee·

296 4390 423 4443 parantur,
460 4378 523 4429 Nam
542 4379 568 4427 in
585 4379 714 4443 principiis
733 4380 889 4428 naturalibus
907 4379 970 4428 haec
988 4389 1042 4428 erat
1060 4377 1207 4429 differentia.
1227 4377 1296 4440 quod

297 4450 322 4496 iu
340 4449 370 4497 iia
389 4449 431 4497 alii
450 4449 530 4512 prima
549 4457 653 4497 naturae
671 4449 805 4511 ponebant,
824 4449 867 4496 alii
886 4463 932 4512 pro
950 4449 981 4496 iia
999 4448 1160 4511 voluptatem.
