3030 5086
218 459 283 524 590
608 477 653 522 nn
675 475 807 523 eminus
829 476 901 522 nou.

217 663 267 710 me
283 645 324 708 ad
341 644 598 708 contemnendam
615 644 778 724 pecuniam
797 643 872 723 lore,
895 643 923 709 si
938 644 1023 708 illem
1040 644 1073 712 in
1089 645 1184 710 rebus
1200 664 1298 726 prae·

216 746 327 827 positis
349 763 443 827 quam
466 745 492 809 si
515 745 546 809 in
570 745 661 809 bonis
683 746 817 824 duxero,
844 744 1069 826 fortioremque
1090 747 1122 811 in
1144 747 1297 828 patiendo

216 847 339 926 dolore,
372 847 399 911 si
427 865 498 911 eum
525 866 672 929 asperum
701 854 733 912 et
761 845 916 912 difficilem
944 866 1099 930 perpessu
1127 856 1158 913 et
1185 855 1297 914 contra

216 955 362 1014 naturam
384 967 568 1031 essequam
592 950 619 1013 si
641 949 757 1014 malum
780 949 897 1014 dixero.
943 951 992 1015 73.
1016 949 1130 1015 Facete
1151 949 1193 1015 M.
1210 950 1296 1032 Piso,

177 1050 199 1116 5
215 1050 379 1116 familiaris
390 1056 506 1130 noster,
529 1057 561 1115 et
576 1051 640 1115 alia
655 1052 761 1130 multa,
783 1057 815 1116 et
830 1051 891 1116 hoc
906 1051 974 1116 loco
992 1050 1113 1116 Stoicos
1130 1051 1294 1118 irridebat.

215 1154 297 1234 Quid
320 1152 423 1218 enim‘?
445 1152 564 1232 aiebat;
586 1153 701 1217 bonum
718 1171 814 1232 negas
832 1171 902 1218 esse
918 1153 1054 1232 divitias,
1076 1154 1295 1236 praepositum

214 1273 286 1320 esse
308 1254 399 1333 dicis;
429 1255 505 1335 quid
527 1254 680 1319 adiuvas?
712 1253 918 1319 avaritiamne
940 1255 1075 1319 minuis?
1108 1255 1296 1335 Quomodo?

214 1355 248 1422 Si
269 1356 399 1421 verbum
421 1357 594 1437 sequimur,
622 1356 757 1437 primurn
778 1357 901 1438 longius
923 1356 1054 1422 verbum
1076 1357 1295 1439 praepositum

214 1476 307 1539 quarn
323 1458 446 1523 bonum.
459 1457 596 1522 —Nihil
618 1459 659 1522 ad
682 1460 762 1523 rernl
776 1495 815 1504 -
833 1458 881 1523 Ne
898 1458 939 1523 sit
956 1477 1046 1537 sane;
1069 1467 1103 1523 at
1120 1464 1204 1523 certe
1219 1478 1295 1540 gra-

156 1562 197 1626 10
213 1559 292 1624 vius.
336 1559 416 1623 Naar
438 1559 554 1624 bonum
576 1580 614 1625 ex
635 1577 698 1641 quo
721 1558 911 1642 appellatum
935 1560 991 1638 sit,
1014 1560 1132 1638 nescio;
1155 1577 1294 1642 praepo·

213 1661 308 1726 situm
324 1680 362 1724 ex
379 1679 415 1725 eo
432 1661 535 1727 credo.
559 1651 648 1742 quod¹
661 1663 877 1743 praeponatur
894 1662 971 1726 aliis,
1000 1662 1036 1726 ld
1054 1661 1129 1726 mihi
1145 1680 1295 1744 magnum

212 1762 344 1827 videtur.
388 1763 498 1843 Itaque
521 1763 642 1827 dicebat
670 1763 742 1845 plus
765 1763 861 1828 tribui
884 1763 1000 1828 divitiis
1028 1782 1047 1827 a
1069 1764 1208 1843 Zenone,
1238 1764 1294 1844 qui

212 1882 266 1930 eas
289 1864 321 1928 in
342 1865 532 1944 praepositis
554 1871 698 1946 poneret,
721 1884 814 1946 quam
836 1866 876 1930 ab
898 1864 1078 1944 Aristotele,
1101 1860 1294 1945 qui'bonum

212 1983 283 2030 esse
304 1965 430 2029 diutius
452 1964 617 2044 fateretur,
645 1967 703 2031 sed
731 1985 832 2048 nequo
853 1985 999 2048 magnum
1021 1965 1139 2031 bonum
1161 1972 1193 2032 et
1214 1984 1294 2046 prae

154 2068 195 2135 15
212 2067 306 2132 rectis
318 2066 519 2148 honestisque
531 2069 788 2133 contemnendum
807 2087 845 2133 ac
857 2068 1089 2149 despiciendum
1105 2085 1163 2133 nec
1178 2085 1295 2148 magno

281 2257 304 2303 2.
328 2253 401 2316 quasi
421 2255 478 2318 (pro
496 2271 567 2317 quom
584 2254 659 2315 silli
711 2259 734 2306 ³.
756 2253 898 2305 doloremL
943 2252 1061 2318 aspsmru'
1080 2255 1142 2302 etl]
1183 2254 1296 2318 perpessi

211 2321 335 2370 coatroE
356 2338 493 2386 perperaum
511 2322 634 2371 coma?
687 2331 710 2372 l.
735 2339 786 2372 ease
810 2339 857 2372 orn.
878 2323 898 2370 P
952 2328 966 2370 5
997 2322 1041 2372 doc
1063 2321 1131 2371 modo
1155 2321 1293 2373 scateant:

213 2392 234 2439 7.
259 2388 370 2446 Quodsi
386 2392 443 2454 (pro
461 2390 576 2454 quomodo
593 2390 626 2452 ei)
646 2390 780 2441 LPCBOr.
820 2397 843 2440 0.
864 2400 889 2440 at
907 2390 976 2440 aliud
993 2391 1093 2440 certeis
1133 2395 1170 2441 ll.
1186 2407 1294 2456 praepo·

211 2458 340 2507 nauturE
379 2463 416 2509 12.
436 2457 572 2508 mediat.
608 2476 625 2507 a
642 2474 691 2507 orn.
710 2459 733 2507 Ε
751 2461 806 2521 (sed
826 2461 895 2508 laesa
913 2460 959 2508 illo
978 2460 1036 2508 loeo
1054 2459 1152 2519 charta)

210 2630 391 2688 divinationis.
437 2631 582 2700 Handius,
606 2631 656 2704 qui
679 2631 761 2706 prius
782 2651 876 2707 genus
898 2642 977 2689 recte
999 2631 1140 2689 tractavit
1166 2632 1294 2690 Turul

211 2735 239 2790 p.
258 2715 338 2786 538,
361 2715 438 2771 hunc
461 2715 556 2773 locum
581 2726 610 2772 et
632 2715 721 2773 alium
746 2716 836 2774 Plinii
861 2737 889 2792 p.
910 2718 971 2774 540
995 2735 1060 2774 cum
1084 2716 1291 2774 dissimillimis

210 2799 352 2870 confudit,
369 2800 420 2857 ubi
432 2810 480 2857 aut
491 2801 644 2876 coniungit
655 2801 727 2858 duas
740 2801 986 2878 interrogationes
998 2801 1100 2859 eodem
1113 2810 1292 2878 spectantes.

209 2885 305 2942 Paulo
328 2894 396 2960 post
417 2905 471 2961 pro
489 2905 622 2961 perpessu
635 2885 728 2944 Gzius
751 2886 781 2943 in
794 2886 855 2943 Erl.
873 2896 903 2943 et
921 2887 999 2962 Spir.
1018 2887 1061 2944 ait
1077 2890 1291 2962 esseperpesar',

208 2979 234 3026 st
256 2979 354 3027 antem
363 2978 440 3048 post
456 2990 520 3028 earn
538 2989 640 3028 vocem
657 2971 687 3027 in
711 2972 846 3029 omnibus
869 2972 953 3029 codd.
976 2972 1081 3029 omitti.
1118 2968 1182 3052 [Sic
1200 2971 1291 3029 etiam

211 3051 259 3134 Β.]
288 3056 394 3130 Itaque
417 3055 506 3113 scribi
529 3055 594 3112 vult
610 3075 757 3131 perpessu,
787 3061 813 3114 εἰ
839 3067 931 3114 contro
955 3068 1080 3113 naturum
1103 3053 1196 3136 [quod
1220 3056 1291 3114 Bsi-

208 3148 290 3197 terus
311 3137 447 3224 recepit}

295 3225 345 3282 73.
380 3223 538 3293 eromodot
570 3225 605 3282 Si
624 3226 731 3283 uerbum
753 3224 824 3304 cet.)
848 3226 921 3285 Cum
945 3226 1140 3284 admiratione
1163 3227 1290 3284 interro·

207 3309 305 3385 gando
318 3320 420 3386 negat;
438 3309 543 3367 deinde
556 3310 695 3385 explicat,
714 3329 767 3368 cur
778 3312 948 3369 admiretur.
976 3313 1087 3370 Veram
1099 3311 1289 3385 scripturam,

208 3394 346 3468 quoniam
370 3395 407 3452 de
429 3395 534 3452 ceteris
557 3396 642 3452 bonis
665 3405 788 3466 tacetur,
813 3416 828 3453 e
851 3398 915 3455 solo
929 3397 989 3454 Erl.
1010 3396 1136 3471 sumpsi3
1159 3392 1289 3476 [accedit

209 3473 264 3558 B];
293 3479 323 3536 in
351 3479 547 3538 deterioribus
570 3500 606 3537 eo
629 3482 716 3539 modo
738 3491 910 3557 corruptum
933 3481 1139 3557 compendium
1162 3491 1221 3549 est,
1251 3481 1289 3539 de

208 3581 266 3637 quo
283 3564 321 3621 ad
338 3565 379 3635 11,
393 3565 433 3622 53
445 3574 475 3622 et
488 3567 526 3623 97
540 3566 649 3623 dictum
668 3575 721 3623 est.
755 3566 847 3624 Nulla
864 3567 912 3624 hic
930 3577 996 3644 post
1013 3566 1288 3641 interrogationem,

207 3667 266 3723 qua
282 3649 470 3708 adversarius
486 3661 627 3728 urguetur
638 3654 828 3725 (avam'tr'amne
840 3655 977 3725 minnist),
995 3652 1063 3709 talis
1080 3662 1126 3708 est
1142 3650 1289 3709 orationis

207 3735 400 3806 continuatio,
423 3744 456 3793 ut
478 3738 553 3810 quod
572 3740 599 3794 sr‘
617 3737 688 3813 poni
711 3737 814 3812 possit.
853 3738 939 3811 Quod
962 3747 1059 3794 autem
1084 3737 1132 3794 ltoc
1155 3738 1210 3793 loco
1232 3755 1288 3812 pro

206 3822 233 3876 r'n
257 3821 307 3877 lac
325 3841 363 3889 re,
386 3824 413 3877 in
430 3823 482 3879 ltac
494 3832 575 3897 parts
592 3822 672 3891 dicit,
696 3822 798 3879 eodem
817 3823 904 3880 modo
922 3822 1053 3897 loquitur
1065 3823 1104 3892 V,
1118 3821 1173 3879 50:
1196 3822 1289 3897 Atque

207 3905 255 3962 loc
285 3908 340 3962 loco
367 3915 422 3963 cet.
457 3916 486 3963 st
514 3926 568 3982 pro
596 3906 703 3964 Flacco
728 3907 783 3964 57:
822 3908 881 3976 Quo
909 3911 964 3966 loco
992 3911 1070 3965 ctiam
1097 3916 1180 3981 atquc
1207 3910 1288 3965 etiam

199 3992 301 4063 sorite,
330 4001 360 4048 ut
381 3993 556 4049 recordamini
576 4000 630 4048 cet.
660 4001 689 4048 et
711 4012 766 4068 pro
790 3993 913 4050 Plancio
938 3994 992 4051 70:
1026 3992 1085 4060 Quo
1107 3994 1163 4049 loco
1185 4010 1289 4066 quaero

205 4094 239 4132 ee
261 4084 285 4133 ts
307 4086 337 4133 at
358 4077 418 4133 ibd.
442 4079 493 4136 71.
539 4075 600 4136 cfr.
613 4075 683 4136 Sen.
696 4078 731 4135 de
745 4078 818 4136 Ben.
833 4080 887 4147 IV,
901 4082 929 4148 4,
946 4082 972 4147 1,
996 4078 1050 4153 Ep.
1067 4079 1115 4146 14,
1129 4076 1159 4147 5,
1183 4076 1288 4136 Schel-

205 4159 285 4219 lerus
307 4182 335 4237 p.
355 4162 438 4219 5800
456 4162 524 4220 ima.
570 4159 643 4242 [Sed
667 4181 735 4220 eccs
758 4182 834 4220 nunc
858 4164 883 4220 E
906 4166 984 4222 etB
1013 4165 1061 4221 loc
1083 4164 1175 4233 modo,
1206 4161 1287 4237 quod

205 4246 343 4304 Baiterus
364 4248 486 4324 recapit.
529 4248 598 4305 Non
621 4247 738 4305 videtur
760 4258 839 4306 recte
868 4250 1046 4306 contrarium
1075 4247 1146 4323 poni
1174 4247 1233 4305 illi:
1261 4257 1288 4305 et

204 4334 263 4388 alia
284 4335 377 4403 multo,
400 4342 430 4390 et
452 4351 489 4389 ex
512 4343 645 4391 extremo
668 4334 765 4410 capite
782 4334 839 4392 huc
856 4344 1014 4391 retractum
1034 4329 1124 4412 esse]
1158 4333 1200 4391 M.
1213 4332 1287 4390 Piso

205 4416 230 4474 is
253 4417 452 4495 significatur,
482 4419 533 4493 qui
555 4419 619 4494 ipse
641 4418 672 4476 in
695 4419 799 4493 quinto
822 4419 898 4477 libro
921 4418 1123 4497 Peripatetica
1145 4417 1287 4494 explicat.
