3030 5086
215 489 351 556 XLVIII
656 496 858 553 Pannrnrro.

223 695 292 741 cum
315 676 408 741 etiam
431 675 626 740 ostenderem
650 675 721 757 (§3
743 694 773 756 p.
792 675 954 755 XXXVI),
982 676 1091 755 multa,
1114 694 1197 756 quae
1217 691 1306 739 nunc

207 775 376 848 ‘communi
395 800 551 847 consensu
568 787 727 863 tamquam
744 781 878 848 fideliter
894 782 1065 863 antiquitus
1080 789 1208 847 servata
1225 799 1305 863 pro-

223 892 386 968 barentur,
415 889 610 955 coniecturae
631 909 724 954 verae
746 908 782 954 ac
804 889 1000 955 necessariae
1022 890 1141 968 deberi;
1169 896 1306 972 eratque

226 996 315 1062 facile
336 998 389 1074 iia,
416 1015 497 1077 quae
525 996 565 1060 ibi
594 1016 613 1089 a
636 996 855 1061 recentissimis
883 996 1020 1072 librariis
1042 998 1207 1062 emendata
1229 996 1307 1075 dixi,

224 1104 288 1168 alia
311 1104 494 1184 adiungere,
524 1122 604 1184 quae
631 1122 652 1166 a
673 1113 778 1168 vetere
799 1104 904 1184 aliquo
927 1104 1046 1169 editore
1068 1112 1210 1169 correcta
1232 1120 1308 1170 esse

227 1211 317 1292 vulgo
341 1211 487 1275 nescitur.
520 1211 615 1275 Velut
631 1213 680 1281 (ut
701 1213 823 1277 duobus
844 1211 953 1276 vicinis
971 1210 1119 1291 exemplis
1136 1211 1307 1291 debrngar)

227 1318 256 1382 in
275 1319 330 1395 111,
343 1319 383 1383 28
401 1335 587 1398 quamquam
604 1320 644 1382 ad
661 1320 756 1382 verba
772 1339 810 1382 ca
826 1338 886 1399 que
903 1316 1032 1397 efflatur
1048 1317 1123 1382 nihil
1136 1318 1306 1395 Gruterus

226 1425 382 1502 DavIsius,
406 1425 607 1502 Goerenzius,
629 1426 763 1490 Orellius
785 1433 945 1502 annotant,
970 1432 1074 1489 tamen
1097 1426 1307 1490 certissImum

227 1538 291 1611 est,
320 1532 350 1596 in
374 1532 457 1596 nullo
481 1532 586 1596 codice
607 1533 653 1597 ita
675 1532 783 1611 fuisso,
812 1534 868 1598 sed
891 1533 921 1597 In
944 1533 1086 1598 omuibus
1108 1552 1145 1596 ca
1166 1552 1244 1615 qua,
1273 1537 1309 1597 et

229 1639 338 1720 paucIs
359 1639 501 1703 versibus
524 1647 605 1719 post,
626 1640 678 1705 ubi
701 1648 784 1705 recte
806 1641 909 1705 editur
931 1640 966 1703 ob
987 1660 1037 1718 eo,
1060 1640 1143 1721 quod
1166 1639 1308 1704 Orellius

228 1766 265 1811 ex
288 1765 351 1810 una
372 1746 503 1810 Victorii
529 1747 663 1811 editione
690 1747 818 1812 ascribit
844 1746 886 1809 od
906 1768 957 1825 eo,
984 1748 1016 1811 id
1044 1766 1152 1811 omnes
1179 1747 1308 1812 codices

229 1853 412 1918 habuerunt
458 1854 577 1917 Horum
600 1854 695 1935 igitur
717 1855 833 1919 codicis
854 1855 1017 1934 archetypi
1031 1854 1223 1921 ,mendorum
1245 1851 1308 1917 tol·

228 1962 405 2036 lendorum,
435 1960 463 2025 si
491 1966 531 2025 ab
553 1961 591 2025 iis
619 1961 693 2026 locis
721 1962 921 2040 dIscedimus,
955 1980 1034 2042 quos
1061 1962 1148 2042 apud
1170 1960 1310 2025 Nonium

231 2067 345 2132 rectius
367 2068 500 2147 scriptos
523 2076 596 2132 ante
613 2072 657 2149 (p.
670 2069 773 2147 XXV)
791 2070 967 2134 enumeravi
986 2071 1072 2149 (narn
1089 2068 1183 2133 ceteri
1199 2084 1309 2148 gram

233 2174 335 2239 matici
358 2174 432 2237 nihil
455 2193 512 2239 nos
535 2176 707 2256 adiuvant),
729 2177 829 2240 omnis
852 2178 931 2241 ratio
954 2177 985 2239 in
1008 2175 1185 2241 conlectura
1202 2174 1311 2255 posita

229 2288 288 2346 est
332 2284 436 2362 Atque
457 2300 552 2363 saepe
568 2283 764 2348 coniecturae
781 2283 998 2349 necessitatem
1021 2283 1091 2363 ipsa
1111 2283 1235 2347 demum
1258 2281 1309 2346 in·

232 2390 336 2453 ventio
360 2390 442 2466 eius,
465 2391 548 2469 quod
570 2390 602 2453 in
625 2391 730 2454 codice
752 2390 922 2473 archetypo
945 2391 1095 2470 scriptum
1117 2389 1225 2467 luerit,
1253 2407 1309 2453 ex·

232 2495 331 2576 pulsis
353 2497 562 2577 posteriorum
583 2497 884 2578 interpolationibus,
906 2497 999 2563 affert
1020 2505 1052 2562 et
1068 2496 1215 2573 ostendit,
1236 2513 1309 2561 cum

232 2603 263 2666 in
287 2621 323 2667 eo
345 2603 509 2684 vestigium
532 2605 598 2668 veri
620 2605 674 2681 sit,
698 2623 760 2668 non
783 2623 891 2668 verum
913 2604 1031 2686 ipsum,
1055 2602 1229 2668 cuiusmodi
1250 2608 1310 2682 est,

232 2717 269 2773 ut
295 2729 332 2774 ex
362 2729 476 2789 magna
502 2712 594 2793 copia
616 2731 711 2775 unum
732 2730 861 2792 ponam,
889 2712 965 2776 illud
991 2712 1021 2776 in
1044 2711 1106 2788 ΠΙ,
1128 2712 1185 2777 66:
1213 2707 1311 2774 eodm

233 2815 341 2898 (omes)
360 2817 546 2900 neptemque,
568 2838 626 2899 pro
648 2838 710 2900 quo
734 2819 934 2883 substitutum
957 2825 1035 2893 erat,
1056 2819 1088 2884 in
1111 2838 1173 2899 quo
1193 2835 1253 2900 per
1274 2834 1311 2882 se

234 2943 295 2988 non
324 2923 413 2990 facile
441 2927 630 3001 offenderes
658 2926 776 3003 obiecti,
804 2927 850 3009 [et
876 2927 929 3003 IV,
957 2927 999 2992 65
1026 2925 1131 3004 necat,
1158 2945 1218 3007 pro
1245 2942 1310 3007 quo

233 3031 370 3111 positum
393 3040 441 3097 ost
462 3031 645 3116 loapoeca'tl.

318 3139 534 3204 Coniecturam
556 3140 665 3221 igitur,
687 3140 746 3205 boc
768 3148 829 3218 cst,
859 3141 1104 3205 emendationem
1127 3158 1165 3205 ex
1186 3139 1312 3205 indieiIs

236 3254 401 3326 repertam,
424 3266 487 3327 qua
508 3248 615 3312 critica
637 3267 689 3312 ars
711 3247 894 3326 absolvitur,
916 3254 951 3311 ut
973 3266 1034 3311 non
1057 3248 1157 3312 solum
1174 3247 1311 3312 tradito·

235 3371 305 3416 rurn
327 3352 479 3419 delectum
502 3353 606 3432 faciat,
628 3357 682 3420 sed
699 3356 817 3419 amIssa
834 3362 967 3435 reparet,
989 3360 1021 3418 et
1036 3354 1166 3418 aliorum
1184 3361 1311 3421 secutus

235 3478 304 3523 sum
327 3467 359 3524 et
379 3462 508 3526 multum
532 3462 624 3526 etiarn
642 3480 712 3525 mea
729 3480 813 3537 usus,
835 3480 904 3526 cum
927 3466 959 3526 et
975 3461 1153 3526 testImonia
1168 3463 1312 3528 codicum

235 3566 358 3647 plenius
380 3569 557 3650 certiusque
579 3568 731 3650 exquisita
753 3568 914 3647 haberem,
942 3587 1035 3650 quarn
1058 3568 1251 3651 superiores,
1278 3575 1314 3635 et

236 3680 333 3737 totam
357 3674 514 3741 Ciceronis
536 3676 779 3757 disputationem
801 3695 969 3755 omnesque
992 3676 1161 3741 sententias
1178 3676 1311 3758 diligen·

236 3780 298 3845 tius
315 3782 554 3864 accuratiusque
570 3793 753 3864 persecutus
770 3784 845 3847 mihi
862 3783 999 3860 viderer3
1019 3783 1065 3846 uti
1080 3789 1185 3847 autern
1203 3784 1313 3848 studui

234 3896 266 3967 et
287 3888 382 3952 libere
410 3896 441 3953 et
462 3892 634 3970 prudenter
657 3901 691 3954 et
709 3891 751 3954 ad
773 3891 851 3954 artis
876 3890 1022 3972 regulam.
1067 3890 1127 3954 Odi
1151 3890 1247 3969 enim,
1275 3896 1313 3955 ut

236 3994 289 4075 qui
317 3996 462 4076 maxime,
496 3998 601 4061 inania
629 3997 875 4061 coniecturarum
903 3997 1038 4062 ludibria
1064 3996 1223 4061 bominum
1255 4003 1314 4061 aut

236 4102 449 4182 imperitorum
476 4110 532 4168 aut
557 4103 685 4180 levium,
714 4114 798 4169 certe
825 4111 893 4169 arte
921 4105 1155 4176 destitutorum,
1184 4111 1313 4185 praeter

236 4208 336 4289 ipsam
353 4211 522 4275 vanitatem
539 4212 588 4276 vel
610 4212 778 4292 praecipue
801 4212 839 4275 ob
859 4228 926 4276 carn
944 4229 1079 4289 causam,
1101 4212 1186 4292 quod
1203 4228 1311 4276 neces·

235 4315 352 4380 sariam
375 4324 498 4397 partem
520 4319 645 4384 criticae
668 4319 699 4382 in
721 4319 867 4383 invidiam
890 4321 1056 4383 adducunt.
