3030 5086
214 450 278 514 744
607 467 649 512 on
672 465 803 512 sunmns
827 464 898 510 aon.

215 639 322 715 Quare
345 636 371 699 si
393 620 590 714 potestesse
613 632 724 699 beatus
745 633 787 711 is,
815 632 869 714 qui
897 632 998 697 estin
1021 632 1143 714 asperis
1165 631 1309 698 reicien-

216 739 327 818 disque
350 736 453 815 rebns,
477 742 583 817 potest
601 736 627 800 is
645 754 769 817 quoqne
787 752 866 813 esse,
889 734 942 815 qni
959 740 1008 799 est
1023 735 1054 798 in
1072 737 1178 816 parvis
1195 735 1307 800 malis.

214 840 257 903 Et
279 857 352 918 ego:
375 838 459 916 Piso,
482 839 617 918 inquam,
640 838 667 901 si
690 844 739 901 est
759 837 933 917 quisquam,
956 836 1009 917 qni
1031 846 1122 902 acute
1142 837 1308 902 incensis

216 942 324 1005 videre
346 940 459 1017 soleat,
489 958 570 1019 qnae
592 956 643 1003 res
665 947 791 1018 agatur,
819 939 845 1002 is
872 957 906 1002 es
934 937 1074 1019 proiecto
1102 944 1145 1003 tu.
1190 941 1307 1019 Quare

176 1042 353 1120 battende,
376 1059 503 1122 quaeso.
547 1040 628 1104 Nam
650 1040 762 1118 adhuc,
784 1058 853 1105 meo
876 1039 1011 1104 tortasse
1033 1041 1117 1118 vitio,
1138 1041 1215 1122 quid
1238 1058 1305 1121 ego

215 1162 376 1225 quaeram,
399 1160 461 1207 non
479 1141 640 1223 perspicis.
674 1143 749 1206 Istic
766 1161 843 1221 sum,
867 1141 975 1222 inquit,
998 1149 1197 1223 expectoque,
1219 1141 1306 1224 quid

199 1246 256 1309 ad
279 1245 321 1324 id,
344 1245 429 1325 quod
451 1244 649 1325 quaerebam,
673 1244 876 1324 respondeas.

203 1382 207 1392 ·
300 1347 431 1412 XXVII.
461 1347 510 1410 79.
539 1344 766 1429 Respondebo,
795 1364 845 1409 me
873 1363 935 1409 non
963 1364 1129 1431 quaerere,
1157 1345 1303 1427 inquam,

216 1449 274 1513 hoc
292 1456 441 1529 tempore,
464 1449 539 1529 quid
557 1447 657 1512 uirtus
679 1446 803 1513 efficere
818 1447 927 1528 possit,
950 1447 1005 1512 sed
1022 1446 1097 1527 quid
1114 1453 1305 1511 constanter

157 1554 200 1620 10
217 1550 358 1628 dicatur,
385 1549 460 1630 qnid
483 1550 585 1631 ipsum
608 1569 629 1613 a
651 1569 685 1614 se
707 1549 881 1615 dissentiat.
926 1551 1009 1628 Quo,
1037 1547 1152 1630 inquit,
1178 1548 1304 1613 modo?

216 1652 313 1730 Quia,
342 1669 412 1715 cum
435 1671 454 1716 a
476 1652 614 1730 Zenone,
642 1652 784 1732 inquam,
811 1651 871 1714 hoc
892 1647 1054 1732 magnifice
1075 1657 1234 1731 tamquam
1257 1669 1304 1715 ex

290 1838 471 1887 aeroma
521 1837 716 1902 saporare
752 1838 893 1887 esromc
942 1836 1127 1887 stromn
1173 1837 1303 1890 4.ir'sex

212 1906 364 1969 prosectuL
408 1923 433 1955 ee
456 1906 545 1955 onuP
605 1906 671 1955 brit
696 1924 722 1955 eo
744 1905 802 1972 (pro
824 1905 926 1963 meolR
969 1904 1077 1968 quodid
1134 1911 1156 1956 6,
1180 1905 1251 1955 retine
1276 1905 1300 1954 [a

215 1973 280 2036 quod
298 1974 321 2021 E
363 1979 384 2024 7.
404 1991 518 2037 quaeram
537 1989 631 2034 omnes,
650 1974 693 2025 Or.
731 1978 753 2025 9.
770 1974 846 2039 poerit
864 1973 956 2035 efficere
975 1972 1041 2024 cor.
1082 1977 1117 2023 lo.
1141 1971 1193 2030 Quo
1212 1974 1303 2038 plear,

216 2041 299 2104 inquit,
317 2041 385 2091 niodo
404 2043 537 2093 LPCROr.
580 2048 616 2091 ll.
635 2042 678 2090 boc
696 2059 744 2092 om.
766 2042 786 2091 L

213 2200 324 2253 rniru'rno
346 2198 466 2274 adiungi
490 2217 576 2273 posse
595 2201 678 2273 plane
700 2197 825 2255 videtur.
859 2197 954 2255 Panlo
972 2210 1048 2271 post,
1072 2198 1122 2254 nbi
1141 2207 1199 2254 est:
1224 2217 1303 2272 quae

137 2330 139 2335 ⁴
213 2301 257 2338 rea
289 2293 389 2356 apator
415 2285 456 2356 (et
489 2301 607 2339 cansam
641 2283 931 2357 controversiamque
958 2281 1063 2351 facian
1096 2282 1149 2340 cir.
1179 2284 1226 2352 11,
1253 2283 1300 2356 3),

213 2365 325 2424 frustra
349 2368 524 2424 Lambinus:
548 2388 603 2443 qna
626 2371 659 2425 de
683 2388 720 2426 re.

300 2455 374 2526 qnod
395 2452 570 2530 quaerebam)
593 2454 681 2527 paulo
703 2463 781 2522 ante,
805 2463 896 2509 atrurn
917 2453 964 2508 tibi
985 2473 1036 2508 non
1054 2455 1183 2529 placeret,
1206 2455 1301 2510 virtu·

153 2588 158 2593 .
213 2539 280 2593 tisim
302 2557 359 2594 ecee
381 2548 482 2594 tantam
505 2543 558 2594 einr
580 2548 634 2594 cet.
670 2538 747 2595 Nam
770 2538 806 2593 ad
826 2556 891 2594 eam
911 2537 1169 2612 interrogationem
1187 2556 1297 2613 pamm

212 2621 270 2678 sibi
293 2623 430 2679 distincte
453 2642 625 2698 responsum
643 2624 715 2680 Piso
732 2623 851 2679 iudicat.
884 2623 989 2696 Itaque
1007 2623 1044 2679 ad
1061 2623 1184 2680 eandem
1200 2624 1299 2680 inter-

212 2707 395 2782 rogationem
420 2708 546 2764 refertnr
569 2707 720 2766 Ciceronis
744 2726 929 2782 responsum:
962 2708 1134 2783 Respondebo
1155 2720 1211 2765 cet.
1258 2709 1298 2766 In

212 2809 244 2846 re
263 2791 419 2849 manifesta
435 2794 550 2849 correxi
569 2793 701 2850 codicum
720 2793 866 2854 mendum,
890 2792 967 2866 quod
985 2793 1113 2850 editores
1131 2793 1173 2850 ita
1190 2802 1298 2850 tenue·

213 2889 295 2943 runt,
326 2888 359 2933 ut
382 2898 417 2934 ne
441 2877 597 2934 offendisse
625 2879 743 2952 quidem
766 2895 816 2934 eos
839 2877 998 2951 quidquam
1023 2878 1166 2936 videatur.
1213 2879 1297 2936 Nam

212 2962 417 3020 coniunctivns
441 2964 544 3020 modus
568 2963 597 3019 in
621 2964 675 3019 hac
698 2963 846 3019 oratioue:
869 2965 908 3018 od
925 2965 963 3032 id,
987 2965 1061 3037 qnod
1077 2983 1217 3037 quaeram,
1242 2963 1296 3021 Pi·

212 3064 283 3103 sone
306 3047 566 3124 interrogationem
591 3058 700 3105 certam
723 3067 741 3104 a
763 3066 795 3104 se
817 3058 885 3104 ante
909 3048 1073 3122 expositam
1098 3048 1297 3124 significante,

212 3130 281 3188 ferri
299 3133 381 3189 nullo
400 3133 486 3189 modo
503 3142 614 3208 potest3
633 3132 764 3189 futurum
783 3143 879 3189 autem
898 3143 1014 3207 tempus
1031 3133 1056 3190 si
1074 3132 1295 3209 intellegemus,

210 3234 332 3297 prorsus
354 3218 477 3274 ridicule
502 3219 571 3275 Piso
594 3219 772 3294 expectabit,
795 3218 865 3291 quid
883 3217 988 3276 Cicero
1006 3218 1043 3274 ad
1061 3237 1105 3287 ea,
1127 3237 1203 3293 quae
1226 3219 1296 3295 ipse

211 3302 339 3357 nondum
363 3303 520 3376 qnaesivit,
544 3304 595 3360 sed
618 3304 805 3377 quaesiturus
828 3312 880 3368 est,
903 3321 1097 3378 responsurus
1114 3303 1160 3371 eit,¹
1184 3302 1296 3363 Cicero

210 3396 308 3442 antem
332 3388 369 3443 ad
392 3388 431 3456 id,
456 3389 534 3462 quod
557 3389 628 3445 Piso
651 3389 837 3461 quaesiturus
859 3398 913 3456 est,
936 3397 1004 3444 ante
1027 3389 1217 3464 respondebit
1235 3391 1295 3464 (re-

209 3473 344 3545 ¹rponolebo
363 3477 439 3546 cet),
459 3492 556 3547 quam,
571 3474 641 3547 qnid
658 3474 705 3541 sit,
723 3473 858 3529 audierit.
893 3475 1029 3548 Apparet
1046 3493 1175 3548 quoerant
1191 3483 1294 3533 ortum

210 3574 274 3612 esse
304 3576 341 3613 ex
371 3559 505 3633 proximo
528 3561 608 3632 (quid
634 3579 680 3632 eqo
708 3562 858 3632 quaeram).
904 3559 937 3614 In
967 3559 1089 3615 eandem
1113 3560 1293 3618 sententiam

209 3653 333 3698 venerat
356 3644 592 3719 Wesenbergins.
618 3662 698 3700 meae
722 3645 907 3700 coniecturae
930 3644 1059 3719 ignarus.

296 3728 368 3803 Cap.
381 3729 516 3789 XXVII.
531 3730 579 3786 79.
603 3731 708 3802 efficere
721 3727 821 3805 poerit)
839 3729 889 3785 Sic
907 3737 934 3784 ot
953 3730 1069 3786 codices
1083 3728 1291 3802 (omneanii,

208 3812 311 3880 vind,
335 3810 404 3893 [8])
428 3824 456 3869 et
479 3814 593 3888 aliquot
615 3824 684 3871 vett.
704 3815 768 3871 edd.
788 3816 903 3886 (Mars,
927 3814 1035 3887 Crat.);
1058 3815 1133 3871 elter
1154 3815 1227 3872 ordo
1250 3835 1291 3873 ex

209 3897 254 3953 ed.
273 3899 368 3974 primo
386 3899 422 3955 ad
442 3900 519 3955 Man.
539 3909 568 3955 et
585 3909 699 3957 ceteros
717 3909 896 3975 propagatus
913 3911 966 3955 est.
1002 3900 1116 3957 Deinde
1133 3919 1170 3957 ex
1183 3900 1245 3958 Erl.
1260 3910 1293 3958 et

210 3981 251 4060 [B
269 3982 313 4060 et]
326 3985 395 4040 Bas.
415 3985 535 4059 scripsi:
562 3984 629 4053 Quo,
653 3989 748 4059 inquit,
770 3987 848 4043 modo
867 3984 931 4059 (cir.
954 3985 1003 4054 86,
1026 3985 1081 4054 IV,
1101 3986 1168 4059 75);
1192 4003 1291 4061 neque

208 4069 284 4124 eninr
309 4069 458 4126 conclusio
482 4070 542 4126 ulla
565 4079 619 4128 est.
665 4070 832 4138 Particula,
856 4089 942 4142 quarn
966 4071 1004 4125 ab
1027 4071 1163 4128 omnibns
1185 4071 1291 4129 melio·

207 4153 289 4210 ribus
313 4156 416 4211 abesse
440 4166 511 4229 puto
529 4156 600 4227 (etsi
624 4174 639 4210 e
664 4156 741 4231 Spir.
767 4156 839 4212 nibil
864 4166 994 4211 notatum
1016 4155 1110 4214 Gaius
1132 4156 1225 4230 dicit),
1250 4176 1290 4214 ex

206 4241 293 4312 inquit
315 4250 381 4296 orta
404 4240 527 4297 videtur.

297 4324 377 4391 Qutio,
401 4345 459 4382 cnm
484 4346 501 4380 o
525 4328 630 4382 Zenone
651 4325 721 4402 cet.)
745 4325 815 4393 Quia
839 4326 875 4381 ad
896 4336 1061 4401 utrumqne,
1085 4326 1163 4401 quod
1181 4326 1291 4386 Cicero

206 4407 338 4479 dixerat,
361 4410 503 4481 refertur,
532 4414 600 4486 quid
621 4421 773 4468 constanter
794 4413 915 4477 dicotur,
939 4415 1008 4486 qnid
1029 4416 1117 4487 speum
1138 4432 1156 4468 o
1177 4431 1206 4469 ae
1227 4414 1291 4471 die·
