3030 5086
461 497 505 543 nn
529 496 609 543 uun.
632 496 695 542 nus.
718 497 728 542 1
752 496 825 545 cle.
846 500 886 547 no.
902 497 1033 557 (ss-er.)
1227 478 1290 543 125

216 664 326 745 quibus
360 682 422 728 non
456 663 555 727 solum
583 658 802 744 praesentibus
830 663 990 743 fruuntur,
1023 663 1080 728 sed
1113 663 1206 728 etiarn
1234 680 1291 743 ape

215 766 377 847 eriguntur
393 765 612 846 consequentis
629 783 667 830 aa
683 765 801 847 posteri
817 765 976 847 temporis.
1006 765 1099 845 Quod
1116 765 1190 846 quia
1206 764 1291 829 nullo

216 868 308 935 modo
331 868 398 932 sine
419 867 555 932 amicitia
576 865 700 932 firmam
716 874 749 932 et
763 874 948 951 perpetuam
964 868 1190 932 iucunditatem
1207 866 1291 932 vitae

217 977 321 1035 tenere
348 987 516 1050 possumus
544 987 645 1051 neque
672 988 747 1035 vero
774 971 876 1050 ipsam
902 970 1069 1036 amicitiam
1095 970 1192 1049 tueri,
1221 970 1290 1034 nisi

216 1090 317 1152 aeque
332 1071 449 1135 amoos
461 1080 493 1136 et
504 1077 628 1136 nosmet
642 1071 731 1152 ipsos
742 1071 915 1153 diligamus,
932 1070 1048 1136 ideirco
1065 1079 1098 1136 et
1112 1071 1172 1136 hoo
1188 1071 1292 1153 ipsum
1308 1075 1330 1139 5

216 1171 349 1238 efficitur
377 1173 408 1236 in
435 1173 570 1238 amicitia
597 1179 630 1238 et
650 1173 786 1238 amicitia
814 1191 883 1238 auin
905 1173 1067 1256 voluptate
1089 1172 1290 1238 connectitur.

216 1275 297 1340 Nam
325 1280 356 1340 et
376 1274 531 1338 laetamur
553 1275 721 1338 amicorum
748 1274 867 1340 laetitia
887 1293 988 1357 aeque
1009 1281 1104 1356 atque
1126 1281 1237 1339 nostra
1258 1281 1290 1339 et

289 1452 308 1496 t.
325 1461 370 1508 pro
385 1461 467 1510 praes.
488 1444 511 1493 E
546 1450 571 1497 ll.
588 1445 697 1509 tempon'e
715 1462 746 1494 uc
760 1452 823 1510 poet.
841 1445 861 1493 Ι,
897 1450 921 1494 3.
941 1445 988 1495 nite
1004 1455 1027 1495 te
1044 1445 1159 1494 terrereE
1195 1451 1217 1494 4.
1235 1460 1291 1509 pos·

217 1514 331 1563 simaell
366 1530 407 1562 nec
424 1531 479 1563 vero
498 1511 563 1564 cur.
583 1529 656 1576 neque
674 1515 762 1563 nonR
795 1512 843 1577 spei
861 1514 917 1579 (pro
935 1512 992 1576 nisi)
1013 1511 1077 1594 [AJP
1119 1518 1142 1565 5.
1161 1522 1186 1562 ut
1204 1514 1293 1563 arados

217 1590 238 1630 et
258 1581 277 1630 L
296 1581 384 1630 amicos
402 1584 473 1632 aeli
507 1581 631 1647 nosipsos
651 1582 672 1632 C
707 1587 729 1630 6.
751 1580 783 1648 [et
801 1582 1070 1641 amiciiaom.A31u
1089 1581 1173 1643 mgine
1191 1582 1294 1630 additur

219 1649 335 1715 amicicie}
374 1654 396 1702 7.
417 1650 501 1716 [leticie
519 1650 567 1716 ll¹]
604 1667 678 1714 aeque
695 1659 720 1699 nt
738 1658 821 1699 nostra
840 1651 936 1700 LPMR
953 1666 1028 1714 aeque
1045 1667 1076 1699 ac
1093 1666 1115 1701 n.
1136 1650 1157 1702 C

218 1809 261 1874 sit,
279 1809 490 1881 praetermittere
513 1816 578 1876 cet,
601 1825 654 1882 pro
678 1806 763 1864 Balb.
789 1808 824 1864 2:
848 1806 927 1863 Ntltt
946 1825 1075 1880 nmquam
1096 1806 1198 1875 audivi,
1220 1806 1295 1880 quoti

218 1892 285 1948 milri
304 1893 337 1947 de
358 1894 416 1948 iure
438 1892 561 1948 subtilius
583 1893 639 1948 diei
653 1893 797 1963 videretur,
812 1924 850 1935 -
868 1892 936 1948 nihil
951 1892 984 1948 de
1000 1891 1153 1965 republica
1172 1893 1293 1964 pravius,

219 1978 286 2032 nihil
311 1978 346 2033 de
372 1981 430 2051 ipso
452 1976 577 2049 (idest,
606 1976 642 2033 de
670 1977 735 2052 ipso
763 1977 891 2050 dicente)
919 1978 1078 2044 medaeam
1112 1974 1294 2034 Garatonius

219 2061 360 2117 malebat:
383 2063 417 2118 de
439 2080 467 2118 ee
488 2064 561 2137 ipae,
585 2062 830 2136 quemadmodum
854 2063 869 2118 I
891 2062 928 2119 de
950 2062 1015 2120 Iuv.
1039 2061 1094 2131 30,
1117 2061 1169 2119 ubi
1190 2060 1294 2122 itidem

218 2150 306 2222 ipsam
329 2161 373 2203 eet
394 2150 482 2222 ipsum
504 2149 631 2204 dicentem
648 2147 733 2220 (aaut
754 2148 856 2220 selbot),
880 2147 970 2204 Iunta
988 2156 1018 2203 et
1034 2146 1138 2203 Lamb.
1162 2165 1190 2202 ae
1206 2149 1294 2221 ipsum

219 2231 381 2288 ediderunt.
426 2230 509 2309 [Non
531 2250 599 2289 raro
632 2232 674 2289 sic
703 2233 822 2307 ponitur
849 2251 891 2303 ee,
920 2251 986 2289 anua
1014 2231 1092 2307 apud
1121 2231 1293 2307 gerundium

218 2317 466 2392 gerundivumve‚
502 2327 536 2374 ut
562 2317 601 2374 N.
623 2315 662 2375 D.
685 2318 748 2388 ΙΙΙ,
773 2318 827 2374 88:
861 2337 879 2375 a
912 2334 942 2374 ee
973 2319 1032 2392 ipso
1059 2317 1216 2374 adtuendam
1237 2334 1295 2373 esse

219 2398 402 2478 sapientiora]
634 2473 637 2477 .
1234 2416 1235 2420 ’

309 2486 389 2554 Quod
404 2490 469 2560 qnia
485 2488 557 2543 nullo
573 2485 664 2560 modo)
683 2487 773 2544 Recte
790 2486 970 2544 Matthiaeus
987 2494 1119 2552 annotat,
1141 2503 1200 2544 non
1219 2485 1295 2543 alius

216 2571 333 2647 generis
355 2572 430 2628 hane
453 2589 517 2628 esse
540 2589 657 2642 vocem,
686 2589 762 2645 quae
790 2571 1046 2630 coniunctionibus
1073 2590 1111 2628 ex
1133 2570 1295 2628 abundanti

217 2656 422 2731 praeponitur,
451 2656 507 2713 nisi
539 2656 801 2729 quodsententias
822 2657 989 2733 coniungit,
1017 2665 1106 2730 atqua
1133 2673 1295 2731 pronomen

216 2740 299 2809 illud,
323 2741 402 2815 qnod
424 2741 510 2798 initio
532 2741 695 2798 sententiae
717 2743 760 2798 sie
782 2742 902 2818 ponitur
924 2742 962 2798 ad
984 2741 1139 2818 superiora
1159 2741 1295 2811 relatum,

128 2824 134 2834 '
217 2838 250 2882 ut
277 2826 383 2883 deinde
411 2836 474 2884 tota
496 2826 596 2901 aliqua
618 2827 764 2884 sententia
786 2827 960 2903 explicetur.
1006 2826 1066 2885 Sed
1088 2825 1201 2902 origine
1223 2827 1296 2883 haee

218 2909 320 2967 eadem
343 2920 420 2979 sunt,
444 2930 502 2968 non
526 2912 556 2968 in
579 2912 703 2987 singulis
726 2911 809 2972 loeis.
844 2910 917 2982 cfr..
941 2930 1017 2986 quas
1040 2911 1149 2987 Opuso.
1173 2911 1297 2969 Acadl

218 3015 245 3070 p.
271 2996 332 3052 514
361 2996 423 3052 dixi
446 2996 482 3053 de
505 2997 643 3072 ambigua
666 2996 753 3054 huius
776 2997 857 3054 vocis
884 2997 914 3053 in
944 2997 1058 3070 aliquot
1084 2996 1157 3053 locis
1180 3007 1295 3053 natura.

302 3084 401 3138 amoos
423 3092 448 3138 et
469 3091 568 3138 nonnet
584 3083 670 3156 speon)
689 3082 758 3141 Urs.
775 3083 839 3139 eod.
859 3092 896 3148 et.
920 3082 999 3156 qnod
1018 3082 1117 3153 miror,
1138 3081 1213 3137 Eli
1233 3081 1296 3156 (sed
1325 3119 1349 3137 ,

217 3164 344 3223 fortasse
367 3165 424 3223 fuit
449 3169 478 3240 1)
500 3186 533 3224 ae
555 3187 637 3223 norm.
681 3167 717 3224 In
740 3167 796 3224 hae
820 3167 993 3241 quaestione
1023 3167 1059 3223 de
1086 3176 1111 3223 et
1139 3176 1297 3242 proutque

218 3252 315 3327 posita
345 3260 412 3327 post
438 3272 523 3327 aeque
546 3270 600 3308 neo
623 3252 759 3310 Handius
781 3253 883 3326 (Tura.
905 3253 922 3310 I
945 3272 973 3328 p.
995 3252 1066 3327 190)
1088 3270 1142 3308 nee
1166 3250 1238 3310 Otto
1260 3251 1297 3308 ed

218 3336 247 3395 h.
261 3337 280 3393 l.
304 3337 376 3392 satis
399 3337 535 3394 distinxit
557 3356 608 3394 eos
630 3337 721 3407 loeus,
744 3338 775 3394 in
798 3337 958 3412 quibusda
976 3337 1117 3395 subiectis
1135 3336 1297 3393 coniunctis

219 3422 332 3478 dicatur
354 3442 445 3495 aeque,
469 3432 501 3479 nt
523 3422 598 3480 nihil
620 3417 741 3498 prorsus
758 3422 907 3498 singulare
925 3422 1075 3496 eit‘(velnt
1086 3422 1174 3479 Tuae.
1187 3422 1228 3487 Π,
1242 3423 1297 3479 62:

218 3509 322 3563 eoadem
345 3508 448 3564 lnbwee
471 3528 522 3564 uon
544 3527 601 3565 eoae
622 3527 706 3582 aeque
725 3527 823 3582 praees
845 3511 1004 3583 imperatori
1024 3518 1048 3564 et
1069 3510 1168 3580 mitte),
1191 3507 1229 3563 ab
1250 3507 1297 3576 iis,

219 3592 248 3648 in
272 3592 379 3666 quibus
403 3611 439 3647 ex
458 3593 615 3650 verborum
638 3593 736 3667 positu
753 3593 921 3666 (interiecto
937 3595 1033 3667 aeque)
1051 3603 1081 3649 et
1096 3611 1134 3649 ex
1151 3592 1298 3649 sententia

220 3676 408 3751 intellegatur
441 3697 525 3752 neque
557 3678 595 3734 ad
623 3677 748 3735 alterum
777 3678 942 3735 subiectum
971 3678 1119 3754 pertinere
1147 3688 1178 3734 et
1204 3676 1298 3733 adid

218 3760 323 3818 referri
346 3771 383 3827 et.
407 3772 439 3819 ut
461 3764 515 3831 1v,
541 3764 581 3820 64
604 3765 689 3835 (caeci
708 3783 793 3838 aeque
814 3774 839 3820 et
860 3766 894 3834 ii,
917 3765 1064 3838 quimatio
1085 3765 1171 3834 nuti);
1199 3762 1228 3818 in
1252 3761 1298 3818 his

219 3856 264 3903 est
286 3847 364 3902 enirn
388 3847 476 3918 illud,
505 3848 584 3922 qnod
606 3848 755 3924 singulare
778 3857 912 3924 putatur,
941 3866 1119 3923 quamquam
1144 3866 1182 3904 ex
1204 3846 1298 3903 altero

219 3942 316 3989 ortum
339 3943 392 3988 est.
426 3933 462 3989 ln
485 3933 660 4006 quibusdam
684 3933 756 3990 locis
779 3933 870 3990 dubia
886 3933 962 3990 ratio
980 3945 1035 4003 est,
1058 3933 1138 3990 utin
1156 3933 1220 4000 hoe,
1243 3931 1299 3988 etsi

220 4017 313 4092 magis
336 4017 373 4072 ad
396 4017 520 4091 alterum
543 4037 635 4095 genus
657 4018 801 4075 inclinare
824 4018 971 4075 videtur«
995 4017 1057 4077 cfr.
1080 4017 1117 4074 ad
1139 4018 1181 4086 Π,
1207 4017 1256 4072 21.

304 4121 389 4176 aeque
410 4113 491 4177 atque
513 4103 619 4177 nostra)
643 4103 707 4173 sic,
737 4113 770 4160 ut
797 4102 859 4160 fere
887 4104 925 4160 ab
953 4103 1090 4160 omnibns
1112 4102 1222 4160 editum
1246 4111 1299 4164 est.

220 4186 308 4243 etiam
327 4185 414 4264 [AB]
434 4188 510 4262 Spir.
545 4188 716 4245 Deterioree
734 4188 793 4260 (El.
811 4198 944 4262 uterque,
964 4188 1072 4246 Mead..
1091 4185 1169 4245 Oxx.
1188 4205 1299 4257 omnes,

219 4270 288 4330 Gzii
313 4282 430 4347 praeter
452 4273 525 4330 duos
548 4272 627 4346 illos)
655 4292 739 4348 aeque
766 4284 795 4330 ut
821 4283 929 4344 nostro,
959 4273 1038 4347 qnod
1062 4272 1154 4331 Gaius
1179 4272 1299 4348 recepit,

218 4368 321 4414 contra
345 4356 497 4416 Ciceronis
527 4368 556 4414 et
584 4359 771 4433 antiquorum
800 4377 901 4428 usum3
930 4358 990 4415 vid.
1014 4357 1111 4416 Hand.
1139 4358 1155 4415 1
1177 4377 1206 4434 p.
1230 4358 1299 4426 192,
1346 4370 1352 4382 '

219 4442 270 4500 nbi
293 4443 373 4517 quod
396 4444 504 4501 citatur
526 4443 614 4501 loeus.
626 4462 664 4501 ex
681 4452 756 4503 orat.
775 4463 829 4520 pro
848 4442 935 4503 domo
950 4444 1000 4515 30,
1022 4444 1053 4501 in
1076 4461 1135 4519 quo
1157 4443 1302 4518 sitneque
