3030 5086
404 1476 653 1570 PRAEFATIO
683 1476 898 1572 tullionis
928 1476 1108 1569 Pulnnu.

219 1781 298 1894 Duo
320 1834 407 1905 sunt,
435 1828 561 1908 opinor,
588 1846 669 1908 quae
690 1829 822 1895 lectores
850 1848 869 1894 a
891 1847 941 1894 me
962 1829 1109 1894 hocloco
1132 1829 1292 1909 requirent

217 1948 286 2016 aut,
308 1937 335 2002 si
357 1955 419 2001 non
441 1936 601 2016 requirent
623 1936 691 2017 ipsi,
714 1936 847 2019 rogandi
869 1937 943 2001 milri
966 1945 1054 2016 eunt,
1082 1942 1118 2001 ut
1138 1937 1288 2003 benevolo

216 2046 319 2110 auimo
342 2054 374 2109 et
394 2050 514 2109 attento
537 2045 698 2126 accipiant.
734 2045 814 2109 Nam
837 2045 972 2126 primum
994 2044 1157 2110 dicendum
1180 2051 1229 2110 est
1250 2046 1290 2110 de

215 2153 326 2218 horum
342 2152 501 2230 librorum,
519 2170 597 2233 quos
610 2151 717 2217 (litero
735 2154 776 2218 de
791 2151 904 2218 finibus
921 2153 1073 2218 bonorum
1090 2153 1288 2218 etmalorum

215 2261 350 2342 scripsit,
367 2259 583 2325 emendatione
600 2268 631 2324 ct
642 2261 841 2325 enarratione
858 2271 889 2325 et
901 2261 1065 2325 universae
1076 2278 1192 2341 operae
1208 2279 1290 2326 ame

217 2370 248 2432 in
271 2369 309 2433 iis
331 2368 454 2448 positae
475 2368 555 2432 ratio
572 2368 617 2432 sic
632 2368 825 2450 explicando,
848 2376 891 2446 ut,
914 2386 994 2448 quae
1012 2368 1043 2432 in
1061 2369 1290 2435 commentariis

217 2477 359 2557 disperse
380 2477 485 2557 posita
507 2485 588 2555 sunt,
610 2495 648 2541 ea
670 2477 710 2540 ad
733 2494 807 2541 suas
826 2493 937 2541 causas
954 2476 1125 2556 generatim
1143 2483 1290 2543 revocata
1325 2548 1328 2555 ,

216 2594 247 2650 et
259 2583 393 2664 intellegi
403 2584 524 2664 plenius
536 2591 568 2648 et
583 2584 713 2649 iudicari
730 2585 844 2649 rectius
861 2583 991 2665 possint
1025 2586 1093 2664 Quo
1110 2585 1177 2650 loco
1195 2585 1289 2650 etiam

216 2693 291 2757 illud
322 2690 445 2758 efficere
466 2693 615 2772 correbor,
643 2698 678 2756 ut
706 2691 834 2757 libertas
864 2692 1018 2773 quaedam
1046 2699 1078 2756 et
1105 2692 1289 2773 simplicitas

215 2800 321 2865 iudicii
344 2807 376 2864 et
397 2799 556 2875 orationis,
578 2820 599 2865 a
621 2818 684 2881 qua
706 2818 745 2864 ne
766 2800 816 2864 hic
838 2799 963 2881 quidem
986 2799 1155 2878 discedam,
1178 2800 1288 2866 merito

216 2918 246 2973 et
268 2908 446 2973 necessario
467 2907 608 2972 adhibita
625 2926 694 2972 esse
711 2907 861 2972 uideatur.
894 2906 1025 2985 Deinde,
1048 2925 1128 2988 quae
1145 2909 1186 2973 de
1203 2907 1288 2974 (lice-

216 3016 336 3080 roniani
365 3015 470 3096 operis
500 3015 600 3080 forma
627 3023 722 3096 atque
749 3014 958 3096 descriptione
985 3015 1064 3080 scitu
1087 3017 1180 3097 digna
1202 3016 1288 3082 vide·

216 3125 331 3188 buntur
359 3142 458 3203 neque
485 3123 514 3186 iu
539 3124 766 3189 commentariis
794 3130 849 3187 aut
875 3140 933 3204 per
960 3141 1109 3187 excursus
1138 3124 1288 3204 exposita,

216 3231 476 3312 comprehendam
505 3240 537 3296 et
564 3233 602 3296 ab
629 3232 667 3296 iis
694 3234 734 3295 ad
762 3232 848 3312 ipsos
875 3231 970 3295 libros
998 3230 1129 3295 lectores
1157 3231 1287 3297 mittam.

217 3339 277 3405 Sed
299 3339 387 3420 prior
403 3339 454 3403 illa
471 3339 652 3419 disputatio,
675 3338 762 3403 cuius
779 3358 891 3421 magna
907 3357 982 3419 pars
999 3346 1173 3419 apparatus
1190 3338 1315 3405 critici*

216 3447 419 3528 explicatione
436 3446 653 3525 continebitur,
670 3465 739 3512 cum
757 3465 815 3511 sua
831 3455 945 3511 natura
958 3445 1107 3511 maiorem
1118 3446 1286 3512 necessita·

217 3566 277 3619 tem
301 3555 413 3618 habeat
436 3572 529 3635 quam
556 3554 789 3620 delectationem
812 3554 841 3618 in
862 3555 955 3618 rebus
972 3553 1097 3618 minutis
1120 3572 1177 3634 per
1199 3555 1285 3620 amb-

216 3682 289 3743 ages
312 3662 551 3743 persequendis,
579 3668 643 3725 tum
666 3662 824 3727 molestior
845 3661 893 3741 fit,
922 3662 1007 3742 quod
1029 3661 1099 3742 plus
1121 3662 1285 3726 verborum

216 3771 457 3835 consumendum
480 3770 579 3834 estin
603 3788 712 3834 eorum
730 3770 868 3833 codicum
887 3769 1185 3846 commemoratione,
1207 3788 1286 3850 quos

217 3897 325 3958 parum
349 3877 499 3956 norimus,
522 3897 615 3958 quam
638 3878 669 3942 in
691 3895 807 3954 eorum,
830 3895 960 3956 quorum
983 3876 1093 3956 plenus
1116 3894 1191 3940 usus
1213 3895 1286 3942 con·

218 4004 322 4050 cossus
339 3992 395 4050 est.
435 3986 544 4066 ltaque
562 3986 720 4067 deprecor,
738 4003 861 4049 nemea
878 3984 1071 4048 existimetur
1088 3984 1187 4064 culpa,
1205 4003 1285 4065 quae

218 4093 408 4174 superiorum
432 4103 488 4157 est.
501 4095 529 4169 ¹)

245 4312 265 4367 1)
286 4308 423 4374 [Ornaedam
445 4323 513 4360 nunt
534 4311 574 4359 inlr
595 4309 647 4359 llllc
666 4307 797 4374 contraxi]
