3030 5086
254 469 320 536 430
645 488 690 533 nn
712 486 844 534 rmrsus
867 487 938 534 son.

254 655 348 720 ullam
371 673 440 720 esse
463 654 645 735 diceremus,
669 654 909 720 eonfimderetur
932 654 1032 718 omnis
1050 654 1123 733 vite,
1145 660 1180 718 ut
1201 654 1242 720 eh
1259 653 1334 718 Ari·

255 767 358 836 stone,
381 775 482 838 neque
503 756 599 821 ullum
623 757 795 838 sapientiae
816 774 929 822 munus
951 762 1007 821 aut
1028 774 1108 836 opus
1130 755 1334 833 inveniretur,

254 876 324 921 curn
351 856 432 921 inter
455 876 510 932 >res
534 877 603 937 ees,
630 877 710 939 quse
738 858 896 923 advitam
925 858 1101 939 degendam
1127 857 1333 939 pertinerent,

253 957 329 1022 nihil
351 959 475 1023 omnino
494 960 659 1025 interesset
681 978 781 1041 neque
798 960 893 1023 ullum
910 959 1054 1024 dilectum
1077 958 1219 1023 adhiberi
1237 975 1354 1039 opor-,

112 1141 113 1145 Ἰ
214 1064 341 1128 bberet
386 1061 497 1141 ltaque
525 1080 595 1126 eum
621 1067 706 1127 esset
727 1061 804 1125 setis
827 1061 1044 1140 constitutum,
1071 1060 1105 1124 id
1132 1059 1232 1125 solum
1260 1077 1333 1123 esse

328 1321 346 1363 l.
365 1324 386 1365 et
405 1314 587 1378 confunderetur
604 1316 648 1363 Or.
684 1319 706 1365 9.
723 1314 878 1379 pmincntL
915 1322 938 1364 4.
957 1332 1003 1364 non
1020 1313 1132 1365 ullumC

253 1539 341 1596 rebus
363 1549 560 1608 versarentur,
584 1539 767 1613 explicarent
790 1538 884 1611 (Stob.
898 1538 960 1597 Ecl.
975 1538 1042 1594 Eth.
1055 1558 1083 1613 p.
1100 1538 1167 1594 190.
1182 1538 1254 1607 218,
1268 1537 1330 1595 236

254 1625 304 1691 Η.,
328 1624 381 1682 cfr.
395 1624 456 1682 Cic.
469 1625 564 1684 head.
578 1626 602 1693 Ι,
617 1625 678 1696 37).
701 1625 807 1681 Totam
826 1622 1020 1680 differentiam
1040 1622 1199 1682 eStobeeo
1210 1624 1251 1699 (p.
1270 1623 1331 1679 142

253 1712 338 1784 sqq.),
363 1709 496 1784 Diogene
521 1709 639 1766 Laertio
662 1709 745 1782 (vn,
772 1709 830 1765 102
849 1713 936 1782 sqq.)‚
961 1708 1053 1767 Sexto
1076 1707 1227 1783 Empirieo
1250 1708 1330 1780 (edv.

254 1794 394 1851 Mathem.
418 1795 476 1864 ΧΙ,
500 1796 538 1851 59
555 1798 631 1870 sqq.)
655 1807 854 1869 exposuerunt
876 1794 996 1868 Lipsius
1019 1793 1138 1850 blenud.
1162 1792 1199 1849 sd
1223 1791 1331 1868 philos.

253 1879 344 1937 Stoic.
366 1878 412 1948 ΙΙ,
438 1881 492 1950 23,
521 1881 749 1937 Tennemsnnns
777 1879 806 1935 in
831 1879 907 1935 Hist.
931 1879 1045 1937 Philos.
1069 1879 1115 1936 IV
1138 1898 1165 1954 p.
1190 1878 1229 1935 86
1254 1896 1329 1953 sqq„

254 1963 376 2020 Beierus
398 1983 524 2022 excursu
549 1966 591 2022 ΙΙΙ
614 1965 652 2021 sd
674 1963 735 2022 Cic.
761 1964 796 2019 de
820 1962 877 2022 off.
900 1964 951 2024 lib.
975 1965 1000 2034 Ι,
1024 1965 1163 2038 tomlp.
1178 1964 1238 2020 319
1252 1982 1328 2039 sqq.‚

252 2068 267 2104 e
291 2048 397 2122 quibus
420 2050 467 2107 hic
489 2050 576 2106 etiem
598 2049 664 2108 Gzii
688 2067 803 2105 errores
826 2049 953 2116 sustulit
976 2067 1050 2122 quos
1069 2049 1119 2105 ille
1136 2048 1328 2124 gravissimos

251 2133 397 2190 commisit
420 2135 448 2191 in
472 2154 535 2192 exc.
559 2136 573 2191 I
596 2135 633 2191 sd
656 2134 749 2190 Acsd.
772 2133 824 2192 lib.
848 2135 877 2203 Ι,
901 2134 968 2190 dum
993 2134 1084 2209 ipsius
1107 2133 1260 2192 Ciceronis
1283 2151 1328 2189 er·

250 2238 346 2274 rorem
371 2219 528 2276 defendere
550 2228 681 2276 conetur.
726 2219 803 2276 Nam
827 2219 852 2274 is
874 2219 968 2276 Aced.
991 2219 1016 2288 Ι,
1031 2219 1080 2289 37,
1104 2218 1172 2274 dum
1195 2217 1327 2287 festinet,

251 2307 346 2359 reiecto
369 2295 418 2376 (τὰ
443 2295 684 2379 ἀποπροηγμένα)
707 2303 736 2360 in
760 2303 986 2360 aestimabilium
1010 2322 1117 2379 genere
1141 2303 1254 2379 posuit,
1279 2302 1327 2359 de·

250 2398 353 2463 ceptus
375 2387 501 2446 fortasse
524 2387 670 2446 nGreeco
693 2388 845 2463 scriptore,
869 2389 919 2464 qui
943 2389 1038 2446 minus
1057 2400 1193 2445 accurate
1211 2388 1327 2445 locutus

250 2483 342 2537 esset,
370 2484 403 2529 nt
431 2473 503 2530 lecit
526 2473 607 2530 Sext.
632 2473 716 2549 Emp.
739 2474 845 2550 Pyrrh.
868 2475 1019 2549 Hypotyp.
1043 2474 1107 2536 ΙΙΙ,
1136 2474 1203 2529 191.
1248 2473 1325 2530 Nem

250 2577 302 2614 eur
330 2557 482 2616 Ciceronis
514 2557 609 2613 locum
641 2559 773 2615 mutilum
808 2576 872 2615 esse
901 2577 966 2615 cum
996 2558 1102 2615 Beiero
1131 2558 1323 2633 suspicemur,

250 2661 339 2699 cause
361 2643 442 2699 nulle
465 2650 518 2699 est.
540 2676 543 2681 >

335 2748 386 2784 noe
403 2730 485 2785 ullum
502 2747 558 2784 esse
574 2728 733 2800 diceremus)
751 2727 780 2785 id
798 2736 843 2784 est
860 2747 988 2802 prorsus,
1009 2730 1110 2784 nullom
1126 2746 1192 2797 esee,
1216 2745 1252 2782 ne
1273 2727 1323 2783 teli

249 2813 366 2886 quidem
389 2813 492 2870 relicto
515 2811 696 2880 discrimine,
719 2813 805 2888 quale
828 2813 983 2888 Zumptius
1005 2814 1041 2870 sd
1066 2812 1134 2871 Div.
1159 2811 1188 2868 in
1212 2811 1322 2870 Caecil.

251 2899 290 2954 60
313 2898 433 2954 subesse
456 2907 554 2973 putet,
582 2897 632 2971 qui
656 2897 750 2971 ipsum
773 2917 857 2955 usum
881 2897 1025 2973 exemplis
1047 2905 1199 2973 poetarum
1223 2895 1323 2953 defen·

248 2983 301 3051 dit,
324 2983 459 3058 idemque
482 3002 498 3039 e
520 2983 604 3039 codd.
628 2982 756 3040 restitnit
778 2984 863 3039 Verr.
887 2983 952 3052 ΙΙΙ,
980 2984 1047 3039 124.
1093 2981 1217 3039 Accedit
1241 2982 1323 3038 Brut.

250 3068 325 3123 312:
349 3077 377 3123 st
399 3088 449 3122 non
473 3069 528 3123 nella
550 3078 630 3134 essem
654 3085 720 3123 nem
744 3067 851 3123 Persd.
873 3070 909 3123 16
934 3070 996 3139 (non
1016 3073 1149 3140 pravitas,
1172 3087 1222 3123 non
1240 3069 1322 3139 fides,

248 3173 299 3208 non
321 3156 479 3219 constantio,
503 3172 553 3208 non
576 3154 632 3208 ulla
654 3156 750 3224 virttis)
774 3163 803 3208 et
825 3171 878 3227 pro
901 3151 1018 3210 Cluent.
1032 3152 1070 3209 39
1091 3155 1153 3223 (non
1176 3154 1220 3208 itte
1243 3153 1323 3208 bono·

248 3257 303 3294 rem
325 3241 489 3312 repereritis,
514 3257 565 3293 non
587 3239 679 3294 studeo
700 3240 815 3305 virtutis,
839 3256 889 3292 uon
913 3239 996 3293 ullum
1017 3240 1219 3294 ecs'stimutr'ouis
1242 3238 1324 3294 bonae

241 3326 365 3397 fructum
388 3342 514 3396 remquam
536 3323 678 3395 copitarot)
701 3319 744 3402 [et
766 3341 819 3397 pro
832 3323 919 3382 Rosc.
934 3325 1001 3380 Am.
1021 3324 1079 3378 128
1102 3332 1132 3378 et
1153 3322 1169 3379 I
1192 3322 1221 3377 in
1234 3322 1322 3380 Verr.

210 3431 214 3439 ·
252 3403 325 3485 136]
354 3407 547 3481 singularem,
578 3425 630 3464 cur
658 3408 699 3463 ite
726 3407 855 3475 dicetur,
890 3426 1007 3464 censam
1037 3406 1125 3462 habet
1152 3407 1322 3482 anaphoras

247 3493 349 3568 figure.
394 3492 442 3549 Ad
466 3493 547 3549 Fam.
573 3494 630 3561 vl,
655 3493 688 3561 9,
715 3496 729 3548 l
754 3493 841 3549 aliter
863 3502 892 3548 et
914 3493 1022 3549 rectius
1044 3492 1183 3548 scribitur
1204 3491 1234 3547 iu
1258 3491 1323 3548 cod.

247 3577 382 3653 pelimps
406 3577 597 3646 'laurinensh
628 3579 716 3634 Tusc.
746 3578 833 3634 etiem
856 3578 887 3648 Ι,
912 3578 951 3634 94
980 3586 1009 3633 et
1036 3576 1122 3652 longe
1151 3575 1270 3651 plurimi
1294 3586 1324 3633 et

246 3661 349 3737 optimi
373 3662 454 3718 codd.
478 3662 587 3719 hebent
608 3664 698 3719 nullis.
733 3663 766 3720 L.
781 3663 908 3719 Plancus
931 3662 1049 3736 scripsit
1071 3661 1168 3736 (epist.
1188 3661 1225 3717 sd
1238 3662 1322 3718 Fam.

247 3749 292 3815 X,
320 3749 367 3815 18,
392 3748 437 3818 2);
465 3767 515 3802 non
544 3750 626 3804 ellam
653 3767 709 3803 rem
731 3750 814 3804 ulium
835 3752 1005 3805 estimescens
1027 3767 1109 3820 quam
1131 3748 1241 3803 candem
1264 3755 1321 3806 cet.

195 3850 199 3857 ’
246 3832 332 3906 Quod
361 3830 454 3888 Gzius
488 3852 537 3888 nou
571 3833 609 3888 ad
637 3835 783 3889 diceremus
811 3833 957 3908 pertinere
984 3833 1061 3896 vult,
1096 3832 1232 3888 Latinum
1263 3850 1322 3888 non

246 3928 305 3974 est:
328 3937 378 3972 uon
401 3919 461 3973 dico
483 3938 644 3992 quemquam
667 3938 723 3975 esse
746 3938 798 3993 pro
822 3937 866 3987 eo,
889 3918 967 3992 quod
991 3928 1051 3973 est:
1074 3936 1138 3989 nepo
1160 3936 1322 3990 quernqsom

245 4022 309 4058 esse.
357 3999 432 4081 [Non
456 4023 571 4076 rcsqeom
593 4005 682 4062 Tusc.
708 4005 745 4072 V,
770 4005 823 4073 24,
847 4023 898 4058 non
921 4023 1048 4077 rrnrquam
1071 4002 1135 4058 Liv.
1164 4002 1210 4069 ΙΙ,
1235 4002 1268 4064 9,
1293 4003 1321 4071 5,

244 4087 301 4158 IX,
326 4087 375 4157 37,
399 4088 426 4143 2.

330 4082 537 4244 confusionem
558 4177 641 4229 omnis
664 4172 732 4250 vite)
756 4175 795 4229 Et
817 4175 1023 4246 corrsuruieretur
1046 4172 1138 4229 Gzius
1162 4190 1177 4227 e
1201 4169 1281 4228 Gud.
1302 4171 1320 4226 2

245 4267 274 4313 et
299 4258 376 4324 Bes,
400 4258 478 4331 quod
501 4258 530 4314 in
555 4277 589 4314 eo
612 4270 656 4314 est
678 4259 761 4328 vitio,
785 4259 901 4332 dequo
925 4258 986 4314 dixi
1011 4258 1048 4313 ed
1071 4259 1112 4324 ΙΙ,
1132 4257 1180 4313 63.
1215 4255 1321 4330 Neque

244 4343 322 4398 enim
346 4343 403 4398 duo
426 4343 562 4416 aequalia
585 4342 656 4399 heec
680 4353 747 4400 sunt
770 4345 806 4416 (et
830 4377 867 4385 -
887 4347 953 4417 uec),
977 4343 1028 4400 sed
1051 4343 1131 4416 prius
1155 4341 1322 4416 explicetur

244 4427 337 4484 altero
361 4428 485 4486 adiectu.
