3030 5086
442 503 485 548 nr
509 503 588 548 nan.
611 502 674 547 nin.
699 502 719 548 v
742 501 815 547 cnr.
835 505 857 550 ι.
876 503 992 562 (o-rr.)
1190 482 1253 546 619

177 672 302 748 diceret
325 681 358 736 et
380 677 482 735 tamen
505 679 541 734 ut
562 670 593 734 in
613 669 754 734 omnibus
772 669 873 748 rebus,
896 670 1047 750 quidquid
1066 686 1103 732 ex
1119 677 1253 748 utraque

177 780 268 853 parte
289 773 350 837 dici
366 782 488 854 posset,
512 781 717 853 expromeret
766 774 814 835 11.
838 771 915 836 Onrn
938 783 1041 838 antem
1064 772 1157 836 tertia
1178 788 1253 851 pars

177 874 255 938 bene
277 873 401 938 vivendi
424 881 593 955 praecepta
615 882 789 954 quaereret
811 893 847 938 ea
871 893 994 955 quoque
1016 882 1065 939 est
1086 874 1127 938 ab
1143 873 1253 938 iisdem

176 995 237 1039 non
261 976 361 1039 solnm
384 966 425 1040 ad
447 978 589 1056 privatae
611 976 695 1040 vitae
718 977 878 1053 rationem,
900 979 955 1041 sed
979 976 1071 1041 etiam
1088 977 1132 1039 ad
1149 993 1253 1040 rerum

175 1078 370 1158 publicarum
393 1078 561 1143 rectionem
584 1078 691 1142 relata
736 1078 881 1142 Omnium
910 1079 976 1144 fere
1003 1078 1162 1143 civitatum
1192 1078 1292 1142 non5

178 1180 329 1244 Graeciae
352 1179 467 1261 polum,
495 1181 551 1244 sed
579 1180 672 1244 etiam
700 1179 866 1245 barbariae
888 1181 927 1244 ab
951 1180 1118 1245 Aristotele
1140 1197 1253 1256 mores,

176 1282 328 1359 instituta,
352 1281 540 1361 disciplinas
563 1281 813 1363 aTheophrosto
830 1283 915 1364 leges
931 1282 1024 1346 etiam
1041 1281 1251 1363 cognovimus,

178 1385 316 1464 Cumque
332 1392 464 1464 uterque
479 1402 586 1448 eorum
604 1384 771 1462 docuisset,
789 1384 910 1465 qualem
928 1385 959 1448 in
976 1384 1150 1464 republica
1167 1381 1254 1463 prin·

176 1486 275 1565 cipem
292 1504 352 1548 esse
370 1485 556 1563 conveniret
579 1485 720 1565 pluribus
743 1496 909 1565 praeterea
930 1485 1177 1565 conscripsisset,
1200 1483 1254 1565 qui

176 1596 260 1651 esset
277 1587 412 1667 optimus
430 1587 476 1651 rei
493 1587 636 1667 publicae
653 1594 764 1666 statua,
787 1587 845 1650 hoc
861 1587 994 1668 amphus
1007 1587 1253 1667 Theophrastus,
1273 1590 1315 1655 10

176 1706 258 1768 quae
285 1698 390 1753 essent
416 1690 446 1752 in
475 1709 510 1753 re
532 1690 656 1769 publica
678 1709 784 1753 rernm
806 1688 1021 1754 inclinationes
1043 1696 1076 1753 et
1099 1694 1254 1752 momenta

176 1799 359 1871 temporum,
382 1792 494 1872 quihus
517 1802 601 1857 esset
622 1792 857 1869 moderandum,
881 1798 1049 1872 utcumque
1072 1809 1122 1855 res
1145 1799 1253 1870 postu-

176 1891 264 1956 laret.
315 1893 407 1957 Vitae
433 1904 538 1957 antem
566 1894 727 1974 degendae
754 1892 834 1956 ratio
868 1893 1001 1957 manime
1033 1892 1093 1956 illis
1127 1891 1253 1973 quidem

247 2119 267 2160 2.
286 2114 362 2176 possit
380 2114 446 2163 Pcss
482 2114 620 2178 exprimeret
641 2113 729 2164 LPGR
770 2119 793 2160 3.
813 2113 884 2163 isdem
905 2114 925 2161 E
944 2112 1030 2162 eisdem
1050 2112 1138 2162 umor.
1177 2119 1200 2164 t.
1219 2110 1256 2160 ed

176 2199 253 2229 rernm
274 2209 304 2217 —
323 2181 410 2240 solnm,
434 2182 564 2231 sedetiam
582 2198 631 2233 om.
653 2183 673 2230 Ε
716 2188 738 2232 5.
758 2181 905 2231 directionem
926 2182 945 2229 b
987 2186 1001 2230 9
1029 2198 1080 2230 esse
1098 2197 1148 2231 om.
1167 2195 1254 2229 omnes

176 2267 228 2298 cam
246 2250 378 2313 ιαίριίιια
397 2251 486 2301 LPCR
526 2258 560 2300 to.
580 2252 611 2299 sit
629 2260 686 2315 (pro
704 2253 775 2315 aret)
791 2252 810 2298 L
837 2259 959 2298 statns-
977 2249 1000 2298 in
1017 2249 1155 2313 republica
1170 2264 1211 2297 om
1231 2248 1253 2297 E

181 2324 217 2367 11.
238 2317 399 2368 inclinationes
417 2336 493 2368 renem
509 2320 641 2369 weriot.
682 2325 718 2369 ts.
733 2319 820 2368 esseE
847 2319 1001 2381 etcumqueii
1043 2323 1079 2369 1³.
1095 2316 1253 2382 eh'pendaeE

177 2386 268 2449 pontem
287 2385 334 2435 tilis
352 2387 486 2439 LPCROr.

265 2581 312 2633 11.
338 2579 460 2636 Onrrn'mn
476 2581 539 2652 fere
560 2581 696 2635 ciuitatum
717 2575 787 2655 cet.)
811 2577 1003 2653 Perspicuum
1027 2584 1071 2633 est
1094 2575 1254 2650 significari

177 2663 348 2720 Aristotelis
367 2660 525 2727 πολιτείας.
550 2663 749 2738 Theophrasti
771 2663 863 2719 libros
885 2651 951 2738 περὶ
969 2649 1076 2734 νόμων,
1102 2661 1255 2734 utriusque

176 2736 241 2821 περί
260 2742 411 2820 βασιλείας
428 2748 547 2822 scripta,
567 2767 642 2823 quae
660 2749 849 2806 nominantur
866 2747 945 2822 apud
964 2746 1138 2820 Diogenem,
1156 2746 1254 2802 Theo·

177 2831 288 2906 phrasti
312 2829 437 2888 fortasse
460 2833 548 2889 etiarn
571 2822 637 2909 περὶ
659 2826 796 2897 παιδείας
817 2825 970 2907 βασιλέως,
997 2841 1058 2887 tum
1084 2830 1255 2888 Aristotelis

177 2917 304 2974 Politice
327 2917 379 2984 (ibi
409 2917 486 2973 enirn
515 2919 550 2974 de
574 2919 685 2991 optimo
709 2917 750 2973 rei
774 2917 909 2991 publicae
937 2924 1015 2972 statu
1038 2916 1169 2987 quaerit,
1201 2933 1254 2971 nec

177 3021 308 3059 seorsum
328 3002 363 3057 de
379 3021 415 3058 ea
431 3021 463 3058 re
480 3002 572 3059 libros
589 3003 741 3076 scripsisse
758 3002 897 3073 videtur),
916 3000 1113 3074 Theophrasti
1125 3003 1256 3076 (praeter

178 3087 317 3158 Politice)
340 3076 405 3162 περὶ
428 3083 480 3160 τῆς
503 3078 626 3160 ἀρίστης
647 3081 815 3154 πολιτείας,
837 3094 987 3160 postremo
1010 3085 1098 3142 huius
1119 3075 1255 3140 πολιτικὰ

176 3163 251 3246 πρὸς
272 3162 342 3235 τοὺς
364 3160 486 3245 καιρούς
509 3174 588 3244 (nam
611 3168 766 3228 πολιτικῶν
788 3171 866 3246 apud
887 3171 1049 3246 Diogenem
1068 3170 1255 3228 scribendum

177 3258 294 3313 videtur
317 3258 353 3319 V,
378 3257 441 3328 45).

261 3345 408 3416 principem
430 3360 487 3398 esse
508 3342 668 3413 corruerriret)
692 3340 852 3398 Exciderat
874 3360 931 3398 esse
952 3341 982 3397 in
1006 3340 1069 3399 cod.
1095 3340 1255 3415 archetypo

178 3425 279 3503 (Part,
293 3421 392 3503 Εϋξχ,
411 3425 478 3485 Gzii
497 3428 643 3496 omnibus,
662 3425 746 3503 [B]);
765 3426 960 3500 nequeenim,
979 3425 1129 3500 quislicst
1143 3424 1255 3481 dicere:

177 3515 256 3568 tatem
283 3532 323 3567 me
351 3514 421 3576 colo,
452 3513 562 3570 idcirco
592 3512 728 3569 Latinum
757 3522 815 3568 sst:
847 3515 925 3568 tatem
950 3514 1099 3587 principem
1126 3513 1254 3568 conuenit.

179 3597 305 3653 Addidit
326 3597 488 3654 Ascensins
514 3599 603 3654 1511.
649 3599 726 3654 Turn
748 3601 948 3673 conscripsisset
976 3597 1065 3654 etiarn
1089 3595 1167 3671 Spir.
1190 3590 1256 3674 [B].

179 3682 269 3739 Editt.
287 3693 354 3737 ante
367 3681 510 3741 Orellium
527 3697 587 3739 omn
604 3686 765 3757 scripsisset,
788 3683 818 3739 in
836 3701 894 3757 quo
911 3701 1050 3756 perverse
1068 3691 1097 3738 et
1114 3681 1179 3738 loco
1197 3699 1255 3737 non

177 3779 247 3841 apto
270 3767 437 3823 coniunctio
454 3768 588 3838 iteratur,
612 3768 713 3825 eadem
731 3768 829 3824 mendi
849 3767 970 3843 origine,
994 3786 1053 3842 qna
1070 3767 1160 3823 etiarn
1179 3782 1256 3823 nunc

177 3853 256 3927 apud
279 3852 414 3910 Curtium
438 3854 492 3920 VI,
518 3853 557 3910 38
581 3855 644 3924 (10,
671 3854 722 3928 14)
744 3853 855 3910 editur:
879 3854 1010 3910 Scelerati
1029 3855 1189 3910 commentia
1211 3851 1256 3907 ob-

177 3948 309 4013 strepente
330 3958 389 3994 cnm
412 3939 528 3995 dormire
550 3958 600 3994 non
619 3949 735 4014 possunt
757 3939 814 4011 (sic
835 3939 919 3995 codd.
943 3937 1027 4003 boni,
1050 3956 1109 3994 non
1129 3939 1256 4009 possint),

176 4028 281 4096 npr'tant
299 4043 342 4079 eos
358 4027 453 4094 suriae
470 4033 535 4091 cet,
559 4024 642 4098 quasi
660 4023 719 4080 alio
737 4034 878 4098 tempore,
901 4041 967 4080 cum
988 4022 1103 4097 possint
1119 4021 1256 4081 dormire.

178 4129 235 4164 non
259 4110 416 4184 agitentur.
461 4109 582 4168 Curtius
605 4109 737 4184 scripsit:
766 4111 932 4166 condormire
954 4108 1009 4181 (sic
1032 4126 1085 4182 pro
1107 4108 1256 4164 condormi-

177 4214 250 4251 seere
268 4195 357 4251 etiam
371 4195 541 4267 Sretonius)
559 4214 609 4251 non
622 4205 753 4269 poscitum
775 4197 880 4267 opitant
896 4213 939 4251 eos
956 4202 1011 4250 cet.
1035 4190 1102 4269 [Sic
1119 4192 1177 4249 iam
1192 4193 1257 4249 Mo·

177 4278 268 4356 dius]
313 4281 415 4336 Rerum
442 4283 624 4337 inclinationes
647 4279 736 4336 etiam
761 4278 839 4353 Spir.
863 4275 934 4357 [B];
963 4278 1107 4335 editiones
1130 4277 1256 4334 inverse.

271 4367 346 4421 Vitae
373 4375 460 4423 antem
488 4364 636 4438 dependas)
664 4365 762 4422 Etiam
792 4383 848 4440 mg.
877 4363 959 4423 Orat.
988 4360 1031 4443 [et
1056 4360 1095 4440 B]
1122 4363 1258 4435 elipandus

178 4449 269 4545 (qpod
291 4451 420 4525 probans
443 4450 537 4509 Gzius
559 4460 658 4507 tamen
681 4467 776 4524 neque
799 4449 861 4508 Erl.
886 4449 1019 4506 nominat
1042 4465 1145 4523 neque,
1169 4466 1257 4522 quom
