3030 5086
199 449 265 515 474
592 467 637 512 nn
659 466 791 513 nmrnns
814 465 886 512 non.

201 634 363 700 conficitur
385 652 521 714 persona
542 634 705 715 sapientis!
736 635 804 715 qui,
826 652 896 699 cum
918 633 1000 698 ratio
1022 633 1172 714 docuerit,
1194 637 1282 715 quod

200 737 365 801 honesturn
386 744 484 814 esset,
512 737 546 803 id
568 756 638 802 esse
660 736 759 801 solum
782 737 911 814 bonum,
941 753 1065 815 semper
1088 736 1129 800 sit
1151 755 1282 803 necesse

201 846 251 904 est
272 839 382 903 beatus
404 857 540 919 vereque
561 839 666 903 omnia
687 831 750 902 isia
771 837 898 902 nomine,
913 837 1083 918 possideat,
1107 856 1189 918 quae
1206 837 1283 903 irri-

201 941 269 1005 deri
301 941 341 1005 ab
368 941 520 1021 imperitis
548 942 657 1005 solent.
712 940 838 1004 Rectius
871 940 952 1005 enim
986 939 1194 1034 appellabitur
1224 960 1283 1006 rex

162 1043 295 1124 hquam
307 1042 506 1123 Tarquinius,
530 1044 583 1124 qui
606 1061 662 1107 nec
684 1061 718 1107 se
740 1060 797 1108 nec
814 1060 887 1106 suos
904 1059 1014 1122 regere
1031 1042 1141 1121 potuit,
1164 1043 1283 1108 rectius

200 1145 350 1226 magister
372 1144 481 1224 populi
497 1144 538 1224 (is
555 1145 637 1210 enim
654 1152 703 1209 est
719 1144 867 1224 dictator)
884 1161 979 1225 quam
996 1143 1091 1223 Sulla,
1114 1145 1167 1225 qui
1186 1145 1284 1209 trium

200 1246 419 1329 pestiferorum
442 1247 602 1324 vitiorum,
624 1246 778 1324 luxuriae,
801 1245 969 1324 avaritiae,
993 1245 1187 1310 crudelitatis
1209 1265 1280 1311 ma-

200 1349 298 1430 gister
319 1347 391 1425 luit,
420 1349 534 1413 rectius
557 1349 645 1413 dives
668 1366 761 1430 quam
785 1347 933 1426 Crassus,
962 1347 1029 1428 qui,
1052 1347 1112 1412 nisi
1135 1349 1285 1430 eguisset,

200 1469 368 1532 numquam
391 1449 588 1531 Euphraten,
619 1451 704 1515 nulla
725 1450 796 1515 belli
820 1469 929 1528 causa,
959 1448 1097 1514 transire
1120 1449 1284 1515 voluisset

143 1553 185 1617 10
201 1553 298 1617 Recte
320 1553 386 1623 eius
408 1552 512 1616 omnia
529 1552 678 1631 dicentur,
702 1551 756 1634 qui
772 1552 832 1617 scit
848 1552 894 1616 uti
911 1552 996 1617 solus
1015 1552 1174 1631 omnibus3
1198 1559 1287 1618 recte

202 1655 295 1719 etiam
330 1654 457 1734 pulcher
489 1653 713 1735 appellabitur;
752 1654 846 1718 animi
880 1655 962 1718 enim
994 1653 1176 1719 liniamenta
1209 1662 1287 1719 sunt

201 1756 383 1837 pulchriora
404 1773 497 1837 quarn
520 1757 676 1836 corporis;
707 1763 790 1822 recte
819 1756 904 1821 solus
931 1756 1024 1835 liber,
1052 1774 1110 1820 nec
1136 1756 1284 1821 domina-

200 1858 277 1922 tioni
306 1858 488 1943 cuiusquam
510 1876 627 1938 parens
654 1877 711 1923 nec
739 1857 888 1923 obediens
915 1857 1092 1939 cupiditati3
1121 1864 1206 1923 recte
1235 1860 1286 1923 in·

201 1960 317 2037 victus,
352 1959 439 2023 cuius
472 1959 593 2024 etiamsi
621 1977 735 2040 corpus
763 1959 1009 2048 constringatur,
1043 1958 1147 2024 animo
1176 1965 1285 2025 tamen

144 2065 184 2128 15
201 2061 325 2126 vincula
346 2061 418 2124 inici
440 2061 525 2125 nulla
546 2062 678 2142 possint
723 2063 773 2126 76.
796 2061 862 2125 Nec
884 2068 1027 2143 expectet
1040 2062 1137 2126 ullum
1156 2068 1284 2144 tempus

203 2164 325 2243 uetans,
346 2170 382 2228 ut
404 2170 468 2227 tum
491 2163 626 2245 denique
646 2163 809 2242 iudicetur,
831 2161 984 2228 beatusne
1005 2162 1112 2243 luerit,
1136 2182 1206 2228 cum
1229 2183 1284 2230 ex·

272 2407 295 2450 2.
319 2399 352 2468 [si
367 2418 460 2450 necasse
479 2400 508 2467 Α]
555 2407 570 2447 3
598 2418 695 2464 vereque
727 2432 743 2437 -
762 2400 886 2465 poser'drat
905 2418 953 2453 oni
976 2402 995 2450 E
1041 2407 1241 2452 harenarum
1263 2403 1284 2451 L

203 2475 218 2519 6
249 2469 294 2537 [lis
304 2469 333 2535 Α]
361 2469 464 2518 dictator
482 2470 553 2517 esth]
590 2468 715 2535 [syllas]
754 2475 775 2517 9,
796 2469 942 2533 Euphratem
956 2469 1120 2537 (LPMJCOr.
1163 2477 1199 2521 10.
1220 2475 1287 2520 omui

203 2540 336 2589 adicientur
362 2538 384 2586 E
454 2542 490 2585 ll.
516 2536 644 2602 [linimento
670 2537 703 2604 Α]
728 2537 873 2587 initiamenta
896 2539 918 2586 E
984 2544 1019 2589 12.
1048 2540 1185 2602 corporibus
1215 2537 1284 2606 [als

207 2614 242 2658 ts,
263 2624 336 2671 neque
354 2604 463 2655 obediens
473 2606 561 2656 LCOr.
602 2611 638 2657 15.
656 2608 788 2669 pereuntis
824 2605 910 2671 Neque
920 2607 963 2656 Or.
1000 2608 1126 2671 expeteris
1162 2607 1284 2657 nollunt

208 2681 242 2725 lt,
263 2676 371 2725 vinulam
390 2676 447 2739 (pro
466 2683 491 2722 ut
508 2677 566 2738 tuni)
586 2673 677 2740 [Alltl‘

290 2884 340 2940 75.
366 2901 485 2957 perrona
506 2885 647 2956 rapientis)
671 2883 756 2938 Hanc
778 2883 886 2955 quibus
908 2882 1056 2938 coloribus
1079 2880 1172 2940 Stoici
1195 2901 1285 2940 axor-

204 2968 347 3034 naverint,
373 2970 470 3025 notius
493 2977 546 3031 est,
570 2985 657 3040 quam
681 2979 713 3024 ut
730 2968 853 3023 aliorum
873 2968 1047 3041 scriptorum
1067 2967 1146 3024 locos
1164 2967 1212 3023 hic
1229 2986 1284 3043 ap·

203 3071 313 3128 ponere
335 3071 409 3127 opus
426 3054 474 3120 sit,
497 3071 572 3126 quos
589 3053 772 3127 collegerunt
785 3053 902 3127 Lipsius
915 3053 1034 3109 Manud.
1047 3053 1084 3107 ad
1098 3052 1175 3110 Phil.
1189 3054 1284 3110 Stoic.

202 3138 244 3194 lib
277 3138 323 3193 ΙΙΙ
348 3138 415 3194 dies.
444 3143 477 3195 ll
504 3156 583 3211 sqq,
618 3138 837 3209 'siedemannus
866 3139 944 3212 Syst.
973 3138 1085 3194 Philas.
1114 3139 1204 3196 Stoic.
1233 3138 1285 3197 111

203 3243 231 3298 p.
253 3223 314 3278 270
333 3240 407 3295 sqq,
430 3226 659 3281 Tennemannus
682 3224 725 3279 IV
750 3243 777 3297 p.
801 3223 857 3279 134
876 3240 951 3297 sqq,
974 3223 1035 3281 alii.

290 3311 313 3364 is
329 3311 397 3363 enim
413 3319 452 3364 est
469 3309 598 3386 iactator)
616 3309 743 3364 Dictator
759 3318 797 3364 cat
814 3309 902 3364 etiam
921 3309 998 3382 Spin.
1019 3303 1073 3387 [B]
1091 3316 1120 3363 et
1133 3309 1200 3364 Bas.
1236 3308 1285 3364 De

203 3393 325 3466 antiqua
348 3393 500 3450 dictatoris
522 3393 720 3469 appellatione
743 3394 842 3450 omnia
865 3403 948 3462 nota3
972 3393 1023 3448 sed
1046 3393 1074 3448 in
1099 3411 1134 3448 aa
1155 3397 1287 3466 mapictar

204 3479 321 3546 dicitur,
339 3478 389 3552 qui
408 3480 499 3554 regit;
517 3479 621 3536 Cicero
638 3479 767 3535 ludendo
784 3479 939 3552 anibiguae
952 3479 1033 3535 vocis
1050 3479 1173 3534 alteram
1192 3479 1286 3554 signi·

203 3563 387 3631 ficationem,
411 3564 526 3638 quade
550 3565 669 3621 doctore
692 3564 827 3638 ponitur,
851 3564 982 3620 assumit.
1027 3562 1205 3640 [Euphraten
1227 3582 1285 3638 pro

203 3650 376 3724 Euphratem
398 3668 435 3705 ex
458 3647 592 3725 assit]
638 3649 732 3705 Paulo
757 3658 825 3724 post
848 3650 925 3724 Spir.
948 3647 1107 3720 dicatur(?).

291 3735 340 3792 76.
366 3734 422 3791 Nec
439 3744 556 3809 espectet
571 3737 654 3790 allum
673 3745 776 3808 tenipus
792 3733 948 3807 aetatr's)1n
967 3735 1060 3808 ipsius
1077 3734 1220 3808 sapientis
1231 3751 1282 3790 ac·

204 3819 283 3877 tione
307 3819 499 3894 significanda
516 3820 620 3875 transit
638 3821 673 3875 ud
698 3820 887 3894 potentialem
912 3820 1054 3875 orationis
1070 3818 1195 3874 forulum
1212 3819 1284 3891 (aec,

204 3908 252 3980 qui
272 3909 380 3979 sapiens
399 3909 442 3972 sit,
465 3910 603 3978 expectet).
645 3906 736 3961 Ullam
759 3916 861 3979 tempus
883 3905 925 3961 sic
948 3905 1061 3961 dicitur.
1086 3914 1118 3959 ut
1140 3903 1283 3960 iudicium

204 3989 323 4047 omnino
346 3988 538 4046 differendum
563 4008 626 4046 esse
650 4001 772 4065 negetur
800 3991 829 4045 in
854 3990 943 4047 ullum
968 3990 1047 4045 aliud
1072 3998 1201 4063 tempus,
1230 3988 1284 4045 sed

204 4075 302 4132 statim
325 4075 389 4130 fieri
412 4075 532 4140 debere;
557 4075 662 4130 deinde
686 4077 779 4149 magis
802 4076 920 4131 definite
939 4085 968 4131 et
985 4085 1087 4150 aperte
1105 4074 1283 4144 excluditur,

204 4178 291 4234 quam
315 4159 448 4233 plerique
471 4160 621 4233 expectari
644 4161 794 4229 iubebant,
819 4179 906 4219 mors.
953 4159 1101 4217 Inutiliter
1117 4159 1174 4216 Th.
1193 4159 1284 4216 Bent-

203 4245 278 4301 leius
308 4246 391 4301 ullum
417 4245 447 4301 in
475 4248 596 4301 ultimam
625 4247 748 4302 ululavit
777 4245 937 4319 habuitque
966 4244 1161 4303 assentientes
1190 4244 1282 4301 Davi-

204 4330 278 4387 sium
302 4329 444 4403 aliosque,
469 4349 484 4384 e
502 4331 608 4404 quibus
620 4329 715 4387 Gzius
733 4331 849 4406 longius
866 4348 1039 4405 progressus
1056 4339 1109 4396 eet
1133 4338 1166 4385 ut
1183 4328 1284 4387 omnia

205 4414 277 4471 haec
310 4415 415 4471 verba:
453 4435 513 4472 cum
545 4425 692 4472 extractum
724 4421 793 4472 vitae
825 4417 895 4472 mem
927 4426 1011 4472 niorto
1042 4417 1184 4487 confecerit
1217 4412 1282 4471 tolli
