3030 5086
342 498 387 543 nu
409 497 490 543 unu.
513 497 576 543 am.
598 497 635 542 111
656 496 730 543 cae.
752 498 790 547 rs.
809 496 942 562 (as-so.)
1113 478 1177 545 429

104 665 231 731 divitiae
253 682 315 729 non
338 665 401 730 sint
421 665 454 729 in
470 664 569 745 bonis,
591 665 678 729 nulla
694 683 747 730 ars
764 665 879 730 divitiis
896 663 1048 730 contineri
1065 671 1178 747 potest

103 768 154 834 50.
178 766 319 847 Quodsi
341 768 380 832 de
401 767 521 832 artibus
544 766 759 845 concedamus,
781 767 904 832 virtutis
926 775 1029 832 tamen
1053 784 1115 832 non
1138 764 1180 830 sit

104 869 214 935 eadem
236 867 327 942 ratio,
349 874 518 949 propterea
539 869 624 949 quod
645 868 722 933 haec
737 868 890 950 plurimae
911 867 1179 934 commentationis

82 983 137 1045 ,et
156 969 388 1038 exercitationis
411 970 558 1052 indigeat,
580 970 664 1051 quod
686 968 767 1034 idem
790 969 821 1035 in
843 969 964 1035 artibus
985 989 1047 1035 non
1070 969 1125 1048 sit,
1147 976 1179 1034 et

104 1073 305 1155 quadrimus
323 1071 533 1150 stabilitatem,
545 1070 738 1150 firmitatem,
755 1071 968 1136 ¹constantiam
984 1070 1081 1136 totius
1097 1071 1179 1136 vitae
1196 1072 1217 1138 5

104 1173 328 1255 complectatur
350 1190 408 1237 nec
429 1173 504 1238 haec
526 1173 636 1238 eadem
657 1171 689 1235 in
712 1172 833 1237 artibus
856 1191 925 1238 esse
947 1173 1117 1239 videamus.

190 1275 345 1356 Deinceps
378 1274 549 1355 explicatur
582 1274 758 1339 differentia
785 1293 903 1354 rerum;
936 1293 1031 1356 quam
1063 1271 1178 1360 sinon

174 1484 197 1532 ³.
214 1487 344 1543 propterea
362 1477 426 1541 quod
442 1478 533 1528 om.C
568 1477 776 1528 conrmendats'orar'e
797 1476 960 1545 [AJLPMcrt
996 1482 1018 1528 6.
1037 1495 1066 1528 ne
1082 1477 1178 1529 haecE

106 1551 128 1599 7,
147 1563 194 1597 aaa
211 1546 262 1596 ulla
281 1547 302 1595 l}
320 1545 456 1595 nonnullam
475 1545 496 1594 1,

86 1729 205 1778 tamen
227 1738 287 1777 non
309 1721 352 1776 ita
374 1720 446 1776 haec
468 1720 539 1777 alibi
563 1719 829 1795 persequebantur,
859 1727 892 1774 ut
913 1707 1081 1792 κατάληψιν
1110 1720 1179 1777 sim·

105 1804 223 1881 pliciter
245 1805 352 1861 bonum
376 1804 561 1880 appellarent
588 1812 617 1860 et
648 1812 789 1879 negarent
815 1802 845 1859 in
873 1802 934 1859 ullo
963 1802 1019 1859 nisi
1048 1804 1179 1879 sapiente

106 1908 179 1948 esse.
225 1889 322 1946 Nimis
350 1889 425 1946 enim
456 1899 557 1965 aperte
585 1889 615 1945 in
644 1888 673 1945 id
701 1888 887 1958 incidissent,
915 1887 945 1944 in
976 1887 1054 1962 quod
1081 1897 1179 1947 tamen

105 1974 275 2032 incidebant
297 1974 454 2043 occultius,
483 1983 528 2041 ut,
552 1993 617 2030 cum
640 1973 696 2049 ipsi
719 1992 751 2030 se
774 1973 922 2048 sapientes
944 1990 1009 2029 esse
1031 1991 1089 2030 non
1112 1994 1180 2051 pro·

106 2060 273 2126 iterentur,
301 2060 396 2116 omnis
424 2078 524 2116 eorum
553 2067 582 2115 et
605 2058 739 2115 doctrina
767 2068 796 2114 ot
818 2059 880 2115 vita
900 2057 1089 2132 insipientiae
1111 2070 1181 2119 nota

106 2145 203 2203 inusta
226 2152 312 2201 esset.
356 2145 434 2202 Illud
457 2162 577 2218 prorsus
597 2144 710 2211 mirum,
734 2143 759 2200 si
771 2143 876 2202 Cicero
893 2141 967 2199 nihil
985 2145 1179 2217 perturbavit,

106 2231 185 2305 quod
213 2230 362 2305 Diogenes
390 2229 572 2298 huiusmodi,
601 2229 701 2302 qualia
728 2228 775 2285 hic
805 2237 965 2303 ponuntur,
999 2231 1180 2304 argumentis

107 2315 290 2391 probandum
313 2314 479 2383 crediderit,
502 2315 640 2371 virtutem
664 2313 776 2371 divitiis
798 2331 856 2370 non
879 2312 1032 2371 contineri.

193 2400 243 2456 50.
265 2402 371 2457 virtutis
394 2410 480 2456 tornea
502 2419 553 2455 nora
575 2403 610 2457 sit
631 2401 723 2456 eodem
745 2397 827 2472 ratio)
850 2397 958 2455 Redire
977 2395 1119 2456 Catonern
1142 2401 1180 2458 ad

107 2485 250 2560 Diogenis
273 2485 435 2541 orationem
458 2484 645 2548 reddendam,
669 2493 793 2559 apparet
814 2502 852 2539 ex
874 2501 918 2551 eo,
944 2483 1023 2557 quod
1045 2491 1091 2540 ter
1112 2503 1181 2542 con·

107 2570 270 2627 iunetivum
292 2570 410 2626 modum
435 2569 518 2644 ponit
540 2571 677 2643 (indr'peot,
700 2573 744 2638 sit,
767 2569 977 2643 complectatur),
1001 2567 1084 2626 cuius
1100 2571 1182 2628 nulla

107 2665 186 2712 esset
208 2673 305 2724 causa,
336 2655 360 2711 si
384 2655 456 2711 haec
479 2653 553 2712 Cato
576 2674 592 2710 e
615 2672 667 2711 sua
690 2671 817 2728 persona
843 2653 967 2727 loquens
989 2653 1018 2709 in
1042 2654 1182 2729 primaria

108 2739 254 2797 sententia
286 2744 320 2796 eit
354 2750 466 2796 tanturn
494 2749 615 2814 propter
642 2738 860 2814 hypotheticam
888 2736 1012 2794 formam
1040 2741 1183 2797 orationis

107 2824 227 2882 diceret.
271 2824 350 2899 Ergo
373 2824 519 2881 infinitivo
542 2823 681 2881 utendum
704 2822 796 2880 fuisse
818 2823 945 2879 ridetur:
967 2825 1073 2880 virtutis
1095 2835 1181 2883 tamea

108 2929 158 2966 nora
186 2911 297 2966 eundern
329 2930 385 2966 esse
413 2913 549 2966 rationem.
600 2908 639 2965 Et
672 2908 803 2983 profecto
837 2907 973 2964 usitatius
1007 2907 1048 2964 sic
1077 2908 1182 2968 Cicero

107 2993 289 3069 scripsisset,
317 2996 368 3050 sed
396 2996 483 3051 etiam
507 2994 578 3050 alibi
601 3013 659 3051 uno
687 2992 837 3050 et''altero
866 2992 930 3048 loco
959 2993 987 3049 in
1016 2992 1182 3051 huiusmodi

107 3079 241 3136 oratione
264 3079 383 3152 obliqua
406 3080 519 3137 finitum
537 3080 620 3135 verbi
644 3079 759 3134 modum
777 3077 907 3143 retinuit,
930 3088 963 3133 ut
980 3078 1073 3152 magis
1091 3098 1181 3155 appa·

108 3173 186 3221 reret
208 3164 418 3221 condicionalis
440 3164 625 3240 significatio,
649 3164 730 3220 velut
747 3163 763 3220 Ι
781 3161 839 3221 Off.
859 3163 933 3219 158:
955 3165 1029 3237 quod
1050 3167 1076 3221 si
1096 3169 1182 3222 omerio

109 3250 197 3316 nobis,
226 3269 297 3323 quae
324 3251 363 3306 od
389 3253 486 3306 uictam
507 3253 659 3322 caltremqae
679 3252 823 3323 perducat,
852 3250 933 3322 quasi
953 3250 1059 3320 virgula
1081 3251 1182 3316 diuina,

108 3344 138 3390 ut
154 3338 239 3403 ciunt,
261 3336 507 3409 suppeditarentur,
527 3345 582 3391 tum
598 3338 694 3409 optimo
712 3336 826 3408 quisque
841 3335 952 3406 brpenio,
975 3337 1085 3406 raepotr'is
1101 3341 1184 3392 omni·

108 3420 157 3476 bus
179 3421 298 3488 omissis,
332 3429 413 3475 totum
435 3439 463 3476 ee
484 3423 511 3475 in
533 3423 676 3493 cognitione
698 3429 721 3476 et
743 3422 852 3476 scientae
874 3420 1022 3475 collocaret.
1072 3421 1184 3478 Debuit

108 3503 181 3561 dici:
204 3515 259 3560 tum
281 3510 379 3578 optimo
401 3524 531 3579 quemque
550 3508 651 3578 inperio
663 3536 702 3546 -
715 3523 743 3559 se
759 3505 948 3560 collocaturum
964 3522 1034 3572 esse3
1057 3504 1184 3563 refertur

108 3589 185 3646 enirn
209 3589 246 3645 ad
270 3589 356 3645 illud:
381 3590 438 3646 Nec
460 3610 550 3646 venam
572 3600 620 3659 est,
643 3591 717 3663 quod
738 3591 875 3646 dicituro
898 3589 1069 3662 quibusdem.
1113 3592 1183 3648 Nat.

109 3674 199 3732 Deor.
222 3674 247 3742 I,
269 3675 337 3740 123,
361 3675 412 3731 ubi
434 3686 493 3732 est:
517 3677 689 3749 nequeenim
712 3685 765 3730 tona
788 3676 921 3748 desipiam
936 3675 1052 3746 fadaer,
1075 3675 1184 3732 rectius

108 3758 238 3816 futurum
268 3769 345 3816 erat:
382 3780 465 3834 neque
486 3764 554 3816 enirn
576 3769 630 3816 tom
658 3761 827 3834 desipientem
848 3762 975 3832 saturum
996 3762 1087 3832 juisse
1113 3760 1184 3832 (nisi

107 3844 151 3901 itu
173 3846 277 3917 esset),
306 3855 335 3900 ot
357 3853 412 3903 cet.
459 3846 536 3901 Nam
564 3863 601 3900 ex
624 3843 776 3901 Posidonii
805 3861 931 3919 persona
953 3844 1029 3901 ratio
1052 3844 1184 3901 redditur

108 3928 209 3987 iudicii
232 3937 300 3986 ante
323 3931 420 4004 positi.
466 3927 540 4009 [Pro
564 3929 679 3988 Cluent.
706 3931 762 3985 141
785 3931 959 4004 praeterisset
980 3947 1032 4002 pro
1051 3934 1184 4004 praeteri·

109 4024 198 4071 tarum
214 4011 327 4093 juisse]

195 4100 329 4174 Deinceps
351 4103 501 4174 explicatur
522 4101 672 4173 dr'p‘ferentio
693 4097 796 4173 rerum)
819 4097 848 4154 id
872 4106 930 4166 est,
959 4115 1074 4164 eorum,
1098 4118 1183 4173 quae,

109 4201 175 4240 cum
208 4184 246 4240 ad
274 4185 359 4241 beate
388 4185 529 4241 misereve
558 4183 714 4240 vivendum
746 4182 819 4238 nihil
848 4182 995 4253 valerent,
1029 4169 1184 4259 ἀδιάφορα

109 4268 296 4337 dicebantur,
325 4270 412 4326 latius
442 4279 561 4344 patente
584 4269 669 4325 hrrius
692 4267 827 4324 vocabuli
850 4267 1078 4344 significatione,
1105 4267 1184 4342 apud

109 4353 281 4413 Ciceronem
311 4354 398 4411 etiarn
427 4357 515 4411 aredio
543 4354 610 4426 (53,
640 4353 695 4422 58,
720 4353 787 4427 59),
816 4371 874 4427 quo
902 4352 1047 4410 vocabulo
1075 4351 1184 4410 Graeci

108 4447 171 4496 tum
199 4440 327 4496 maxime
358 4440 404 4497 usi
429 4440 581 4509 videntur,
615 4457 680 4495 cum
709 4438 948 4522 coactionibus,
982 4456 1058 4513 quae
1084 4437 1115 4494 in
1138 4437 1184 4495 his
