3030 5086
420 497 465 543 nr
488 497 568 543 nnn.
591 497 653 543 nin.
676 498 700 543 n
723 497 797 544 oar.
820 503 848 546 re
873 500 1005 562 (ee-ce.)
1188 486 1250 551 227

170 665 364 730 consuetudo
386 665 538 745 loquitur,
568 665 601 728 id
629 665 729 730 solum
753 666 866 731 dicitur
887 666 1067 748 honestum,
1096 671 1181 750 quod
1202 677 1252 736 est

169 767 318 849 populari
339 766 423 830 lama
438 766 617 847 gloriosum.
663 768 770 846 Quod,
792 770 905 850 inquit,
929 789 1117 852 quamquam
1139 772 1250 854 volup-

169 868 290 933 tatibus
317 869 504 951 quibusdam
538 876 587 934 est
619 887 715 950 saepe
743 871 921 951 iucundius,
955 879 1059 938 temen
1093 874 1250 954 expetitur

168 977 302 1051 propter
328 970 530 1051 voluptatem.
578 971 630 1035 49.
664 971 815 1051 Videsne,
848 991 942 1054 quan]
976 974 1018 1039 sit
1044 993 1157 1056 magna
1184 975 1249 1040 dis·

169 1073 298 1138 sensio?
342 1072 552 1154 Philosophus
575 1072 700 1151 nobilis,
729 1092 832 1154 aquo
856 1094 916 1138 non
940 1075 1039 1140 solum
1063 1076 1196 1142 Graecia
1218 1078 1288 1144 etb

168 1174 276 1252 Italia,
304 1174 478 1239 sedetiam
507 1175 607 1238 omnis
634 1173 783 1239 barbaria
811 1184 967 1240 commota
994 1183 1057 1256 est,
1079 1179 1251 1244 >honestum

168 1275 248 1357 quid
270 1276 325 1354 sit,
359 1276 385 1340 si
413 1275 445 1339 id
474 1294 535 1340 non
564 1276 607 1340 sit
627 1276 658 1339 in
681 1276 855 1357 voluptate,
888 1284 983 1359 negat
1004 1298 1039 1344 se
1060 1280 1250 1362 intellegere,

168 1378 231 1456 nisi
258 1376 339 1442 forte
366 1377 456 1458 illud,
487 1379 570 1458 quod
592 1377 802 1442 multitudinis
829 1398 956 1444 rumore
983 1381 1138 1446 laudetur.
1182 1382 1250 1464 Ego
1296 1372 1299 1382 ’

169 1486 276 1549 autem
303 1479 362 1543 hoc
389 1479 483 1543 etiarn
511 1487 603 1561 turpe
636 1497 706 1543 esse
734 1498 830 1560 saepe
857 1480 961 1545 iudico
989 1489 1034 1561 et,
1069 1483 1096 1546 si
1124 1484 1250 1565 quando

168 1589 263 1662 turpe
285 1599 347 1644 non
370 1581 425 1659 sit,
454 1590 520 1645 tum
548 1599 700 1646 essenon
724 1588 831 1662 turpe,
860 1600 929 1646 cum
951 1583 984 1646 id
1012 1584 1250 1650 amultitudine
1269 1588 1311 1652 10
1395 1621 1398 1628 ·

240 1773 255 1816 3
284 1767 340 1817 dam
359 1770 415 1832 (pro
434 1767 625 1831 quibuedornlss
662 1773 684 1818 5.
700 1768 854 1833 philosophus
869 1768 934 1818 nobis
951 1769 996 1831 lnj'e
1013 1770 1071 1818 oE
1108 1774 1130 1818 7.
1150 1770 1249 1833 quodE

169 1835 197 1885 id
213 1852 259 1885 non
277 1845 311 1884 eet
329 1851 424 1893 omues,
444 1836 487 1887 Or.
525 1841 546 1885 8.
566 1835 682 1885 laudatur
700 1837 833 1898 (illector.
871 1841 892 1885 9.
913 1854 964 1886 esse
982 1838 1072 1888 omli
1116 1843 1151 1887 10.
1171 1847 1250 1888 tomen

171 1921 222 1954 cese
240 1921 286 1953 noa
305 1905 327 1953 lc
344 1913 392 1953 tam
409 1921 456 1952 non
474 1921 588 1953 essenon
607 1905 681 1956 ntor.
717 1915 795 1955 tanuen
813 1922 859 1953 aon
877 1922 928 1955 cese
945 1923 992 1956 aon
1010 1906 1076 1956 nPc

170 2064 270 2133 inperiti
295 2064 390 2117 matria
419 2080 447 2117 se
474 2063 570 2117 anbr'cit
593 2062 699 2135 rrnrlrro)
722 2062 857 2119 absolute
880 2061 988 2119 dicitur
1009 2082 1037 2119 sc
1059 2064 1190 2133 subicere,
1219 2064 1250 2121 id

169 2156 224 2215 est,
247 2165 364 2218 surpere,
388 2165 513 2216 crescere,
537 2149 661 2203 extollere
683 2167 740 2204 sese
757 2149 802 2218 (ut
819 2149 937 2204 subicere
953 2150 1069 2221 aliquem
1086 2150 1249 2222 ineptiam),

169 2232 220 2288 eud
247 2231 341 2287 umbro
374 2249 427 2306 per
460 2250 490 2287 se
519 2232 702 2306 adiungitur,
738 2242 771 2288 ut
801 2233 853 2289 sit:
887 2242 965 2288 tecta
998 2233 1100 2288 matris
1133 2233 1248 2290 umbra.

169 2316 262 2373 Recte
285 2316 342 2372 iarn
367 2316 497 2374 Servius.
543 2313 624 2396 [Non
649 2317 746 2373 minus
769 2336 892 2392 pravum
916 2327 961 2374 est
983 2318 1062 2392 apud
1079 2319 1166 2374 Varr.
1180 2318 1249 2375 L.L.

168 2402 200 2459 X
224 2422 251 2476 p.
270 2402 327 2457 163
352 2401 418 2475 Bip.
441 2404 581 2459 succedere
602 2404 651 2457 aud
674 2421 785 2458 casuum
807 2407 1026 2471 rotionc;·recte
1046 2402 1185 2459 scribitur
1201 2404 1249 2460 IX

168 2506 198 2562 p.
216 2487 290 2543 143:
313 2506 383 2561 quoe
404 2487 454 2542 sud
476 2507 627 2543 mensuram
650 2507 682 2543 oc
701 2489 825 2561 pondera
837 2491 929 2562 potius
947 2507 1028 2561 quara
1046 2488 1095 2544 eud
1112 2507 1250 2544 nummrnn

169 2569 338 2651 successione]

263 2657 299 2714 Ut
326 2660 393 2714 enlm
420 2659 580 2717 corrsvctcelo
606 2656 738 2734 loquitur)
767 2657 808 2716 Ut
835 2657 910 2713 solet
937 2657 1098 2731 Epicurus,
1127 2677 1142 2714 e
1171 2676 1249 2714 com-

170 2742 253 2799 muni
275 2743 357 2819 vulgi
385 2743 504 2799 notione
528 2754 557 2798 et
580 2761 633 2799 usu
657 2742 738 2817 vocis
761 2742 909 2799 cotidiano
931 2751 1136 2817 argumentum
1160 2742 1249 2799 ducit.

171 2826 234 2906 [De
256 2829 398 2885 orationis
420 2836 517 2884 rectae
540 2827 636 2884 forma
657 2835 772 2884 retenta
793 2828 854 2884 vid.
878 2826 916 2884 ad
938 2827 962 2895 Ι,
987 2825 1052 2904 30.]

257 2914 308 2971 49.
343 2916 368 2970 si
388 2915 418 2969 ld
440 2917 547 2969 nonsit
570 2945 608 2955 -
630 2912 768 2985 laudetur)
792 2913 865 2969 Inde
884 2931 901 2968 a
918 2912 1092 2981 Cratandrm
1116 2913 1249 2987 exceptis

170 2997 306 3055 Manutio
334 3008 364 3054 et
391 2998 550 3055 Lambino.
585 2998 740 3054 edebatur:
774 3001 800 3053 si
831 3000 860 3052 r'd
891 3017 943 3052 noa
976 3007 1016 3052 est
1045 3029 1080 3039 -
1112 2998 1247 3054 inridetur.

170 3082 265 3141 Gzius
293 3092 442 3157 tamquam
471 3103 487 3139 e
511 3082 587 3157 Spin.
617 3092 646 3139 et
669 3081 729 3138 Erl.
758 3082 924 3149 revocavit,
954 3083 1031 3155 quod
1061 3082 1090 3137 in
1118 3081 1248 3155 antiquis

169 3167 349 3226 editionibus
372 3168 472 3239 (etiarn
496 3169 601 3240 Marsi)
628 3167 727 3224 fuerat
754 3167 891 3240 quodque
919 3167 961 3222 illi
991 3176 1160 3234 tenuerant,
1188 3169 1248 3223 lau·

170 3256 263 3311 datar.
307 3255 354 3309 De
377 3254 475 3320 codd„
506 3263 537 3309 ut
566 3273 603 3310 ex
626 3253 687 3309 Erl.
711 3249 764 3332 [B]
794 3261 889 3328 patet,
918 3253 1042 3321 erravit,
1073 3252 1131 3308 huc
1153 3261 1248 3309 trans·

168 3337 282 3408 ferens,
317 3339 394 3411 quod
423 3339 512 3412 paulo
539 3349 607 3413 post
634 3340 714 3411 (ante
747 3359 764 3394 α
793 3340 894 3410 nrrrln‘e)
923 3337 1064 3412 scriptum
1094 3346 1170 3404 erat;
1204 3337 1248 3393 illi

167 3423 389 3481 coniunctivum
413 3442 477 3479 cum
502 3424 607 3480 ceteris
630 3433 758 3480 tuentur.
799 3426 898 3496 Atque
922 3423 946 3478 is
969 3423 1043 3478 adeo
1067 3424 1249 3479 necessarius

169 3519 215 3566 est
243 3509 273 3565 in
301 3509 358 3565 hec
385 3509 499 3565 alienae
527 3509 705 3570 sententiae,
735 3528 752 3563 a
780 3527 837 3581 qua
866 3507 971 3564 Cicero
998 3507 1169 3583 longissime
1197 3509 1248 3563 ab·

86 3627 88 3629 ·
167 3595 283 3661 horret,
312 3614 366 3669 per
393 3595 542 3668 obliquam
572 3594 734 3650 orationem
765 3593 993 3668 significatione,
1016 3603 1050 3649 ut
1078 3612 1135 3649 non
1164 3594 1248 3649 dubi·

169 3680 257 3737 tarim
286 3680 374 3735 etiem
403 3684 439 3736 sit
468 3699 521 3753 pro
549 3690 588 3735 est
615 3698 767 3753 reponere.
811 3679 889 3735 Nam
918 3678 996 3751 quod
1019 3677 1113 3735 Gzius
1141 3697 1248 3752 magno

169 3783 235 3821 curn
270 3765 395 3839 strepitu
429 3765 529 3822 docet.
563 3764 716 3838 particulis
750 3767 802 3819 trial
826 3767 902 3837 sorte
929 3763 1120 3818 indicativum
1154 3762 1248 3818 subici

168 3849 281 3907 solere.
305 3869 341 3905 ne
365 3851 447 3925 pueri
471 3850 589 3923 quidem
612 3849 808 3906 tolerabiliter
830 3849 957 3904 instituti
979 3848 1130 3922 ignorant,
1159 3848 1187 3903 id
1211 3847 1248 3903 ad

168 3934 390 3991 coniunctivum
427 3936 464 3992 ob
499 3936 586 3992 aliam
621 3952 738 3990 causam
773 3934 910 4007 obliquae
944 3933 1086 3989 orationis
1119 3932 1246 4006 positum

168 4019 243 4076 nihil
266 4021 429 4094 pertinere3
453 4021 500 4076 hic
524 4029 621 4076 tamen
645 4020 767 4075 verbum
791 4020 910 4074 omnino
933 4036 990 4074 non
1013 4017 1073 4073 illis
1097 4016 1249 4092 particulis

168 4105 324 4162 subicitur.

255 4200 294 4256 et,
317 4194 343 4246 si
364 4192 473 4265 quondo
496 4201 573 4265 trcrpc
595 4210 645 4245 non
668 4192 794 4259 siccet.)
818 4188 971 4245 Sententia
994 4204 1071 4242 nrrnc
1094 4196 1121 4240 et
1145 4194 1248 4259 aperta

167 4285 199 4332 et
221 4286 317 4332 recta:
348 4275 379 4333 Si
403 4276 520 4349 quando
543 4276 587 4344 id,
612 4275 690 4348 quod
714 4274 802 4348 vulgo
827 4274 975 4335 laudatur,
1004 4282 1089 4345 turpe
1112 4289 1169 4326 non
1194 4283 1247 4334 est,

166 4361 199 4418 id
222 4371 283 4416 tum
307 4361 428 4431 accidit,
452 4379 517 4417 curn
541 4361 647 4436 vulgus
670 4360 699 4416 id
722 4359 837 4425 laudat,
866 4357 944 4431 quod
972 4375 1025 4413 sua
1053 4366 1158 4412 natura
1185 4373 1247 4411 rec·

166 4455 231 4503 tum
254 4456 299 4503 cst
321 4448 366 4518 (ut
388 4446 599 4520 turpitudinem
623 4454 774 4501 removeat
796 4462 855 4500 non
879 4441 1076 4499 multitudinis
1098 4460 1172 4511 vox,
1196 4441 1247 4497 sed

992 4557 1043 4606 15*
