3030 5086
137 532 141 541 -
253 489 317 555 536
643 508 688 554 nn
711 507 842 555 ptumus
865 508 938 555 non.

254 674 376 740 homine
398 673 548 755 perfectio
570 674 632 740 ists
653 675 686 739 in
708 693 745 740 eo
767 675 972 757 potissimum,
995 675 1080 756 quod
1102 681 1150 739 est
1167 674 1336 756 optimum,

254 776 287 840 id
311 787 367 854 est,
389 778 421 841 in
443 776 558 840 virtute
581 777 736 842 laudatur.
771 778 881 857 Itaque
903 777 976 841 rnihi
998 795 1059 840 non
1082 776 1159 841 satis
1181 774 1333 840 videmini

255 877 463 956 considerare,
486 878 571 959 quod
587 878 647 943 iter
663 878 706 942 sit
722 885 853 943 naturae
871 896 1013 959 quaeque
1028 876 1217 960 progressio.
1258 877 1334 942 Non

255 979 345 1056 enirn,
368 980 451 1059 quod
473 977 548 1043 facit
569 979 600 1043 in
620 978 770 1061 frugibus,
794 989 837 1058 ut
861 997 930 1044 cum
953 980 994 1044 ad
1012 980 1129 1060 spicam
1147 978 1335 1059 perduxerit

216 1081 294 1148 dab
316 1079 423 1158 herbs,
445 1079 602 1161 relinquat
623 1086 653 1145 et
672 1100 730 1161 pro
750 1080 843 1145 nihilo
861 1081 976 1145 habeat
991 1080 1129 1154 herbam,
1152 1079 1233 1144 idern
1256 1077 1336 1144 facit

255 1182 286 1246 in
309 1180 448 1260 homine,
476 1199 545 1245 cum
574 1200 644 1246 eum
667 1183 709 1246 ad
731 1181 861 1246 rationis
883 1181 1022 1246 habiturn
1044 1183 1198 1263 perduxit.
1243 1182 1333 1248 Seni·

255 1301 313 1364 per
339 1284 420 1348 enirn
442 1282 488 1347 ita
510 1284 641 1348 assumit
662 1284 794 1365 aliquid,
823 1293 857 1348 ut
880 1302 931 1362 ea,
960 1303 1041 1365 quae
1068 1284 1171 1365 prima
1199 1282 1336 1362 dederit

256 1403 317 1449 non
341 1386 477 1450 deserat
520 1386 570 1450 38.
594 1386 704 1467 Itaque
726 1386 868 1450 sensibus
890 1385 1043 1450 rabonem
1060 1384 1202 1450 adiunxit
1218 1390 1257 1462 et
1279 1402 1336 1448 ra·

257 1486 340 1551 bone
367 1485 492 1566 effecta,
525 1505 636 1552 sensus
664 1506 725 1552 non
754 1488 885 1568 reliquit.
940 1487 984 1552 Ut
1010 1487 1036 1550 si
1065 1485 1337 1564 culturensem,

329 1661 349 1706 l.
367 1657 513 1720 potissimum
532 1673 580 1708 om.
602 1659 623 1706 ll
676 1662 700 1707 2.
721 1657 780 1706 idern
798 1657 822 1706 in
841 1656 862 1707 C
914 1661 937 1704 8.
956 1655 1020 1720 quod
1037 1656 1126 1704 arturit
1144 1664 1245 1704 natum
1264 1652 1335 1704 ELO

259 1721 315 1773 Non
334 1725 392 1772 enim
414 1755 439 1761 -,
462 1725 553 1789 spicam
568 1725 706 1790 perduxerit
724 1725 822 1775 Nonius
841 1741 863 1790 p.
881 1730 929 1773 225
971 1742 1017 1774 non
1035 1724 1093 1773 eninr
1113 1740 1160 1774 om.
1181 1724 1202 1772 Ε
1247 1729 1270 1771 t.
1290 1721 1335 1772 loc

258 1791 322 1856 quod
340 1801 393 1856 tpro
412 1792 482 1855 quod,
502 1793 591 1844 LPCR
626 1794 710 1843 victum
729 1794 908 1858 (prouisum)
928 1794 994 1845 Non.
1018 1802 1107 1841 etcum
1127 1793 1148 1840 E
1183 1809 1225 1840 cur
1242 1807 1294 1840 cum
1314 1790 1335 1839 1.

256 1859 395 1925 poduxerr't
413 1861 434 1909 E
450 1863 504 1920 (scd
523 1862 666 1926 udperd.)
703 1868 725 1913 5.
737 1862 835 1923 secitC
871 1867 895 1910 6.
911 1861 1049 1926 perduxerit
1067 1876 1162 1919 ornnes,
1182 1859 1224 1910 Or.
1262 1865 1285 1907 a.
1307 1875 1338 1908 ne

258 1928 352 1978 deserat
371 1929 504 1993 (amisos.
542 1935 564 1981 9.
584 1929 694 1994 relinquit
713 1930 779 1982 COr.
1076 1937 1079 1942 '

345 2069 394 2124 37.
421 2071 449 2124 in
471 2088 501 2125 eo
518 2072 687 2149 potissimum
710 2103 750 2112 -
773 2066 917 2143 incedatur)
941 2069 1016 2126 Dav.
1039 2080 1068 2124 et
1090 2068 1160 2124 Ero.
1183 2066 1335 2123 malebant

258 2158 369 2211 locatur.
404 2154 498 2210 Paulo
515 2154 643 2224 brevius.
666 2155 716 2211 sed
734 2166 813 2212 recte
830 2153 934 2213 Cicero
951 2153 1077 2228 scripsit.
1101 2154 1156 2209 hac
1173 2151 1334 2208 sententis:

259 2238 443 2313 potissimum
468 2238 619 2306 laudatur,
648 2251 792 2314 quatenus
821 2240 850 2295 in
873 2239 982 2295 virtute
1005 2237 1190 2313 perspicitur.
1235 2235 1336 2312 signi·

260 2325 326 2380 ficut
349 2323 439 2400 igitur
462 2323 657 2399 praepositio,
686 2325 769 2381 cuius
792 2324 833 2380 rei
856 2324 886 2379 in
911 2323 1057 2379 laudando
1080 2323 1155 2379 ratio
1178 2320 1333 2391 habentur,

260 2428 317 2465 non
341 2408 434 2464 multo
457 2408 544 2465 aliter
565 2419 653 2483 atque
682 2409 737 2465 hoc
759 2409 836 2467 libro
860 2411 914 2465 76:
943 2413 974 2464 in
994 2408 1169 2481 qubenrondo
1190 2407 1270 2475 nibil,
1301 2408 1336 2462 in

259 2496 346 2567 officio
364 2495 513 2568 plurimum
535 2497 651 2564 interest,
674 2513 728 2568 quo
744 2497 770 2550 in
784 2513 878 2567 qertere
891 2504 1024 2568 peccetur,
1048 2502 1077 2549 et
1094 2512 1153 2566 quo
1170 2492 1235 2549 loco
1254 2490 1291 2547 ad
1309 2490 1336 2559 Ι,

261 2581 279 2635 4
298 2597 367 2634 usus
384 2596 458 2648 sum,
476 2579 563 2635 Tusa.
576 2579 613 2647 V,
628 2579 682 2634 24:
700 2589 813 2635 venatur
829 2582 861 2635 in
877 2598 906 2635 eo
918 2579 993 2645 libro,
1011 2588 1076 2648 cet,
1094 2575 1136 2658 [et
1149 2595 1202 2652 pro
1215 2576 1334 2635 Cluent.

266 2667 338 2719 141:
363 2667 393 2719 in
412 2666 445 2719 iis
462 2664 624 2719 orationibus
643 2665 840 2739 reprehensum,
863 2663 899 2719 ad
918 2664 1065 2730 Famix,
1083 2664 1129 2731 16,
1144 2663 1172 2731 5,
1190 2662 1227 2718 ad
1239 2660 1275 2734 Q
1285 2660 1336 2718 Fr.

261 2749 307 2817 ΙΙ,
333 2750 366 2818 t,
391 2744 433 2826 5].
478 2747 693 2806 Perfectionom
722 2757 819 2805 autem
843 2748 948 2807 Cicero
976 2748 1046 2804 dicit
1074 2767 1155 2816 earn,
1187 2765 1245 2820 qua
1271 2754 1337 2802 tote

261 2832 388 2889 bominis
411 2841 515 2889 natura
537 2852 555 2889 a
578 2833 721 2908 sapientia
744 2833 916 2890 absolvatur
938 2833 990 2906 (34
1015 2844 1043 2889 et
1062 2833 1123 2905 35).
1167 2827 1238 2890 Mox
1262 2831 1340 2905 quod

261 2923 311 2975 iter
332 2921 367 2974 sit
390 2919 476 2977 Grut.
502 2937 518 2973 a
542 2917 639 2975 Pate
663 2928 691 2974 et
714 2918 777 2975 cod.
792 2918 870 2976 Scal.
894 2918 989 2991 (Parr.
1014 2915 1336 2986 tribus,E1.,Gud.1,

264 3004 340 3070 Bas..
354 3003 444 3071 Mon„
462 3002 549 3059 etiarn
562 3003 660 3075 Mor-u.
677 3021 741 3059 curn
761 3003 790 3059 in
808 3003 913 3059 ceteris
926 3002 1025 3076 (Pata,
1039 3003 1145 3069 Mead..
1158 3000 1248 3066 Oxx..
1266 2998 1338 3058 Gzii

263 3086 332 3166 [B])
346 3097 423 3143 esset
440 3089 514 3161 quod
530 3091 641 3154 intersit,
660 3087 689 3143 in
702 3088 765 3144 edd.
779 3086 841 3144 fare
854 3089 922 3162 qnid
934 3091 1043 3143 intersit.
1067 3087 1125 3144 Sed
1139 3087 1195 3143 ism
1209 3087 1236 3142 R
1246 3095 1338 3141 recte.

350 3172 410 3228 Non
432 3176 509 3243 enim,
532 3175 606 3246 quod
620 3170 707 3250 facit)
732 3172 781 3230 Sic
801 3175 874 3230 Dar.
902 3172 976 3240 „fide
996 3172 1229 3228 Parisinorurn“.
1263 3168 1338 3228 Cor·

263 3257 321 3314 tius
350 3257 547 3313 testimonium
571 3257 671 3314 Nonii.
717 3257 815 3316 Ceteri
844 3258 1004 3314 deteriores
1032 3257 1132 3323 codd,
1163 3256 1199 3311 de
1228 3254 1338 3329 quibus

264 3352 391 3409 constet,
421 3352 449 3398 et
477 3342 543 3400 edd.
566 3352 634 3398 ante
658 3342 829 3399 Davisiurn:
858 3342 919 3399 Non
942 3346 1009 3398 enon
1032 3343 1080 3399 boe
1102 3343 1176 3415 quoti
1190 3342 1276 3413 fucitt
1305 3339 1344 3412 in

263 3428 341 3502 Spin.
365 3424 431 3504 [B]‚
454 3436 487 3483 ut
509 3427 538 3484 in
563 3423 639 3495 Eri,
663 3427 765 3483 aberat
788 3436 816 3484 et
840 3428 887 3484 lroc
910 3436 939 3481 et
961 3446 1012 3482 non
1035 3429 1114 3489 enim,
1138 3426 1194 3481 boo
1216 3424 1335 3498 quidam

263 3513 410 3588 posterius
432 3530 541 3570 errore.
587 3511 648 3589 [De
670 3513 807 3569 restituto
826 3514 956 3587 perduxit
978 3511 1036 3567 vid.
1059 3511 1096 3567 ad
1121 3513 1157 3580 V,
1181 3507 1248 3586 tt]

349 3607 378 3653 ut
389 3616 420 3654 ea
431 3631 464 3640 -
474 3617 524 3653 non
537 3593 737 3676 deserut)[Sic‚
750 3596 1023 3666 ittet-sternunt„
1037 3614 1112 3652 ntrnc
1125 3595 1200 3652 edidi
1215 3603 1339 3670 propter·

264 3683 388 3753 codices,
412 3683 500 3739 etisru
525 3684 563 3748 Β,
589 3678 648 3757 Εξχ
669 3682 717 3756 (de
740 3681 871 3752 Gruteri‚
896 3683 981 3738 Dar..
1004 3680 1072 3739 Gzii
1095 3681 1177 3737 codd.
1203 3680 1338 3753 tucatur),

264 3768 372 3824 omissa
395 3767 540 3824 cautionis
562 3767 783 3843 significatione,
807 3786 881 3841 quae
905 3776 947 3823 est
972 3767 1000 3823 in
1025 3786 1069 3835 ne3
1092 3758 1340 3842 rid.adII,15.]

351 3853 400 3910 38.
425 3872 518 3910 sensus
541 3872 590 3908 uon
613 3853 734 3926 reliquit)
751 3852 793 3908 ita
816 3862 846 3908 nt
870 3871 920 3908 eos
939 3870 1014 3907 nrrnc
1031 3870 1147 3926 quoque
1166 3851 1337 3908 habeamus.

266 3937 415 3995 Describit
427 3938 540 4004 Cicero,
558 3937 673 4011 qualern
692 3939 749 3993 iarn
768 3957 786 3994 a
803 3947 906 3993 natura
925 3936 1058 3993 effectum
1078 3937 1224 3992 hominem
1238 3933 1339 3990 videe-

267 4042 343 4091 rnus;
367 4041 456 4098 supra
473 4023 620 4091 universe,
644 4022 699 4077 iter
721 4031 844 4079 naturae
867 4023 953 4096 qrrale
973 4022 1019 4089 sit,
1044 4021 1180 4078 ostendit.
1224 4018 1341 4076 Iniuria

265 4108 418 4164 Ernestius
435 4107 526 4164 edidit
543 4109 665 4180 odiunpit
678 4139 714 4149 -—
730 4110 862 4182 relinquit.
880 4107 963 4180 quasi
982 4125 1058 4162 nune
1075 4107 1191 4162 demum
1204 4104 1340 4161 homines

265 4193 350 4250 fiant:
374 4193 586 4249 incorrrmodius
604 4191 697 4249 Gaius
713 4195 838 4248 adiecerit
857 4192 950 4248 tenuit
973 4203 1001 4248 et
1024 4210 1040 4248 e
1063 4191 1164 4265 petreis
1187 4189 1340 4246 codicibus

265 4273 358 4348 (EU}‚
376 4278 490 4335 duobus
508 4278 580 4352 suis)
598 4287 626 4333 et
644 4277 709 4333 edd.
721 4287 791 4334 vett.
804 4281 842 4349 (s.
860 4278 948 4347 1480,
964 4277 1052 4350 lunt.)
1071 4278 1195 4351 relinquit
1211 4274 1341 4349 scripsit,

265 4362 347 4437 qrrasi
361 4362 478 4420 divorso
491 4373 621 4438 ternpore
634 4362 705 4418 haec
719 4373 823 4419 natura
834 4362 936 4419 lecerit
949 4381 983 4418 ao
995 4361 1093 4418 faciat.
1119 4360 1296 4435 Saepissime
1309 4359 1341 4416 in

265 4447 416 4504 codicibus
439 4447 577 4505 scribitur
595 4449 719 4522 relinquit
741 4457 770 4504 et
788 4450 952 4521 relinquerat
974 4465 1027 4522 pro
1044 4450 1159 4520 reliquit,
1182 4447 1342 4519 reliquerat.
