3030 5086
248 463 290 527 38
647 479 692 525 na
713 479 845 527 amisus
867 479 940 526 uon.

253 647 327 727 quid
349 666 411 712 non
433 646 557 728 probes.
614 647 787 727 Principio,
815 647 956 728 inquam,
983 647 1193 729 inphysicis,
1221 642 1340 726 quibus

253 749 385 813 maxime
412 749 579 831 gloriatur,
608 750 743 830 primum
769 755 855 813 totus
883 757 931 814 est
960 749 1089 814 chenus
1133 745 1340 813 Democritea

255 850 338 929 dicit,
360 869 519 931 perpauca
541 860 675 931 mutans,
697 852 754 915 sed
775 851 828 928 ita,
850 858 885 915 ut
907 869 953 929 ea
976 869 1058 932 quae
1079 850 1238 943 corrigere
1259 846 1338 923 vult.

256 952 331 1017 mihi
348 952 473 1032 quidem
490 953 666 1033 depravare
683 953 835 1016 videatur.
868 951 924 1017 Ille
941 961 1071 1030 atomos
1088 970 1166 1033 quas
1182 948 1337 1032 appellat,

216 1053 286 1119 hid
308 1064 365 1132 est
389 1071 523 1134 corpora
545 1053 707 1119 individua
728 1062 860 1135 propter
882 1053 1081 1133 soliditatem,
1103 1060 1210 1119 censet
1229 1053 1264 1117 iu
1287 1049 1338 1116 iu·

324 1279 348 1323 2.
375 1273 519 1352 [Damocrito
536 1273 610 1323 adicit
631 1277 661 1322 ll
669 1273 676 1341 ]
714 1274 847 1324 Democriti
862 1272 976 1323 adicitE
1016 1273 1152 1324 Democrito
1169 1271 1256 1322 ediscit
1277 1270 1337 1338 [AR

255 1344 299 1392 aad
317 1341 584 1408 adica1LPMctsOr.
602 1342 701 1407 (adiecit
720 1344 740 1393 0
758 1343 890 1405 οὸἱίοίοῐι)
926 1350 949 1390 4.
971 1343 1085 1408 [athomos
1103 1337 1271 1413 Al'urduoug
1289 1339 1337 1390 Or.

255 1534 279 1592 Ι.
305 1534 343 1590 69
367 1541 398 1589 et
421 1534 470 1603 73,
494 1533 530 1589 de
555 1533 618 1590 Fet.
645 1534 681 1588 21
701 1551 765 1607 sqq.
812 1534 858 1591 De
880 1532 1057 1609 gloriatione
1081 1532 1232 1607 Epicuri
1224 1550 1255 1588 1n
1279 1530 1339 1587 hac

254 1627 339 1694 parto
361 1618 415 1675 cir.
441 1618 477 1674 ad
501 1619 579 1686 563.

341 1703 511 1759 Democritea
522 1705 599 1775 dicit)
611 1703 768 1760 Praeclare
780 1703 853 1758 haec
865 1701 981 1758 sanavit
989 1701 1050 1760 Erl.
1058 1698 1089 1781 [o
1101 1702 1340 1774 quoDcmoctitia

255 1784 439 1866 posueram];
464 1806 531 1843 uam
548 1789 578 1844 in
595 1788 716 1863 vulgata
732 1788 878 1861 scriptura
899 1787 963 1844 iure
986 1794 1015 1842 et
1027 1786 1153 1846 Ursinus
1169 1784 1341 1843 offenderat

256 1874 437 1947 (adhaerescit
469 1873 499 1928 in
533 1891 586 1929 suo
613 1873 665 1930 illo
693 1874 762 1929 ficto
789 1872 866 1929 libro
894 1871 953 1946 legi
983 1871 1095 1943 dicens)
1123 1880 1154 1928 et
1180 1870 1339 1933 Davisius,

256 1958 307 2031 qui
334 1958 477 2032 primum
507 1957 584 2031 quod
612 1958 641 2014 in
670 1957 746 2016 000
775 1967 803 2013 et
831 1957 876 2013 ed.
901 1959 1007 2014 Venet.
1035 1957 1114 2013 1471
1145 1966 1209 2013 erat
1235 1957 1340 2013 adiecit

256 2043 379 2114 (etiam'
371 2062 400 2099 m
413 2041 471 2101 Ox
478 2046 550 2118 χ),τ
537 2042 722 2099 scribendum
741 2042 879 2117 putabat:
898 2042 1052 2098 Democrito
1067 2043 1179 2107 accede,
1191 2058 1340 2117 perpauca

256 2138 371 2188 mutans.
395 2128 510 2197 deinde
534 2145 599 2183 cum
623 2128 652 2183 iu
675 2128 744 2184 Par.
774 2125 838 2198 1(Ρ
840 2131 903 2198 )et
926 2128 944 2183 3
967 2128 1009 2200 (et
1032 2126 1096 2184 cod
1116 2127 1209 2201 Vico.)
1230 2127 1340 2183 adciscit

256 2212 450 2288 repperisset:
485 2213 522 2270 Sc
555 2213 708 2269 Democrito
739 2214 845 2269 addacit
878 2214 983 2287 (pravo
1016 2212 1173 2268 verborum
1206 2210 1337 2283 ordine).

256 2299 381 2356 Frustra
408 2298 498 2354 ceteri
526 2298 676 2373 explicare
704 2298 854 2373 vulgatam
885 2297 1060 2372 scripturam
1090 2305 1248 2355 conantur.
1282 2294 1338 2352 alii

256 2385 340 2441 aciiu't
362 2383 590 2458 interpretantes
612 2384 715 2439 accedit
735 2392 788 2439 aut
810 2401 847 2438 ex
865 2382 941 2438 male
958 2381 1109 2439 intellecto
1122 2381 1247 2457 Vergilii
1268 2381 1338 2437 loco

256 2470 287 2526 in
310 2468 437 2526 Aeneid.
464 2469 504 2531 X,
521 2469 579 2524 182
604 2477 655 2524 ant
677 2467 774 2542 ellipsi
796 2467 930 2524 inaudita
953 2475 1068 2523 utentes
1091 2466 1172 2523 vocis
1193 2468 1338 2533 calculum,

257 2554 309 2611 alii
321 2552 436 2623 (Gaius.
450 2553 555 2626 Orell.)
576 2553 647 2608 mire
666 2553 921 2628 interpungentes:
944 2554 1028 2609 adicit
1045 2570 1194 2627 perpauca,
1219 2561 1338 2620 pintana,

258 2638 343 2712 quasi
355 2648 461 2694 nuaaur
478 2639 520 2694 sio
533 2637 666 2694 absolute
679 2638 736 2694 dici
748 2637 842 2712 possit
853 2647 904 2693 aut
916 2655 973 2693 non
987 2637 1029 2693 sio
1041 2637 1081 2706 id,
1098 2636 1177 2711 quod
1190 2654 1339 2693 summum

258 2733 316 2780 est.
346 2723 517 2780 Democrito
540 2723 700 2798 Epicurum
724 2723 897 2779 adhaerere.
921 2723 1107 2779 obscuretur.
1130 2739 1197 2778 cum
1219 2730 1339 2778 tanturm

258 2808 385 2865 adiectio
407 2808 596 2884 significatur.
632 2805 801 2888 [Cium.
821 2809 876 2875 IV,
892 2808 946 2863 13:
968 2809 1064 2863 Pauca
1086 2801 1196 2886 mutat]
1236 2806 1342 2863 Dicere

258 2894 363 2953 Cicero
386 2893 557 2968 saepissime
580 2893 616 2949 de
633 2893 875 2969 philosophorum
899 2892 1053 2949 sententiis
1069 2892 1163 2967 ponit,
1187 2900 1221 2948 ut
1236 2890 1273 2948 ds
1290 2891 1340 2948 his

257 2979 331 3055 ipsis
353 2978 430 3035 libro
453 2979 507 3043 lv,
535 2979 587 3035 13:
615 2999 674 3035 cam
703 2980 737 3035 de
759 2980 887 3053 plurimis
913 2979 1005 3034 aarum
1028 2979 1107 3045 dicit,
1136 2987 1191 3033 tum
1212 2986 1282 3033 certe
1303 2977 1342 3033 dc

258 3066 391 3121 trracimis.
425 3062 512 3136 Quod
535 3063 571 3119 ad
595 3063 773 3120 adiectivum
795 3063 964 3119 Democritea
988 3079 1057 3119 mox
1079 3060 1207 3119 refertur
1228 3078 1341 3136 prono·

260 3168 326 3206 men
349 3150 400 3205 ille.
424 3147 460 3204 de
478 3166 513 3204 co
532 3151 590 3219 (est
607 3149 684 3205 enim
708 3157 808 3204 uotum
832 3149 962 3220 schema)
980 3146 1033 3205 cir.
1048 3149 1085 3204 V.
1101 3148 1155 3203 16:
1181 3146 1341 3204 Carneadia

259 3235 333 3290 uobis
354 3234 509 3290 adhibenda
531 3235 625 3289 diarria
647 3244 694 3291 eat.
717 3226 773 3307 qua
794 3243 883 3289 riostcr
899 3234 1049 3290 Anmochus
1070 3233 1180 3289 libenter
1200 3234 1244 3288 uti
1262 3232 1340 3288 solet.

259 3318 310 3376 Ille
331 3321 413 3392 ποίοιν
434 3317 627 3390 (Carneades)
649 3326 716 3377 cet..
740 3328 768 3373 et
791 3337 866 3392 quae
889 3318 930 3374 ihi
954 3318 1098 3375 dicentur.

344 3404 458 3476 atomos)
475 3401 591 3461 Graece
607 3402 699 3461 Gaius
716 3412 746 3460 et
762 3402 901 3461 Orellius.
935 3404 1110 3460 Transierat
1131 3420 1199 3459 vox.
1222 3400 1340 3477 opinor,

260 3489 290 3546 in
313 3488 360 3544 ius
383 3488 470 3545 Latii.

346 3575 376 3630 iti
397 3583 443 3632 est
466 3591 580 3648 corpora
603 3574 743 3630 indiuidua
760 3583 874 3648 propter
895 3575 1067 3644 soliditatem)
1087 3572 1178 3629 Recte
1196 3570 1341 3628 Davisius

260 3659 462 3716 citatLucret.
476 3660 499 3718 1
513 3660 590 3715 485:
615 3659 672 3715 Sal
687 3677 758 3733 qrroe
779 3668 842 3715 mort
864 3677 952 3714 rernm
970 3659 1132 3733 primordia
1155 3659 1231 3713 nulla
1249 3664 1342 3731 potest

260 3748 300 3800 tis
318 3743 473 3815 Stimulae,-
496 3764 592 3799 aurit.
583 3746 691 3800 solido
715 3747 820 3800 tiummt
842 3763 873 3799 ea
897 3763 1007 3818 corpore
1025 3744 1138 3798 cicorum.
1173 3729 1342 3798 Addentlus

260 3829 341 3887 Plut.
366 3826 403 3901 (Ρ)
428 3828 508 3887 Plac.
533 3828 647 3886 Philas.
671 3830 695 3885 Ι.
721 3829 904 3916 apertu
926 3830 1001 3900 (sive
1020 3827 1103 3885 Stob.
1123 3827 1225 3923 Eclog.
1245 3825 1341 3922 Phys.

260 3934 290 3990 p
306 3915 365 3971 306
380 3915 498 3986 Heer)
522 3901 638 3985 ἄτομος
655 3904 690 3969 οὗ
713 3898 838 3968 derasas
860 3910 1021 3987 τμηθνοαε,
1045 3902 1168 3986 ἀπαθνς
1191 3927 1268 3967 ουοα
1290 3899 1341 3968 καὶ

262 3992 447 4072 ἀμέτοχος
468 3995 574 4054 κενοῖ·
597 4008 626 4054 et
649 3998 738 4072 paulo
761 4010 843 4054 ante:
872 3989 1063 4070 σώματα-
1086 3987 1220 4087 ἀμέτοχα
1242 3992 1340 4063 moi

262 4075 419 4172 ἀμ’,ονητα
449 4073 545 4148 ἀΐδια,
552 4070 740 4175 ἄφθαρτα,
769 4072 838 4138 οὗτε
854 4078 1061 4177 θραυσθῆναι
1092 4069 1244 4152 δυνάμενα
1272 4096 1343 4136 οοτο

261 4151 487 4239 hrinluouor'
473 4184 502 4220 rx
523 4163 582 4222 τῶν
600 4185 697 4241 μερων
714 4156 867 4241 λαβεῖν’
832 4186 884 4223 ουτ
885 4157 1122 4239 ’ἀλλοιωθῆναι
1157 4164 1221 4221 Nec
1238 4182 1342 4238 quem·

262 4269 350 4324 quam
373 4251 475 4327 fugere
497 4261 609 4326 potest
637 4251 704 4308 idco
732 4262 846 4308 atomos
869 4250 981 4326 putari.
1009 4249 1087 4324 quod
1116 4249 1189 4305 nihil
1212 4248 1343 4306 habeant

261 4336 358 4392 vacui.
381 4336 455 4393 nihil
476 4336 642 4411 compositi,
664 4337 744 4411 quod
762 4336 885 4394 dissolvi
903 4336 1005 4411 possit.
1042 4335 1138 4408 (Quae
1151 4334 1287 4391 Bremius
1303 4351 1342 4390 ex

262 4420 351 4497 Diog.
366 4422 589 4491 Laert.1x‚44
607 4421 655 4495 (de
675 4423 858 4496 Democrito)
881 4422 961 4481 citat.
984 4420 1082 4476 minus
1104 4418 1161 4476 huc
1183 4419 1342 4494 pertinent.
