<?xml version="1.0" encoding="UTF-8"?>
<!DOCTYPE html PUBLIC "-//W3C//DTD XHTML 1.0 Transitional//EN"
    "http://www.w3.org/TR/xhtml1/DTD/xhtml1-transitional.dtd">
<html xmlns="http://www.w3.org/1999/xhtml" xml:lang="en" lang="en">
 <head>
  <title>
</title>
<meta http-equiv="Content-Type" content="text/html;charset=utf-8" />
  <meta name='ocr-system' content='tesseract 3.04.00' />
  <meta name='ocr-capabilities' content='ocr_page ocr_carea ocr_par ocr_line ocrx_word'/>
</head>
<body>
  <div class='ocr_page' id='page_1' title='image "./mtulliiciceroni35cicegoog_0437.png"; bbox 0 0 3030 5086; ppageno 0'>
   <div class='ocr_carea' id='block_1_1' title="bbox 316 449 1002 543">
    <p class='ocr_par' dir='ltr' id='par_1_1' title="bbox 316 449 1002 543">
     <span class='ocr_line' id='line_1_1' title="bbox 316 449 1002 543; baseline -0.006 -28"><span class='ocrx_word' id='word_1_1' title='bbox 316 449 380 543; x_wconf 78' lang='lat'>336</span> <span class='ocrx_word' id='word_1_2' title='bbox 708 467 753 512; x_wconf 83' lang='lat' dir='ltr'>os</span> <span class='ocrx_word' id='word_1_3' title='bbox 776 465 908 513; x_wconf 78' lang='lat' dir='ltr'>nmmos</span> <span class='ocrx_word' id='word_1_4' title='bbox 931 466 1002 511; x_wconf 84' lang='lat' dir='ltr'>sou.</span> 
     </span>
    </p>
   </div>
   <div class='ocr_carea' id='block_1_2' title="bbox 279 632 1397 1528">
    <p class='ocr_par' dir='ltr' id='par_1_2' title="bbox 279 632 1397 1528">
     <span class='ocr_line' id='line_1_2' title="bbox 317 632 1396 717; baseline 0.001 -16"><span class='ocrx_word' id='word_1_5' title='bbox 317 634 410 701; x_wconf 83' lang='lat' dir='ltr'>etism</span> <span class='ocrx_word' id='word_1_6' title='bbox 427 635 458 699; x_wconf 93' lang='lat' dir='ltr'>in</span> <span class='ocrx_word' id='word_1_7' title='bbox 477 634 535 698; x_wconf 93' lang='lat' dir='ltr'>deo</span> <span class='ocrx_word' id='word_1_8' title='bbox 553 634 800 698; x_wconf 86' lang='lat' dir='ltr'>nominaverunt.</span> <span class='ocrx_word' id='word_1_9' title='bbox 831 633 901 698; x_wconf 89' lang='grc'><strong>119.</strong></span> <span class='ocrx_word' id='word_1_10' title='bbox 918 632 1070 698; x_wconf 88' lang='lat' dir='ltr'><strong>Elicerem</strong></span> <span class='ocrx_word' id='word_1_11' title='bbox 1088 653 1125 698; x_wconf 85' lang='lat' dir='ltr'>ex</span> <span class='ocrx_word' id='word_1_12' title='bbox 1140 644 1170 700; x_wconf 86' lang='lat' dir='ltr'>te</span> <span class='ocrx_word' id='word_1_13' title='bbox 1181 654 1396 717; x_wconf 79' lang='lat' dir='ltr'>cogeremque,</span> 
     </span>
     <span class='ocr_line' id='line_1_3' title="bbox 317 734 1397 829; baseline 0.004 -29"><span class='ocrx_word' id='word_1_14' title='bbox 317 744 352 800; x_wconf 94' lang='lat' dir='ltr'>ut</span> <span class='ocrx_word' id='word_1_15' title='bbox 373 736 595 817; x_wconf 79' lang='lat' dir='ltr'>responderes,</span> <span class='ocrx_word' id='word_1_16' title='bbox 618 735 676 800; x_wconf 91' lang='lat' dir='ltr'>nisi</span> <span class='ocrx_word' id='word_1_17' title='bbox 698 752 840 814; x_wconf 86' lang='lat' dir='ltr'>vererer,</span> <span class='ocrx_word' id='word_1_18' title='bbox 864 753 903 798; x_wconf 97' lang='lat' dir='ltr'>ne</span> <span class='ocrx_word' id='word_1_19' title='bbox 925 734 1092 801; x_wconf 84' lang='lat' dir='ltr'>Herculem</span> <span class='ocrx_word' id='word_1_20' title='bbox 1114 737 1217 829; x_wconf 84' lang='lat' dir='ltr'>ipsum</span> <span class='ocrx_word' id='word_1_21' title='bbox 1240 756 1292 816; x_wconf 92' lang='lat' dir='ltr'>ea,</span> <span class='ocrx_word' id='word_1_22' title='bbox 1315 757 1397 818; x_wconf 80' lang='lat' dir='ltr'>quse</span> 
     </span>
     <span class='ocr_line' id='line_1_4' title="bbox 316 835 1396 919; baseline 0.004 -19"><span class='ocrx_word' id='word_1_23' title='bbox 316 856 374 918; x_wconf 93' lang='lat' dir='ltr'>pro</span> <span class='ocrx_word' id='word_1_24' title='bbox 397 837 497 902; x_wconf 87' lang='lat' dir='ltr'>salute</span> <span class='ocrx_word' id='word_1_25' title='bbox 513 836 651 915; x_wconf 85' lang='lat' dir='ltr'>gentium</span> <span class='ocrx_word' id='word_1_26' title='bbox 669 854 790 900; x_wconf 91' lang='lat' dir='ltr'>summo</span> <span class='ocrx_word' id='word_1_27' title='bbox 807 835 916 901; x_wconf 86' lang='lat' dir='ltr'>labore</span> <span class='ocrx_word' id='word_1_28' title='bbox 934 835 1093 918; x_wconf 82' lang='lat' dir='ltr'>gessisset,</span> <span class='ocrx_word' id='word_1_29' title='bbox 1115 837 1283 919; x_wconf 87' lang='lat' dir='ltr'>voluptatis</span> <span class='ocrx_word' id='word_1_30' title='bbox 1301 857 1396 904; x_wconf 86' lang='lat' dir='ltr'>cansa</span> 
     </span>
     <span class='ocr_line' id='line_1_5' title="bbox 316 937 1395 1021; baseline 0.002 -18"><span class='ocrx_word' id='word_1_31' title='bbox 316 938 452 1020; x_wconf 81' lang='lat' dir='ltr'>gessisse</span> <span class='ocrx_word' id='word_1_32' title='bbox 474 937 603 1003; x_wconf 88' lang='lat' dir='ltr'>diceres.</span> <span class='ocrx_word' id='word_1_33' title='bbox 649 940 736 1018; x_wconf 81' lang='lat' dir='ltr'>Quae</span> <span class='ocrx_word' id='word_1_34' title='bbox 758 956 826 1002; x_wconf 90' lang='lat' dir='ltr'>cum</span> <span class='ocrx_word' id='word_1_35' title='bbox 850 937 1012 1016; x_wconf 85' lang='lat' dir='ltr'>dixissem,</span> <span class='ocrx_word' id='word_1_36' title='bbox 1041 938 1165 1017; x_wconf 87' lang='lat' dir='ltr'>Habeo,</span> <span class='ocrx_word' id='word_1_37' title='bbox 1193 939 1293 1021; x_wconf 92' lang='lat' dir='ltr'>inquit</span> <span class='ocrx_word' id='word_1_38' title='bbox 1316 941 1395 1005; x_wconf 90' lang='lat' dir='ltr'>Tor-</span> 
     </span>
     <span class='ocr_line' id='line_1_6' title="bbox 279 1038 1396 1123; baseline -0.001 -16"><span class='ocrx_word' id='word_1_39' title='bbox 279 1043 444 1123; x_wconf 82' lang='lat' dir='ltr'>5quotus,</span> <span class='ocrx_word' id='word_1_40' title='bbox 473 1040 515 1103; x_wconf 87' lang='lat' dir='ltr'>sd</span> <span class='ocrx_word' id='word_1_41' title='bbox 537 1057 616 1120; x_wconf 92' lang='lat' dir='ltr'>quos</span> <span class='ocrx_word' id='word_1_42' title='bbox 638 1039 700 1104; x_wconf 89' lang='lat' dir='ltr'>ista</span> <span class='ocrx_word' id='word_1_43' title='bbox 722 1038 868 1118; x_wconf 81' lang='lat' dir='ltr'>referam,</span> <span class='ocrx_word' id='word_1_44' title='bbox 897 1047 944 1119; x_wconf 90' lang='lat' dir='ltr'>et,</span> <span class='ocrx_word' id='word_1_45' title='bbox 973 1057 1161 1122; x_wconf 87' lang='lat' dir='ltr'>quamquam</span> <span class='ocrx_word' id='word_1_46' title='bbox 1184 1040 1300 1123; x_wconf 94' lang='lat' dir='ltr'>aliquid</span> <span class='ocrx_word' id='word_1_47' title='bbox 1328 1041 1396 1121; x_wconf 90' lang='lat' dir='ltr'>ipse</span> 
     </span>
     <span class='ocr_line' id='line_1_7' title="bbox 317 1141 1395 1222; baseline 0.001 -17"><span class='ocrx_word' id='word_1_48' title='bbox 317 1147 468 1222; x_wconf 90' lang='lat' dir='ltr'>poteram,</span> <span class='ocrx_word' id='word_1_49' title='bbox 484 1146 588 1206; x_wconf 89' lang='lat' dir='ltr'>tamen</span> <span class='ocrx_word' id='word_1_50' title='bbox 600 1141 740 1206; x_wconf 88' lang='lat' dir='ltr'>invenire</span> <span class='ocrx_word' id='word_1_51' title='bbox 751 1143 834 1205; x_wconf 91' lang='lat' dir='ltr'>malo</span> <span class='ocrx_word' id='word_1_52' title='bbox 846 1141 1032 1221; x_wconf 86' lang='lat' dir='ltr'>paratiores.</span> <span class='ocrx_word' id='word_1_53' title='bbox 1066 1141 1249 1207; x_wconf 83' lang='lat' dir='ltr'>Familiares</span> <span class='ocrx_word' id='word_1_54' title='bbox 1261 1150 1395 1220; x_wconf 90' lang='lat' dir='ltr'>nostros,</span> 
     </span>
     <span class='ocr_line' id='line_1_8' title="bbox 317 1241 1394 1324; baseline 0 -16"><span class='ocrx_word' id='word_1_55' title='bbox 317 1244 419 1320; x_wconf 86' lang='lat' dir='ltr'>oredo,</span> <span class='ocrx_word' id='word_1_56' title='bbox 436 1241 577 1307; x_wconf 87' lang='lat' dir='ltr'>Sironem</span> <span class='ocrx_word' id='word_1_57' title='bbox 595 1242 672 1307; x_wconf 90' lang='lat' dir='ltr'>dieis</span> <span class='ocrx_word' id='word_1_58' title='bbox 690 1249 721 1308; x_wconf 93' lang='lat' dir='ltr'>et</span> <span class='ocrx_word' id='word_1_59' title='bbox 738 1242 961 1321; x_wconf 89' lang='lat' dir='ltr'>Philodemum,</span> <span class='ocrx_word' id='word_1_60' title='bbox 979 1243 1200 1324; x_wconf 88' lang='lat' dir='ltr'>cumoptimos</span> <span class='ocrx_word' id='word_1_61' title='bbox 1217 1244 1310 1321; x_wconf 89' lang='lat' dir='ltr'>viros,</span> <span class='ocrx_word' id='word_1_62' title='bbox 1330 1252 1394 1308; x_wconf 89' lang='lat' dir='ltr'>tum</span> 
     </span>
     <span class='ocr_line' id='line_1_9' title="bbox 317 1343 1394 1426; baseline 0.001 -17"><span class='ocrx_word' id='word_1_63' title='bbox 317 1344 456 1409; x_wconf 91' lang='lat' dir='ltr'>homines</span> <span class='ocrx_word' id='word_1_64' title='bbox 484 1343 688 1408; x_wconf 88' lang='lat' dir='ltr'>doctissimos.</span> <span class='ocrx_word' id='word_1_65' title='bbox 733 1344 843 1422; x_wconf 87' lang='lat' dir='ltr'>Recte,</span> <span class='ocrx_word' id='word_1_66' title='bbox 870 1343 984 1426; x_wconf 92' lang='lat' dir='ltr'>inquit,</span> <span class='ocrx_word' id='word_1_67' title='bbox 1011 1344 1172 1425; x_wconf 74' lang='lat' dir='ltr'>intellegis.</span> <span class='ocrx_word' id='word_1_68' title='bbox 1217 1347 1283 1426; x_wconf 85' lang='lat' dir='ltr'>Age</span> <span class='ocrx_word' id='word_1_69' title='bbox 1311 1363 1394 1422; x_wconf 88' lang='lat' dir='ltr'>sane,</span> 
     </span>
     <span class='ocr_line' id='line_1_10' title="bbox 317 1445 1395 1528; baseline 0.001 -18"><span class='ocrx_word' id='word_1_70' title='bbox 317 1446 458 1527; x_wconf 87' lang='lat' dir='ltr'>inqusm;</span> <span class='ocrx_word' id='word_1_71' title='bbox 481 1446 538 1510; x_wconf 89' lang='lat' dir='ltr'>sed</span> <span class='ocrx_word' id='word_1_72' title='bbox 561 1452 630 1509; x_wconf 89' lang='lat' dir='ltr'>erat</span> <span class='ocrx_word' id='word_1_73' title='bbox 651 1445 795 1526; x_wconf 78' lang='lat' dir='ltr'>aequiuS,</span> <span class='ocrx_word' id='word_1_74' title='bbox 818 1445 976 1510; x_wconf 85' lang='lat' dir='ltr'>Triarium</span> <span class='ocrx_word' id='word_1_75' title='bbox 998 1445 1116 1528; x_wconf 89' lang='lat' dir='ltr'>aliquid</span> <span class='ocrx_word' id='word_1_76' title='bbox 1139 1446 1178 1510; x_wconf 94' lang='lat' dir='ltr'>de</span> <span class='ocrx_word' id='word_1_77' title='bbox 1200 1445 1395 1512; x_wconf 90' lang='lat' dir='ltr'>dissensione</span> 
     </span>
    </p>
   </div>
   <div class='ocr_carea' id='block_1_3' title="bbox 294 1663 1395 1936">
    <p class='ocr_par' dir='ltr' id='par_1_3' title="bbox 294 1663 1395 1936">
     <span class='ocr_line' id='line_1_11' title="bbox 389 1663 1395 1731; baseline 0 -17"><span class='ocrx_word' id='word_1_78' title='bbox 389 1671 409 1716; x_wconf 92' lang='lat' dir='ltr'>l.</span> <span class='ocrx_word' id='word_1_79' title='bbox 437 1665 507 1715; x_wconf 80' lang='lat' dir='ltr'>etiam</span> <span class='ocrx_word' id='word_1_80' title='bbox 534 1673 558 1715; x_wconf 85' lang='lat' dir='ltr'>ut</span> <span class='ocrx_word' id='word_1_81' title='bbox 585 1664 651 1715; x_wconf 81' lang='lat' dir='ltr'>video</span> <span class='ocrx_word' id='word_1_82' title='bbox 679 1665 798 1716; x_wconf 82' lang='lat' dir='ltr'>LPMCR</span> <span class='ocrx_word' id='word_1_83' title='bbox 850 1663 956 1730; x_wconf 68' lang='lat' dir='ltr'>eligerem</span> <span class='ocrx_word' id='word_1_84' title='bbox 986 1663 1077 1731; x_wconf 70' lang='lat' dir='ltr'>[Amr</span> <span class='ocrx_word' id='word_1_85' title='bbox 1104 1665 1217 1730; x_wconf 71' lang='lat' dir='ltr'>exigerem</span> <span class='ocrx_word' id='word_1_86' title='bbox 1242 1667 1263 1714; x_wconf 77' lang='lat'>1.</span> <span class='ocrx_word' id='word_1_87' title='bbox 1284 1667 1315 1729; x_wconf 89' lang='lat' dir='ltr'>(P</span> <span class='ocrx_word' id='word_1_88' title='bbox 1333 1670 1395 1731; x_wconf 83' lang='lat' dir='ltr'>mg.)</span> 
     </span>
     <span class='ocr_line' id='line_1_12' title="bbox 294 1732 1394 1799; baseline 0.002 -17"><span class='ocrx_word' id='word_1_89' title='bbox 294 1784 298 1793; x_wconf 67' lang='grc'><em>,</em></span> <span class='ocrx_word' id='word_1_90' title='bbox 318 1733 436 1785; x_wconf 79' lang='lat' dir='ltr'>MCROr.</span> <span class='ocrx_word' id='word_1_91' title='bbox 474 1741 496 1786; x_wconf 75' lang='grc'>4.</span> <span class='ocrx_word' id='word_1_92' title='bbox 512 1732 621 1783; x_wconf 74' lang='lat' dir='ltr'>dicereE</span> <span class='ocrx_word' id='word_1_93' title='bbox 658 1737 680 1783; x_wconf 80' lang='grc'>6.</span> <span class='ocrx_word' id='word_1_94' title='bbox 686 1733 828 1796; x_wconf 68' lang='lat' dir='ltr'>sensurum</span> <span class='ocrx_word' id='word_1_95' title='bbox 838 1739 960 1784; x_wconf 78' lang='lat' dir='ltr'>ostendere</span> <span class='ocrx_word' id='word_1_96' title='bbox 970 1732 1093 1782; x_wconf 79' lang='lat' dir='ltr'>nostrosL</span> <span class='ocrx_word' id='word_1_97' title='bbox 1108 1733 1247 1798; x_wconf 78' lang='lat' dir='ltr'>paratiores</span> <span class='ocrx_word' id='word_1_98' title='bbox 1252 1734 1394 1799; x_wconf 82' lang='lat' dir='ltr'>familiares</span> 
     </span>
     <span class='ocr_line' id='line_1_13' title="bbox 317 1800 1394 1880; baseline 0.002 -30"><span class='ocrx_word' id='word_1_99' title='bbox 317 1809 417 1851; x_wconf 76' lang='lat' dir='ltr'>nostros.</span> <span class='ocrx_word' id='word_1_100' title='bbox 439 1801 517 1852; x_wconf 81' lang='lat' dir='ltr'>Credo</span> <span class='ocrx_word' id='word_1_101' title='bbox 535 1801 578 1852; x_wconf 89' lang='lat' dir='ltr'>Or.</span> <span class='ocrx_word' id='word_1_102' title='bbox 602 1808 691 1851; x_wconf 76' lang='lat' dir='ltr'>vestros</span> <span class='ocrx_word' id='word_1_103' title='bbox 711 1802 732 1850; x_wconf 84' lang='lat' dir='ltr'>E</span> <span class='ocrx_word' id='word_1_104' title='bbox 779 1806 800 1854; x_wconf 84' lang='grc'>7.</span> <span class='ocrx_word' id='word_1_105' title='bbox 820 1800 936 1880; x_wconf 59' lang='lat' dir='ltr'>Syronem</span> <span class='ocrx_word' id='word_1_106' title='bbox 953 1800 1094 1854; x_wconf 82' lang='lat' dir='ltr'>LPMOOr.</span> <span class='ocrx_word' id='word_1_107' title='bbox 1118 1800 1246 1867; x_wconf 81' lang='lat' dir='ltr'>Scyronem</span> <span class='ocrx_word' id='word_1_108' title='bbox 1265 1804 1288 1852; x_wconf 87' lang='lat' dir='ltr'>R</span> <span class='ocrx_word' id='word_1_109' title='bbox 1326 1801 1394 1852; x_wconf 81' lang='lat' dir='ltr'>Poli-</span> 
     </span>
     <span class='ocr_line' id='line_1_14' title="bbox 318 1868 1394 1936; baseline 0.001 -16"><span class='ocrx_word' id='word_1_110' title='bbox 318 1869 407 1920; x_wconf 83' lang='lat' dir='ltr'>demnm</span> <span class='ocrx_word' id='word_1_111' title='bbox 419 1870 468 1919; x_wconf 80' lang='lat' dir='ltr'>Lm</span> <span class='ocrx_word' id='word_1_112' title='bbox 487 1868 640 1936; x_wconf 76' lang='lat' dir='ltr'>Polpdemum</span> <span class='ocrx_word' id='word_1_113' title='bbox 653 1869 697 1920; x_wconf 82' lang='lat' dir='ltr'>CR</span> <span class='ocrx_word' id='word_1_114' title='bbox 732 1877 779 1919; x_wconf 81' lang='lat' dir='ltr'>tom</span> <span class='ocrx_word' id='word_1_115' title='bbox 798 1869 896 1935; x_wconf 77' lang='lat' dir='ltr'>opnmo&#39;e</span> <span class='ocrx_word' id='word_1_116' title='bbox 914 1869 982 1919; x_wconf 80' lang='lat' dir='ltr'>LPR</span> <span class='ocrx_word' id='word_1_117' title='bbox 1016 1887 1067 1919; x_wconf 83' lang='lat' dir='ltr'>cum</span> <span class='ocrx_word' id='word_1_118' title='bbox 1085 1870 1142 1934; x_wconf 88' lang='lat' dir='ltr'>(pro</span> <span class='ocrx_word' id='word_1_119' title='bbox 1160 1871 1259 1935; x_wconf 71' lang='lat' dir='ltr'>tumidi</span> <span class='ocrx_word' id='word_1_120' title='bbox 1296 1877 1318 1921; x_wconf 82' lang='grc'>8.</span> <span class='ocrx_word' id='word_1_121' title='bbox 1339 1870 1394 1921; x_wconf 82' lang='lat' dir='ltr'>doc·</span> 
     </span>
    </p>
   </div>
   <div class='ocr_carea' id='block_1_4' title="bbox 317 1937 1394 2070">
    <p class='ocr_par' dir='ltr' id='par_1_4' title="bbox 317 1937 1394 2070">
     <span class='ocr_line' id='line_1_15' title="bbox 317 1937 1394 2004; baseline 0.003 -18"><span class='ocrx_word' id='word_1_122' title='bbox 317 1938 419 1988; x_wconf 62' lang='lat' dir='ltr'>tessimos</span> <span class='ocrx_word' id='word_1_123' title='bbox 436 1937 539 1988; x_wconf 71' lang='lat' dir='ltr'>lomense</span> <span class='ocrx_word' id='word_1_124' title='bbox 557 1937 699 2002; x_wconf 67' lang='lat' dir='ltr'>(noceor.</span> <span class='ocrx_word' id='word_1_125' title='bbox 735 1954 794 1988; x_wconf 82' lang='lat' dir='ltr'>sane</span> <span class='ocrx_word' id='word_1_126' title='bbox 813 1937 903 1990; x_wconf 72' lang='lat' dir='ltr'>omli</span> <span class='ocrx_word' id='word_1_127' title='bbox 940 1942 963 1987; x_wconf 80' lang='lat'>9.</span> <span class='ocrx_word' id='word_1_128' title='bbox 983 1946 1035 1987; x_wconf 83' lang='lat' dir='ltr'>erat</span> <span class='ocrx_word' id='word_1_129' title='bbox 1052 1937 1157 2003; x_wconf 69' lang='lat' dir='ltr'>egregins</span> <span class='ocrx_word' id='word_1_130' title='bbox 1172 1938 1193 1987; x_wconf 89' lang='lat' dir='ltr'>P</span> <span class='ocrx_word' id='word_1_131' title='bbox 1208 1944 1261 2004; x_wconf 85' lang='lat' dir='ltr'>(mg</span> <span class='ocrx_word' id='word_1_132' title='bbox 1283 1940 1394 2003; x_wconf 77' lang='lat' dir='ltr'>aequius)</span> 
     </span>
     <span class='ocr_line' id='line_1_16' title="bbox 318 2005 918 2070; baseline 0.002 -15"><span class='ocrx_word' id='word_1_133' title='bbox 318 2005 417 2070; x_wconf 74' lang='lat' dir='ltr'>aliquod</span> <span class='ocrx_word' id='word_1_134' title='bbox 433 2006 455 2056; x_wconf 81' lang='grc' dir='ltr'>Ε</span> <span class='ocrx_word' id='word_1_135' title='bbox 491 2014 574 2055; x_wconf 84' lang='lat' dir='ltr'>nostra</span> <span class='ocrx_word' id='word_1_136' title='bbox 591 2005 737 2056; x_wconf 78' lang='lat' dir='ltr'>dissensione</span> <span class='ocrx_word' id='word_1_137' title='bbox 755 2005 918 2057; x_wconf 66' lang='lat' dir='ltr'>uincitur.</span> 
     </span>
    </p>
   </div>
   <div class='ocr_carea' id='block_1_5' title="bbox 221 2195 1395 4482">
    <p class='ocr_par' dir='ltr' id='par_1_5' title="bbox 318 2195 1395 2775">
     <span class='ocr_line' id='line_1_17' title="bbox 319 2195 1395 2271; baseline 0.002 -19"><span class='ocrx_word' id='word_1_138' title='bbox 319 2197 389 2253; x_wconf 88' lang='lat' dir='ltr'>bant</span> <span class='ocrx_word' id='word_1_139' title='bbox 406 2195 547 2253; x_wconf 85' lang='lat' dir='ltr'>Davisius</span> <span class='ocrx_word' id='word_1_140' title='bbox 571 2205 600 2253; x_wconf 90' lang='lat' dir='ltr'>et</span> <span class='ocrx_word' id='word_1_141' title='bbox 616 2195 779 2266; x_wconf 82' lang='lat' dir='ltr'>Ernestius,</span> <span class='ocrx_word' id='word_1_142' title='bbox 803 2214 861 2253; x_wconf 91' lang='lat' dir='ltr'>non</span> <span class='ocrx_word' id='word_1_143' title='bbox 884 2196 977 2253; x_wconf 89' lang='lat' dir='ltr'>multo</span> <span class='ocrx_word' id='word_1_144' title='bbox 1000 2195 1104 2253; x_wconf 86' lang='lat' dir='ltr'>melius</span> <span class='ocrx_word' id='word_1_145' title='bbox 1128 2214 1215 2271; x_wconf 85' lang='lat' dir='ltr'>quam</span> <span class='ocrx_word' id='word_1_146' title='bbox 1234 2197 1301 2266; x_wconf 82' lang='lat'>§16</span> <span class='ocrx_word' id='word_1_147' title='bbox 1322 2197 1395 2254; x_wconf 90' lang='lat' dir='ltr'>illud</span> 
     </span>
     <span class='ocr_line' id='line_1_18' title="bbox 318 2280 1394 2356; baseline 0.002 -18"><span class='ocrx_word' id='word_1_148' title='bbox 318 2285 344 2338; x_wconf 83' lang='lat' dir='ltr'>r&#39;n</span> <span class='ocrx_word' id='word_1_149' title='bbox 373 2291 454 2338; x_wconf 84' lang='lat' dir='ltr'>motu.</span> <span class='ocrx_word' id='word_1_150' title='bbox 506 2281 671 2338; x_wconf 71' lang='lat' dir='ltr'>Aer-umnam</span> <span class='ocrx_word' id='word_1_151' title='bbox 700 2291 803 2338; x_wconf 76' lang='lat' dir='ltr'>sentam</span> <span class='ocrx_word' id='word_1_152' title='bbox 831 2281 958 2338; x_wconf 82' lang='lat' dir='ltr'>Herculis</span> <span class='ocrx_word' id='word_1_153' title='bbox 986 2281 1111 2338; x_wconf 84' lang='lat' dir='ltr'>Plautus</span> <span class='ocrx_word' id='word_1_154' title='bbox 1140 2280 1217 2338; x_wconf 91' lang='lat' dir='ltr'>dixit</span> <span class='ocrx_word' id='word_1_155' title='bbox 1244 2281 1330 2356; x_wconf 85' lang='lat' dir='ltr'>Epid.</span> <span class='ocrx_word' id='word_1_156' title='bbox 1353 2283 1394 2345; x_wconf 84' lang='grc' dir='ltr'>ΙΙ,</span> 
     </span>
     <span class='ocr_line' id='line_1_19' title="bbox 322 2361 1394 2446; baseline 0.002 -24"><span class='ocrx_word' id='word_1_157' title='bbox 322 2368 347 2436; x_wconf 95' lang='lat' dir='ltr'>l,</span> <span class='ocrx_word' id='word_1_158' title='bbox 365 2366 392 2435; x_wconf 88' lang='lat'>9,</span> <span class='ocrx_word' id='word_1_159' title='bbox 418 2363 515 2446; x_wconf 87' lang='lat' dir='ltr'>[Pers.</span> <span class='ocrx_word' id='word_1_160' title='bbox 538 2361 667 2444; x_wconf 77' lang='lat'>1,1,2];</span> <span class='ocrx_word' id='word_1_161' title='bbox 692 2364 795 2426; x_wconf 87' lang='lat' dir='ltr'>Cicero</span> <span class='ocrx_word' id='word_1_162' title='bbox 819 2365 937 2442; x_wconf 88' lang='lat' dir='ltr'>saepius</span> <span class='ocrx_word' id='word_1_163' title='bbox 960 2383 1115 2423; x_wconf 85' lang='lat' dir='ltr'>aerumnas</span> <span class='ocrx_word' id='word_1_164' title='bbox 1133 2366 1271 2423; x_wconf 89' lang='lat' dir='ltr'>Herculis</span> <span class='ocrx_word' id='word_1_165' title='bbox 1294 2367 1394 2442; x_wconf 85' lang='lat' dir='ltr'>appel·</span> 
     </span>
     <span class='ocr_line' id='line_1_20' title="bbox 318 2450 1395 2527; baseline 0.002 -20"><span class='ocrx_word' id='word_1_166' title='bbox 318 2451 393 2508; x_wconf 85' lang='lat' dir='ltr'>lotas</span> <span class='ocrx_word' id='word_1_167' title='bbox 416 2450 522 2526; x_wconf 84' lang='lat' dir='ltr'>legisse</span> <span class='ocrx_word' id='word_1_168' title='bbox 545 2450 671 2510; x_wconf 89' lang='lat' dir='ltr'>videtur.</span> <span class='ocrx_word' id='word_1_169' title='bbox 717 2451 792 2507; x_wconf 89' lang='lat' dir='ltr'>Tum</span> <span class='ocrx_word' id='word_1_170' title='bbox 817 2453 844 2506; x_wconf 83' lang='lat' dir='ltr'>in</span> <span class='ocrx_word' id='word_1_171' title='bbox 867 2453 916 2508; x_wconf 87' lang='lat' dir='ltr'>deo</span> <span class='ocrx_word' id='word_1_172' title='bbox 938 2451 1064 2527; x_wconf 86' lang='lat' dir='ltr'>primus,</span> <span class='ocrx_word' id='word_1_173' title='bbox 1093 2460 1125 2507; x_wconf 92' lang='lat' dir='ltr'>ut</span> <span class='ocrx_word' id='word_1_174' title='bbox 1148 2450 1279 2522; x_wconf 82' lang='lat' dir='ltr'>videtur,</span> <span class='ocrx_word' id='word_1_175' title='bbox 1304 2452 1395 2509; x_wconf 87' lang='lat' dir='ltr'>edidit</span> 
     </span>
     <span class='ocr_line' id='line_1_21' title="bbox 318 2532 1393 2612; baseline -0.002 -18"><span class='ocrx_word' id='word_1_176' title='bbox 318 2535 483 2604; x_wconf 65' lang='lat' dir='ltr'>victorium</span> <span class='ocrx_word' id='word_1_177' title='bbox 506 2544 552 2592; x_wconf 90' lang='lat' dir='ltr'>est</span> <span class='ocrx_word' id='word_1_178' title='bbox 573 2535 603 2592; x_wconf 93' lang='lat' dir='ltr'>in</span> <span class='ocrx_word' id='word_1_179' title='bbox 628 2554 684 2612; x_wconf 85' lang='lat' dir='ltr'>rng.</span> <span class='ocrx_word' id='word_1_180' title='bbox 709 2534 788 2596; x_wconf 85' lang='lat' dir='ltr'>Crat.</span> <span class='ocrx_word' id='word_1_181' title='bbox 829 2535 1001 2604; x_wconf 87' lang='lat' dir='ltr'>Deteriores</span> <span class='ocrx_word' id='word_1_182' title='bbox 1024 2554 1139 2594; x_wconf 88' lang='lat' dir='ltr'>omnes:</span> <span class='ocrx_word' id='word_1_183' title='bbox 1163 2546 1191 2592; x_wconf 84' lang='lat' dir='ltr'>nt</span> <span class='ocrx_word' id='word_1_184' title='bbox 1213 2538 1288 2594; x_wconf 77' lang='lat' dir='ltr'>video</span> <span class='ocrx_word' id='word_1_185' title='bbox 1311 2532 1393 2612; x_wconf 75' lang='grc' dir='ltr'>(ξχψ,</span> 
     </span>
     <span class='ocr_line' id='line_1_22' title="bbox 319 2618 1394 2694; baseline -0.002 -16"><span class='ocrx_word' id='word_1_186' title='bbox 319 2619 397 2679; x_wconf 88' lang='lat' dir='ltr'>Gud.</span> <span class='ocrx_word' id='word_1_187' title='bbox 415 2629 548 2694; x_wconf 89' lang='lat' dir='ltr'>uterque,</span> <span class='ocrx_word' id='word_1_188' title='bbox 572 2619 655 2689; x_wconf 86' lang='lat' dir='ltr'>Bes.;</span> <span class='ocrx_word' id='word_1_189' title='bbox 678 2619 830 2678; x_wconf 74' lang='lat' dir='ltr'>tentumll</span> <span class='ocrx_word' id='word_1_190' title='bbox 852 2631 882 2677; x_wconf 81' lang='lat' dir='ltr'>et</span> <span class='ocrx_word' id='word_1_191' title='bbox 904 2623 931 2677; x_wconf 84' lang='lat' dir='ltr'>in</span> <span class='ocrx_word' id='word_1_192' title='bbox 953 2622 1016 2689; x_wconf 73' lang='lat' dir='ltr'>dem</span> <span class='ocrx_word' id='word_1_193' title='bbox 1040 2618 1127 2679; x_wconf 86' lang='lat' dir='ltr'>Grut.</span> <span class='ocrx_word' id='word_1_194' title='bbox 1145 2631 1175 2677; x_wconf 92' lang='lat' dir='ltr'>et</span> <span class='ocrx_word' id='word_1_195' title='bbox 1187 2621 1263 2678; x_wconf 88' lang='lat' dir='ltr'>Dav.</span> <span class='ocrx_word' id='word_1_196' title='bbox 1275 2625 1394 2694; x_wconf 86' lang='lat' dir='ltr'>tacent).</span> 
     </span>
     <span class='ocr_line' id='line_1_23' title="bbox 319 2703 1196 2775; baseline 0.002 -13"><span class='ocrx_word' id='word_1_197' title='bbox 319 2705 365 2763; x_wconf 83' lang='lat' dir='ltr'>Ex</span> <span class='ocrx_word' id='word_1_198' title='bbox 388 2708 414 2761; x_wconf 81' lang='lat' dir='ltr'>in</span> <span class='ocrx_word' id='word_1_199' title='bbox 437 2707 485 2762; x_wconf 84' lang='lat' dir='ltr'>deo</span> <span class='ocrx_word' id='word_1_200' title='bbox 508 2722 573 2762; x_wconf 89' lang='lat' dir='ltr'>oum</span> <span class='ocrx_word' id='word_1_201' title='bbox 596 2703 705 2762; x_wconf 79' lang='lat' dir='ltr'>facturn</span> <span class='ocrx_word' id='word_1_202' title='bbox 729 2714 808 2763; x_wconf 87' lang='lat' dir='ltr'>esset</span> <span class='ocrx_word' id='word_1_203' title='bbox 828 2706 913 2775; x_wconf 83' lang='lat' dir='ltr'>video,</span> <span class='ocrx_word' id='word_1_204' title='bbox 936 2705 1068 2762; x_wconf 86' lang='lat' dir='ltr'>additum</span> <span class='ocrx_word' id='word_1_205' title='bbox 1091 2716 1136 2763; x_wconf 85' lang='lat' dir='ltr'>est</span> <span class='ocrx_word' id='word_1_206' title='bbox 1157 2716 1196 2765; x_wconf 86' lang='lat' dir='ltr'>nt.</span> 
     </span>
    </p>

    <p class='ocr_par' dir='ltr' id='par_1_6' title="bbox 317 2787 1394 3037">
     <span class='ocr_line' id='line_1_24' title="bbox 407 2787 1394 2867; baseline 0.001 -21"><span class='ocrx_word' id='word_1_207' title='bbox 407 2790 476 2849; x_wconf 89' lang='lat'>119.</span> <span class='ocrx_word' id='word_1_208' title='bbox 505 2789 653 2864; x_wconf 75' lang='lat' dir='ltr'>Elicerem)</span> <span class='ocrx_word' id='word_1_209' title='bbox 681 2787 763 2867; x_wconf 88' lang='lat' dir='ltr'>[Hoc</span> <span class='ocrx_word' id='word_1_210' title='bbox 791 2800 858 2865; x_wconf 93' lang='lat' dir='ltr'>post</span> <span class='ocrx_word' id='word_1_211' title='bbox 881 2788 1043 2849; x_wconf 82' lang='lat' dir='ltr'>Gruterum</span> <span class='ocrx_word' id='word_1_212' title='bbox 1067 2789 1205 2848; x_wconf 89' lang='lat' dir='ltr'>Baiterus</span> <span class='ocrx_word' id='word_1_213' title='bbox 1233 2788 1329 2847; x_wconf 82' lang='lat' dir='ltr'>effecit</span> <span class='ocrx_word' id='word_1_214' title='bbox 1358 2809 1394 2847; x_wconf 84' lang='lat' dir='ltr'>ex</span> 
     </span>
     <span class='ocr_line' id='line_1_25' title="bbox 318 2873 1394 2951; baseline 0.001 -20"><span class='ocrx_word' id='word_1_215' title='bbox 318 2873 464 2948; x_wconf 86' lang='lat' dir='ltr'>scriptura</span> <span class='ocrx_word' id='word_1_216' title='bbox 480 2873 613 2932; x_wconf 88' lang='lat' dir='ltr'>codicum</span> <span class='ocrx_word' id='word_1_217' title='bbox 631 2874 752 2934; x_wconf 82' lang='lat' dir='ltr'>ABErl.</span> <span class='ocrx_word' id='word_1_218' title='bbox 792 2876 912 2950; x_wconf 78' lang='lat' dir='ltr'>Em&#39;pere</span> <span class='ocrx_word' id='word_1_219' title='bbox 934 2894 967 2932; x_wconf 80' lang='lat' dir='ltr'>en</span> <span class='ocrx_word' id='word_1_220' title='bbox 988 2877 1080 2950; x_wconf 84' lang='lat' dir='ltr'>aliquo</span> <span class='ocrx_word' id='word_1_221' title='bbox 1102 2894 1155 2951; x_wconf 90' lang='lat' dir='ltr'>pro</span> <span class='ocrx_word' id='word_1_222' title='bbox 1178 2877 1212 2931; x_wconf 82' lang='lat' dir='ltr'>ab</span> <span class='ocrx_word' id='word_1_223' title='bbox 1234 2877 1326 2950; x_wconf 84' lang='lat' dir='ltr'>aliquo</span> <span class='ocrx_word' id='word_1_224' title='bbox 1343 2875 1394 2932; x_wconf 87' lang='lat' dir='ltr'>vix</span> 
     </span>
     <span class='ocr_line' id='line_1_26' title="bbox 317 2958 1394 3037; baseline 0.002 -21"><span class='ocrx_word' id='word_1_225' title='bbox 317 2967 395 3016; x_wconf 88' lang='lat' dir='ltr'>recte</span> <span class='ocrx_word' id='word_1_226' title='bbox 419 2958 535 3018; x_wconf 90' lang='lat' dir='ltr'>dicitur.</span> <span class='ocrx_word' id='word_1_227' title='bbox 582 2958 726 3018; x_wconf 82' lang='lat' dir='ltr'>Gradatio</span> <span class='ocrx_word' id='word_1_228' title='bbox 755 2959 855 3035; x_wconf 84' lang='lat' dir='ltr'>eliqua</span> <span class='ocrx_word' id='word_1_229' title='bbox 883 2970 926 3018; x_wconf 87' lang='lat' dir='ltr'>est</span> <span class='ocrx_word' id='word_1_230' title='bbox 954 2961 984 3017; x_wconf 92' lang='lat' dir='ltr'>in</span> <span class='ocrx_word' id='word_1_231' title='bbox 1013 2959 1157 3017; x_wconf 88' lang='lat' dir='ltr'>eliciendo</span> <span class='ocrx_word' id='word_1_232' title='bbox 1181 2958 1394 3037; x_wconf 83' lang='lat' dir='ltr'>cogendoque.]</span> 
     </span>
    </p>

    <p class='ocr_par' dir='ltr' id='par_1_7' title="bbox 317 3043 1395 3631">
     <span class='ocr_line' id='line_1_27' title="bbox 404 3043 1395 3121; baseline 0 -19"><span class='ocrx_word' id='word_1_233' title='bbox 404 3044 526 3102; x_wconf 79' lang='lat' dir='ltr'>Sironem</span> <span class='ocrx_word' id='word_1_234' title='bbox 548 3044 629 3119; x_wconf 71' lang='lat' dir='ltr'>diem)</span> <span class='ocrx_word' id='word_1_235' title='bbox 653 3044 831 3119; x_wconf 84' lang='lat' dir='ltr'>Epicureum</span> <span class='ocrx_word' id='word_1_236' title='bbox 849 3043 1008 3115; x_wconf 88' lang='lat' dir='ltr'>Graecum,</span> <span class='ocrx_word' id='word_1_237' title='bbox 1031 3045 1082 3120; x_wconf 90' lang='lat' dir='ltr'>qui</span> <span class='ocrx_word' id='word_1_238' title='bbox 1094 3045 1258 3121; x_wconf 85' lang='lat' dir='ltr'>Vergilium</span> <span class='ocrx_word' id='word_1_239' title='bbox 1282 3054 1312 3102; x_wconf 90' lang='lat' dir='ltr'>et</span> <span class='ocrx_word' id='word_1_240' title='bbox 1334 3047 1395 3104; x_wconf 88' lang='lat' dir='ltr'>Vs·</span> 
     </span>
     <span class='ocr_line' id='line_1_28' title="bbox 317 3127 1393 3206; baseline 0.003 -22"><span class='ocrx_word' id='word_1_241' title='bbox 317 3127 391 3185; x_wconf 92' lang='lat' dir='ltr'>rium</span> <span class='ocrx_word' id='word_1_242' title='bbox 426 3135 529 3205; x_wconf 78' lang='lat' dir='ltr'>poetas</span> <span class='ocrx_word' id='word_1_243' title='bbox 563 3129 722 3205; x_wconf 90' lang='lat' dir='ltr'>discipulos</span> <span class='ocrx_word' id='word_1_244' title='bbox 756 3129 894 3188; x_wconf 87' lang='lat' dir='ltr'>habuisse</span> <span class='ocrx_word' id='word_1_245' title='bbox 928 3129 1068 3198; x_wconf 69' lang='lat' dir='ltr'>traditum</span> <span class='ocrx_word' id='word_1_246' title='bbox 1102 3129 1161 3187; x_wconf 88' lang='lat' dir='ltr'>vid.</span> <span class='ocrx_word' id='word_1_247' title='bbox 1196 3131 1329 3206; x_wconf 89' lang='lat' dir='ltr'>Heynius</span> <span class='ocrx_word' id='word_1_248' title='bbox 1357 3130 1393 3187; x_wconf 86' lang='lat' dir='ltr'>ed</span> 
     </span>
     <span class='ocr_line' id='line_1_29' title="bbox 320 3213 1393 3291; baseline 0.002 -21"><span class='ocrx_word' id='word_1_249' title='bbox 320 3213 427 3271; x_wconf 81' lang='lat' dir='ltr'>Donati</span> <span class='ocrx_word' id='word_1_250' title='bbox 461 3213 513 3271; x_wconf 88' lang='lat' dir='ltr'>vit.</span> <span class='ocrx_word' id='word_1_251' title='bbox 541 3214 667 3291; x_wconf 85' lang='lat' dir='ltr'>Vergilii</span> <span class='ocrx_word' id='word_1_252' title='bbox 702 3219 716 3285; x_wconf 73' lang='grc' dir='ltr'><strong>ξ</strong></span> <span class='ocrx_word' id='word_1_253' title='bbox 741 3215 791 3274; x_wconf 88' lang='grc'>79.</span> <span class='ocrx_word' id='word_1_254' title='bbox 844 3214 978 3272; x_wconf 84' lang='lat' dir='ltr'>Eundem</span> <span class='ocrx_word' id='word_1_255' title='bbox 1012 3215 1137 3272; x_wconf 81' lang='lat' dir='ltr'>amicum</span> <span class='ocrx_word' id='word_1_256' title='bbox 1171 3233 1256 3272; x_wconf 89' lang='lat' dir='ltr'>suum</span> <span class='ocrx_word' id='word_1_257' title='bbox 1289 3213 1393 3273; x_wconf 87' lang='lat' dir='ltr'>Cicero</span> 
     </span>
     <span class='ocr_line' id='line_1_30' title="bbox 317 3297 1393 3374; baseline 0.003 -20"><span class='ocrx_word' id='word_1_258' title='bbox 317 3298 467 3374; x_wconf 78' lang='lat' dir='ltr'>appellere</span> <span class='ocrx_word' id='word_1_259' title='bbox 490 3297 606 3355; x_wconf 88' lang='lat' dir='ltr'>videtur</span> <span class='ocrx_word' id='word_1_260' title='bbox 629 3299 666 3356; x_wconf 84' lang='lat' dir='ltr'>ad</span> <span class='ocrx_word' id='word_1_261' title='bbox 688 3298 770 3356; x_wconf 81' lang='lat' dir='ltr'>Fam.</span> <span class='ocrx_word' id='word_1_262' title='bbox 789 3299 842 3369; x_wconf 91' lang='lat' dir='ltr'>VI,</span> <span class='ocrx_word' id='word_1_263' title='bbox 864 3301 911 3370; x_wconf 91' lang='lat'>11,</span> <span class='ocrx_word' id='word_1_264' title='bbox 931 3300 947 3355; x_wconf 79' lang='lat'>2</span> <span class='ocrx_word' id='word_1_265' title='bbox 972 3299 1093 3374; x_wconf 88' lang='lat' dir='ltr'>eiusque</span> <span class='ocrx_word' id='word_1_266' title='bbox 1116 3299 1234 3357; x_wconf 89' lang='lat' dir='ltr'>nominc</span> <span class='ocrx_word' id='word_1_267' title='bbox 1256 3299 1393 3357; x_wconf 81' lang='lat' dir='ltr'>inAced.</span> 
     </span>
     <span class='ocr_line' id='line_1_31' title="bbox 317 3383 1394 3462; baseline 0.001 -21"><span class='ocrx_word' id='word_1_268' title='bbox 317 3383 358 3453; x_wconf 89' lang='lat'>11,</span> <span class='ocrx_word' id='word_1_269' title='bbox 376 3384 433 3440; x_wconf 89' lang='lat'>106</span> <span class='ocrx_word' id='word_1_270' title='bbox 458 3393 606 3457; x_wconf 80' lang='lat' dir='ltr'>tamquam</span> <span class='ocrx_word' id='word_1_271' title='bbox 624 3383 763 3460; x_wconf 85' lang='lat' dir='ltr'>Epicurei</span> <span class='ocrx_word' id='word_1_272' title='bbox 782 3384 944 3442; x_wconf 88' lang='lat' dir='ltr'>doctissimi</span> <span class='ocrx_word' id='word_1_273' title='bbox 962 3384 1063 3441; x_wconf 90' lang='lat' dir='ltr'>utitur.</span> <span class='ocrx_word' id='word_1_274' title='bbox 1097 3383 1249 3462; x_wconf 83' lang='lat' dir='ltr'>[Formam</span> <span class='ocrx_word' id='word_1_275' title='bbox 1267 3385 1394 3442; x_wconf 91' lang='lat' dir='ltr'>nominis</span> 
     </span>
     <span class='ocr_line' id='line_1_32' title="bbox 318 3467 1393 3545; baseline 0.001 -20"><span class='ocrx_word' id='word_1_276' title='bbox 318 3467 450 3542; x_wconf 85' lang='lat' dir='ltr'>expressi</span> <span class='ocrx_word' id='word_1_277' title='bbox 473 3485 551 3525; x_wconf 91' lang='lat' dir='ltr'>nunc</span> <span class='ocrx_word' id='word_1_278' title='bbox 573 3487 610 3525; x_wconf 87' lang='lat' dir='ltr'>ex</span> <span class='ocrx_word' id='word_1_279' title='bbox 634 3468 765 3540; x_wconf 79' lang='lat' dir='ltr'>ABErl,</span> <span class='ocrx_word' id='word_1_280' title='bbox 789 3486 876 3544; x_wconf 83' lang='lat' dir='ltr'>quem</span> <span class='ocrx_word' id='word_1_281' title='bbox 900 3469 941 3527; x_wconf 90' lang='lat' dir='ltr'>M.</span> <span class='ocrx_word' id='word_1_282' title='bbox 962 3469 1111 3545; x_wconf 86' lang='lat' dir='ltr'>Hauptius</span> <span class='ocrx_word' id='word_1_283' title='bbox 1134 3487 1233 3526; x_wconf 88' lang='lat' dir='ltr'>veram</span> <span class='ocrx_word' id='word_1_284' title='bbox 1257 3488 1321 3528; x_wconf 88' lang='lat' dir='ltr'>esse</span> <span class='ocrx_word' id='word_1_285' title='bbox 1344 3470 1393 3526; x_wconf 89' lang='lat' dir='ltr'>de-</span> 
     </span>
     <span class='ocr_line' id='line_1_33' title="bbox 317 3550 702 3631; baseline 0 -21"><span class='ocrx_word' id='word_1_286' title='bbox 317 3550 411 3610; x_wconf 82' lang='lat' dir='ltr'>fendit</span> <span class='ocrx_word' id='word_1_287' title='bbox 433 3553 534 3610; x_wconf 88' lang='lat' dir='ltr'>Herm.</span> <span class='ocrx_word' id='word_1_288' title='bbox 557 3553 574 3610; x_wconf 93' lang='lat'>1</span> <span class='ocrx_word' id='word_1_289' title='bbox 595 3572 623 3629; x_wconf 91' lang='lat' dir='ltr'>p.</span> <span class='ocrx_word' id='word_1_290' title='bbox 637 3551 702 3631; x_wconf 79' lang='lat'>40.]</span> 
     </span>
    </p>

    <p class='ocr_par' dir='ltr' id='par_1_8' title="bbox 316 3635 1393 4222">
     <span class='ocr_line' id='line_1_34' title="bbox 402 3635 1393 3716; baseline 0.003 -23"><span class='ocrx_word' id='word_1_291' title='bbox 402 3635 601 3716; x_wconf 73' lang='lat' dir='ltr'>Philodemnm)</span> <span class='ocrx_word' id='word_1_292' title='bbox 630 3636 849 3709; x_wconf 79' lang='lat' dir='ltr'>Gadarensem,</span> <span class='ocrx_word' id='word_1_293' title='bbox 880 3638 1008 3696; x_wconf 89' lang='lat' dir='ltr'>nobilem</span> <span class='ocrx_word' id='word_1_294' title='bbox 1038 3637 1229 3714; x_wconf 79' lang='lat' dir='ltr'>Epicureum,</span> <span class='ocrx_word' id='word_1_295' title='bbox 1263 3638 1393 3714; x_wconf 90' lang='lat' dir='ltr'>philoso-</span> 
     </span>
     <span class='ocr_line' id='line_1_35' title="bbox 317 3721 1392 3799; baseline 0.003 -21"><span class='ocrx_word' id='word_1_296' title='bbox 317 3721 406 3798; x_wconf 89' lang='lat' dir='ltr'>phum</span> <span class='ocrx_word' id='word_1_297' title='bbox 430 3730 459 3778; x_wconf 89' lang='lat' dir='ltr'>et</span> <span class='ocrx_word' id='word_1_298' title='bbox 481 3729 613 3799; x_wconf 77' lang='lat' dir='ltr'>poetam,</span> <span class='ocrx_word' id='word_1_299' title='bbox 643 3724 676 3780; x_wconf 86' lang='lat' dir='ltr'>L.</span> <span class='ocrx_word' id='word_1_300' title='bbox 700 3723 817 3781; x_wconf 91' lang='lat' dir='ltr'>Pisonis</span> <span class='ocrx_word' id='word_1_301' title='bbox 840 3723 982 3792; x_wconf 88' lang='lat' dir='ltr'>amioum,</span> <span class='ocrx_word' id='word_1_302' title='bbox 1011 3723 1093 3780; x_wconf 90' lang='lat' dir='ltr'>cuius</span> <span class='ocrx_word' id='word_1_303' title='bbox 1116 3723 1226 3799; x_wconf 88' lang='lat' dir='ltr'>scripta</span> <span class='ocrx_word' id='word_1_304' title='bbox 1248 3723 1392 3798; x_wconf 85' lang='lat' dir='ltr'>quaedam</span> 
     </span>
     <span class='ocr_line' id='line_1_36' title="bbox 318 3807 1392 3886; baseline 0.003 -23"><span class='ocrx_word' id='word_1_305' title='bbox 318 3807 478 3864; x_wconf 89' lang='lat' dir='ltr'>Herculani</span> <span class='ocrx_word' id='word_1_306' title='bbox 506 3817 624 3884; x_wconf 85' lang='lat' dir='ltr'>reperte</span> <span class='ocrx_word' id='word_1_307' title='bbox 651 3818 727 3866; x_wconf 90' lang='lat' dir='ltr'>sunt.</span> <span class='ocrx_word' id='word_1_308' title='bbox 781 3809 905 3879; x_wconf 88' lang='lat' dir='ltr'>(Verum</span> <span class='ocrx_word' id='word_1_309' title='bbox 939 3827 1045 3865; x_wconf 89' lang='lat' dir='ltr'>nomen</span> <span class='ocrx_word' id='word_1_310' title='bbox 1080 3817 1239 3865; x_wconf 86' lang='lat' dir='ltr'>annotatur</span> <span class='ocrx_word' id='word_1_311' title='bbox 1272 3810 1301 3866; x_wconf 94' lang='lat' dir='ltr'>in</span> <span class='ocrx_word' id='word_1_312' title='bbox 1336 3828 1392 3886; x_wconf 83' lang='lat' dir='ltr'>mg.</span> 
     </span>
     <span class='ocr_line' id='line_1_37' title="bbox 317 3890 1393 3970; baseline -0.001 -18"><span class='ocrx_word' id='word_1_313' title='bbox 317 3890 397 3952; x_wconf 87' lang='lat' dir='ltr'>Crat.</span> <span class='ocrx_word' id='word_1_314' title='bbox 421 3901 451 3948; x_wconf 89' lang='lat' dir='ltr'>et</span> <span class='ocrx_word' id='word_1_315' title='bbox 473 3911 489 3948; x_wconf 85' lang='lat' dir='ltr'>s</span> <span class='ocrx_word' id='word_1_316' title='bbox 512 3893 576 3952; x_wconf 91' lang='lat' dir='ltr'>cod.</span> <span class='ocrx_word' id='word_1_317' title='bbox 601 3893 689 3967; x_wconf 88' lang='lat' dir='ltr'>Mor.)</span> <span class='ocrx_word' id='word_1_318' title='bbox 729 3891 900 3952; x_wconf 88' lang='lat' dir='ltr'>Orationem</span> <span class='ocrx_word' id='word_1_319' title='bbox 925 3912 1016 3970; x_wconf 83' lang='lat' dir='ltr'>preve</span> <span class='ocrx_word' id='word_1_320' title='bbox 1039 3893 1081 3951; x_wconf 92' lang='lat' dir='ltr'>sic</span> <span class='ocrx_word' id='word_1_321' title='bbox 1104 3893 1286 3951; x_wconf 90' lang='lat' dir='ltr'>distinctam:</span> <span class='ocrx_word' id='word_1_322' title='bbox 1304 3915 1393 3970; x_wconf 80' lang='lat' dir='ltr'>pure·</span> 
     </span>
     <span class='ocr_line' id='line_1_38' title="bbox 317 3978 1392 4050; baseline 0.005 -17"><span class='ocrx_word' id='word_1_323' title='bbox 317 3979 395 4033; x_wconf 81' lang='lat' dir='ltr'>tiores</span> <span class='ocrx_word' id='word_1_324' title='bbox 422 3979 577 4050; x_wconf 82' lang='lat' dir='ltr'>familiares</span> <span class='ocrx_word' id='word_1_325' title='bbox 610 3988 723 4035; x_wconf 85' lang='lat' dir='ltr'>nostros.</span> <span class='ocrx_word' id='word_1_326' title='bbox 780 3978 887 4048; x_wconf 82' lang='lat' dir='ltr'>Credo,</span> <span class='ocrx_word' id='word_1_327' title='bbox 922 3979 1044 4036; x_wconf 80' lang='lat' dir='ltr'>Sironem</span> <span class='ocrx_word' id='word_1_328' title='bbox 1076 3980 1145 4036; x_wconf 80' lang='lat' dir='ltr'>dicis</span> <span class='ocrx_word' id='word_1_329' title='bbox 1179 3987 1232 4035; x_wconf 88' lang='lat' dir='ltr'>cet.</span> <span class='ocrx_word' id='word_1_330' title='bbox 1268 3981 1392 4038; x_wconf 86' lang='lat' dir='ltr'>correxi.</span> 
     </span>
     <span class='ocr_line' id='line_1_39' title="bbox 316 4061 1392 4150; baseline 0.006 -33"><span class='ocrx_word' id='word_1_331' title='bbox 316 4061 485 4136; x_wconf 86' lang='lat' dir='ltr'>Torquatus</span> <span class='ocrx_word' id='word_1_332' title='bbox 508 4063 645 4120; x_wconf 86' lang='lat' dir='ltr'>universe</span> <span class='ocrx_word' id='word_1_333' title='bbox 668 4063 806 4138; x_wconf 89' lang='lat' dir='ltr'>loquitur.</span> <span class='ocrx_word' id='word_1_334' title='bbox 840 4061 945 4123; x_wconf 88' lang='lat' dir='ltr'>Cicero</span> <span class='ocrx_word' id='word_1_335' title='bbox 963 4063 1129 4150; x_wconf 84' lang='lat' dir='ltr'>suspicatur</span> <span class='ocrx_word' id='word_1_336' title='bbox 1147 4082 1213 4120; x_wconf 86' lang='lat' dir='ltr'>eum</span> <span class='ocrx_word' id='word_1_337' title='bbox 1231 4062 1392 4123; x_wconf 82' lang='lat' dir='ltr'>familiares</span> 
     </span>
     <span class='ocr_line' id='line_1_40' title="bbox 317 4144 746 4222; baseline 0.002 -19"><span class='ocrx_word' id='word_1_338' title='bbox 317 4164 386 4203; x_wconf 90' lang='lat' dir='ltr'>suos</span> <span class='ocrx_word' id='word_1_339' title='bbox 409 4144 618 4222; x_wconf 87' lang='lat' dir='ltr'>Ciceronisque</span> <span class='ocrx_word' id='word_1_340' title='bbox 641 4147 746 4205; x_wconf 88' lang='lat' dir='ltr'>dicere.</span> 
     </span>
    </p>

    <p class='ocr_par' dir='ltr' id='par_1_9' title="bbox 221 4232 1393 4482">
     <span class='ocr_line' id='line_1_41' title="bbox 401 4232 1393 4311; baseline 0.005 -24"><span class='ocrx_word' id='word_1_341' title='bbox 401 4249 460 4287; x_wconf 82' lang='lat' dir='ltr'>enm</span> <span class='ocrx_word' id='word_1_342' title='bbox 488 4236 599 4306; x_wconf 82' lang='lat' dir='ltr'>optimos</span> <span class='ocrx_word' id='word_1_343' title='bbox 626 4232 711 4311; x_wconf 79' lang='lat' dir='ltr'>viros)</span> <span class='ocrx_word' id='word_1_344' title='bbox 739 4233 806 4289; x_wconf 83' lang='lat' dir='ltr'>Tum</span> <span class='ocrx_word' id='word_1_345' title='bbox 834 4238 878 4305; x_wconf 90' lang='lat' dir='ltr'>(ut</span> <span class='ocrx_word' id='word_1_346' title='bbox 906 4250 970 4290; x_wconf 87' lang='lat' dir='ltr'>curn</span> <span class='ocrx_word' id='word_1_347' title='bbox 995 4233 1022 4290; x_wconf 84' lang='lat' dir='ltr'>R</span> <span class='ocrx_word' id='word_1_348' title='bbox 1050 4232 1209 4307; x_wconf 79' lang='lat' dir='ltr'>pleraeque</span> <span class='ocrx_word' id='word_1_349' title='bbox 1237 4232 1302 4290; x_wconf 87' lang='lat' dir='ltr'>edd.</span> <span class='ocrx_word' id='word_1_350' title='bbox 1324 4244 1393 4292; x_wconf 81' lang='lat' dir='ltr'>onte</span> 
     </span>
     <span class='ocr_line' id='line_1_42' title="bbox 318 4315 1392 4392; baseline 0.005 -21"><span class='ocrx_word' id='word_1_351' title='bbox 318 4315 495 4389; x_wconf 80' lang='lat' dir='ltr'>Munatium)</span> <span class='ocrx_word' id='word_1_352' title='bbox 513 4335 529 4373; x_wconf 87' lang='lat' dir='ltr'>e</span> <span class='ocrx_word' id='word_1_353' title='bbox 552 4326 692 4392; x_wconf 89' lang='lat' dir='ltr'>quattuor</span> <span class='ocrx_word' id='word_1_354' title='bbox 714 4317 774 4375; x_wconf 91' lang='lat' dir='ltr'>suis</span> <span class='ocrx_word' id='word_1_355' title='bbox 792 4317 875 4375; x_wconf 88' lang='lat' dir='ltr'>codd.</span> <span class='ocrx_word' id='word_1_356' title='bbox 893 4317 1044 4376; x_wconf 88' lang='lat' dir='ltr'>revocavit</span> <span class='ocrx_word' id='word_1_357' title='bbox 1057 4315 1165 4392; x_wconf 87' lang='lat' dir='ltr'>Gzius;</span> <span class='ocrx_word' id='word_1_358' title='bbox 1184 4317 1243 4375; x_wconf 90' lang='lat' dir='ltr'>vid.</span> <span class='ocrx_word' id='word_1_359' title='bbox 1256 4318 1293 4376; x_wconf 87' lang='lat' dir='ltr'>ad</span> <span class='ocrx_word' id='word_1_360' title='bbox 1304 4319 1328 4387; x_wconf 91' lang='lat' dir='ltr'>I,</span> <span class='ocrx_word' id='word_1_361' title='bbox 1343 4320 1392 4377; x_wconf 79' lang='lat'>34.</span> 
     </span>
     <span class='ocr_line' id='line_1_43' title="bbox 221 4399 1392 4482; baseline 0.006 -26"><span class='ocrx_word' id='word_1_362' title='bbox 221 4473 227 4481; x_wconf 89' lang='lat'>.</span> <span class='ocrx_word' id='word_1_363' title='bbox 317 4399 393 4457; x_wconf 79' lang='lat' dir='ltr'>&#39;l&#39;um</span> <span class='ocrx_word' id='word_1_364' title='bbox 425 4419 525 4459; x_wconf 85' lang='lat' dir='ltr'>ornnes</span> <span class='ocrx_word' id='word_1_365' title='bbox 556 4402 621 4459; x_wconf 89' lang='lat' dir='ltr'>edd.</span> <span class='ocrx_word' id='word_1_366' title='bbox 651 4402 739 4460; x_wconf 86' lang='lat' dir='ltr'>tacite</span> <span class='ocrx_word' id='word_1_367' title='bbox 768 4403 934 4460; x_wconf 81' lang='lat' dir='ltr'>doctissimos</span> <span class='ocrx_word' id='word_1_368' title='bbox 962 4403 1087 4460; x_wconf 79' lang='lat' dir='ltr'>domines.</span> <span class='ocrx_word' id='word_1_369' title='bbox 1132 4401 1190 4480; x_wconf 89' lang='lat' dir='ltr'>[Ut</span> <span class='ocrx_word' id='word_1_370' title='bbox 1212 4403 1288 4474; x_wconf 78' lang='lat' dir='ltr'>Eri,</span> <span class='ocrx_word' id='word_1_371' title='bbox 1311 4403 1392 4482; x_wconf 80' lang='lat' dir='ltr'>AB.]</span> 
     </span>
    </p>
   </div>
   <div class='ocr_carea' id='block_1_6' title="bbox 0 0 1520 5086">
    <p class='ocr_par' dir='ltr' id='par_1_10' title="bbox 0 0 1520 5086">
     <span class='ocr_line' id='line_1_44' title="bbox 0 0 1520 5086; baseline 0 0"><span class='ocrx_word' id='word_1_372' title='bbox 0 0 1520 5086; x_wconf 95' lang='lat' dir='ltr'> </span> 
     </span>
    </p>
   </div>
  </div>
 </body>
</html>
