3030 5086
218 482 321 548 XLVI
654 482 856 543 Panaenum.

220 667 497 750 comparatione,¹)
520 665 635 748 partim
662 683 721 744 per
748 684 783 730 se
810 667 877 731 sine
903 664 958 729 illa
984 666 1217 745 comparatione
1238 681 1302 745 ap·

219 775 368 858 parebat,
390 793 458 839 cum
482 780 699 854 quaereretur,
722 792 816 854 quam
839 772 1027 854 scripturam
1049 790 1086 837 ex
1108 790 1171 853 qua
1193 779 1302 836 ortam

220 902 290 949 esse
312 881 472 964 probabile
494 889 578 946 esset
605 885 660 944 aut
682 881 734 962 qui
758 880 876 945 librarii
898 879 1054 945 liberrime
1076 890 1108 944 et
1128 880 1301 962 neglegen-

219 990 339 1056 tissime
361 989 496 1054 scribere
519 987 663 1052 solerent

305 1097 337 1162 Si
349 1097 474 1177 quando
485 1105 588 1160 tamen
601 1092 729 1158 dubium
741 1094 895 1173 manebat,
908 1095 983 1175 quid
995 1095 1025 1158 in
1038 1093 1193 1160 inferioris
1203 1093 1297 1160 iami-

218 1205 278 1271 liae
288 1205 390 1287 primo
402 1203 509 1268 codice
519 1201 638 1279 luisset,
655 1220 693 1265 ea
709 1201 861 1265 dubitatio
879 1221 951 1266 raro
969 1201 1101 1266 molesta
1112 1213 1190 1281 erat,
1208 1201 1297 1283 quod

218 1321 352 1393 utraque
374 1311 531 1392 scriptura
553 1309 601 1373 vel
622 1328 729 1373 omnes
748 1319 858 1390 aperte
874 1311 1068 1390 depravatae
1085 1319 1176 1374 erant
1192 1328 1230 1374 ex
1247 1327 1298 1389 ea,

218 1438 311 1501 quam
322 1419 465 1483 meliores
475 1417 595 1481 codices
606 1415 761 1481 tenebant.
785 1418 864 1481 Fere
872 1417 956 1481 enim
966 1416 1081 1498 ubique
1089 1416 1120 1480 in
1131 1416 1298 1497 utriusque

216 1526 351 1592 familiae
373 1525 570 1589 contentione
593 1524 700 1588 melior
721 1524 814 1587 etiam
836 1524 930 1588 certis
951 1524 1143 1604 argumentis
1164 1542 1201 1587 ex
1223 1524 1298 1604 ipsa

219 1634 375 1715 scriptura
397 1632 497 1696 ductis
520 1629 736 1708 adiurabatur,
763 1632 847 1712 quod
870 1648 908 1695 ea
929 1638 986 1695 aut
1006 1631 1139 1694 orationi
1160 1631 1299 1696 Latinae

218 1750 274 1806 aut
285 1739 442 1805 Ciceronis
454 1737 667 1802 consvetudim
680 1737 858 1819 diligentius
870 1746 997 1803 exactae
1009 1748 1065 1803 aut
1076 1738 1251 1803 sententiae
1262 1745 1300 1803 et

218 1849 262 1913 rei
274 1845 486 1912 satisfaciebat
496 1854 550 1909 aut
561 1846 693 1925 denique
705 1846 788 1926 quod
800 1845 1045 1925 intellegebatur,
1063 1865 1101 1909 ex
1117 1865 1157 1910 ea
1173 1853 1299 1910 ceteras

217 1955 389 2035 scripturas
411 1952 487 2016 oriri
509 1953 658 2032 potuisse,
680 1971 742 2017 non
764 1952 864 2032 ipsam
888 1972 925 2016 ex
947 1952 1073 2033 ceteris3
1101 1953 1132 2017 in
1155 1972 1216 2034 quo
1238 1970 1297 2035 ge·

218 2081 292 2126 nere
314 2060 444 2125 maxime
472 2059 649 2125 eminebant
675 2077 731 2122 eae
758 2059 918 2124 meliorum
945 2059 1087 2123 codicum
1109 2060 1296 2141 scripturae,

218 2186 299 2250 quae
314 2168 425 2232 leviter
441 2176 608 2247 corruptae
623 2184 729 2229 veram
747 2167 932 2231 sententiam
949 2176 982 2230 et
997 2166 1158 2248 antiquam
1176 2167 1296 2231 oratio·

217 2295 285 2340 nem
303 2274 470 2339 involucris
488 2273 674 2353 quibusdam
695 2280 809 2338 tectam
830 2274 1036 2352 continebant,
1059 2292 1128 2339 cum
1150 2275 1181 2338 in
1204 2275 1297 2340 dete·

217 2382 352 2448 rioribus
375 2381 480 2445 omnia
495 2381 562 2444 veri
577 2381 709 2461 vestigia
730 2380 948 2461 interpolando
972 2382 1095 2447 sublata
1117 2382 1298 2447 etobtecta

218 2497 330 2554 essent
365 2489 448 2552 Raro
467 2487 526 2552 nisi
543 2489 574 2551 in
591 2488 700 2568 parvis
717 2488 820 2566 rebus,
844 2488 976 2553 velutin
993 2489 1102 2553 ordine
1118 2489 1297 2566 verborum,

217 2616 285 2662 oum
297 2615 396 2677 prope
408 2614 466 2677 par
478 2612 574 2658 causa
585 2602 678 2671 esset,
695 2594 764 2658 sola
779 2595 950 2659 auctoritas
968 2594 1105 2659 melioris
1117 2594 1250 2660 familiae
1262 2597 1296 2659 in

218 2703 321 2767 multis
339 2703 408 2767 aliis
425 2702 502 2767 locis
524 2708 667 2781 spectata
684 2702 845 2782 sequenda
862 2709 939 2765 erat
974 2701 1037 2766 Sed
1054 2702 1085 2766 in
1102 2703 1296 2784 exquirendo

217 2809 352 2875 familiae
374 2809 512 2874 melioris
535 2808 710 2873 testimonio
738 2809 900 2873 molestum
928 2807 987 2873 fuit
1008 2809 1179 2887 interdum,
1209 2808 1296 2890 quod

217 2936 311 2981 unum
333 2915 502 2995 habebam,
529 2915 582 2997 qui
604 2914 718 2995 ubique
745 2923 849 2979 certus
875 2923 1003 2995 praesto
1030 2924 1127 2993 esset,
1156 2916 1295 2979 codicem

216 3024 447 3105 Erlangeusem,
469 3041 507 3088 ex
529 3042 590 3104 quo
614 3040 695 3086 nune
715 3022 849 3103 primum
866 3021 1019 3102 plurimae
1035 3023 1228 3102 maximeque
1244 3022 1295 3086 in·

217 3131 321 3211 signes
344 3131 518 3211 scripturae
539 3129 715 3211 prodibant.
760 3131 869 3210 ltaque
887 3129 1055 3208 elaboravi,
1077 3137 1113 3194 ut
1134 3147 1202 3193 cum
1225 3129 1296 3193 eius

217 3237 413 3315 auctoritate,
434 3237 585 3318 quidquid
607 3244 691 3301 esset
711 3237 741 3300 in
765 3236 833 3302 aliis
855 3237 944 3302 bonis
967 3237 1111 3302 mintisve
1131 3236 1294 3301 codicibus

216 3345 394 3422 adiumenti,
416 3344 643 3425 coniungerem,
667 3342 797 3408 obseura
821 3363 915 3424 saepe
931 3344 1064 3425 vestigia
1085 3362 1293 3425 persequens;

217 3450 338 3528 deinde,
361 3470 429 3515 cum
452 3449 579 3515 infinitis
601 3449 677 3514 locis
699 3450 890 3516 declaratum
912 3459 1004 3529 esset,
1026 3458 1059 3515 et
1074 3457 1192 3532 quauta
1210 3458 1294 3515 esset

217 3558 370 3622 bonorum
392 3559 530 3623 codicum
554 3557 758 3637 conspiratio,
781 3559 864 3639 quod
886 3558 939 3622 illa
960 3558 1096 3637 lieentia,
1125 3576 1209 3640 quae
1227 3557 1293 3621 dis·

217 3683 344 3730 sensum
365 3665 471 3748 gignit,
493 3665 552 3729 hos
574 3684 634 3728 nou
659 3665 824 3746 attigisset,
847 3677 877 3729 et
900 3685 993 3746 quam
1016 3684 1076 3729 non
1100 3664 1214 3730 codicis
1233 3663 1292 3727 Er·

216 3772 374 3854 langensis
386 3773 521 3853 scriptor
538 3791 626 3837 suam
645 3779 760 3836 sectam
773 3773 879 3837 volens
897 3783 928 3837 et
944 3772 1082 3853 prudeus
1094 3771 1292 3852 relinqueret,

214 3878 298 3943 hunc
331 3898 426 3942 uuum
459 3899 517 3961 pro
551 3879 669 3943 familia
696 3880 802 3960 accepi
830 3887 953 3957 testem,
986 3879 1084 3960 ipsius
1117 3879 1293 3960 scripturae

216 3984 354 4050 bonitate
382 3995 414 4050 et
440 4004 509 4051 cum
531 3987 630 4051 altera
654 3984 770 4050 familia
792 3987 989 4051 contentione
1009 3986 1165 4050 iudicium·
1179 3983 1293 4050 confir·

216 4100 329 4157 mante.
376 4094 416 4157 Et
438 4100 541 4158 tamen
564 4094 739 4158 necessario
762 4094 917 4158 interdum
940 4094 1086 4171 dubitavi,
1108 4111 1177 4157 cum
1199 4110 1292 4175 prae·

245 4263 266 4321 Ι)
285 4262 415 4313 interdurn
441 4269 526 4315 lamen
552 4267 578 4313 ln
603 4268 688 4327 peruls
708 4266 784 4314 rebus
804 4265 893 4313 cedern
913 4263 1047 4313 oberrandi
1067 4266 1244 4327 opportunitas
1265 4265 1289 4312 in

286 4352 420 4410 uirtusque
440 4349 552 4399 familiae
572 4349 669 4412 aliquoi
688 4350 822 4399 codicibus
838 4350 906 4399 idem
925 4350 1048 4398 ruendum
1062 4352 1159 4412 genuit,
1179 4349 1248 4411 quod
1263 4351 1288 4398 ln

285 4433 373 4483 codice
392 4435 528 4498 archetypo
548 4447 599 4483 nou
620 4434 724 4494 luisset,
749 4434 834 4494 utili,
853 4433 886 4486 37
905 4435 1003 4482 irriersr't
1020 4447 1067 4497 pro
1083 4434 1132 4482 iter
1149 4433 1188 4483 su.
