3030 5086
374 489 418 535 nr
441 488 521 534 man.
544 488 608 534 mn.
632 488 668 534 111
690 488 763 535 cnr.
786 490 837 537 ιι-
852 493 893 539 ιο.
911 487 1045 552 (οι-οι.)
1182 469 1244 536 tet

172 656 346 722 sulendum.
389 656 457 722 XX
481 658 531 722 65.
554 656 600 720 Ex
618 657 676 723 hac
694 657 869 722 animorum
885 657 1048 723 affectione
1059 664 1247 724 testamenta

172 759 518 840 commendationesque
541 759 737 824 morientium
760 769 854 826 natae
872 767 953 825 sunt.
987 761 1140 842 Quodque
1156 779 1246 826 nemo

172 861 205 925 iu
227 880 349 926 summa
370 861 538 926 solitudine
556 861 651 926 vitam
674 881 769 944 agere
785 863 866 941 velit,
890 882 928 926 nc
949 881 1019 926 cum
1042 861 1161 927 infinita
1177 862 1246 944 qui-

172 964 243 1029 dem
259 963 455 1043 voluptatum
477 963 677 1042 abundantia,
698 962 788 1028 facile
810 964 1006 1046 intellegitur,
1030 982 1088 1029 nos
1110 966 1150 1028 ad
1173 982 1246 1028 con·
1323 988 1326 993 ·

172 1065 361 1130 lunationem
393 1066 727 1147 congregationemque
760 1066 916 1131 hominum
946 1075 978 1131 et
1006 1067 1046 1130 ad
1074 1063 1285 1130 naturalemb
1356 1078 1378 1092 '⁴

173 1168 425 1233 communitatem
459 1184 529 1232 esse
556 1176 653 1232 natos.
703 1159 900 1248 Impellimur'
921 1177 1025 1233 autem
1052 1175 1180 1247 natura,
1214 1174 1249 1231 ut

174 1270 325 1349 prodesse
348 1269 477 1334 velimus
499 1287 592 1351 quam
614 1269 757 1350 plurimis
785 1270 817 1334 in
840 1269 1010 1350 primisque
1032 1270 1172 1334 docendo
1195 1289 1248 1333 ra·

174 1370 370 1450 tionibusqne
392 1371 578 1452 prudentiae
600 1371 770 1436 tradendis.
804 1373 854 1436 66.
876 1372 987 1452 ltaque
1010 1390 1071 1435 non
1094 1370 1184 1435 facile
1200 1378 1250 1435 est

174 1472 328 1550 invenire,
356 1473 422 1553 qui,
451 1473 536 1553 qnod
558 1472 637 1537 sciat
658 1474 740 1554 ipse,
769 1492 830 1537 non
853 1475 960 1537 tradat
982 1474 1086 1552 alteri;
1114 1474 1159 1537 ita
1185 1490 1249 1536 non

175 1573 273 1638 solum
294 1576 336 1639 ad
358 1575 540 1639 discendum
563 1575 713 1655 propensi
735 1593 856 1653 sumus,
884 1594 991 1639 verum
1014 1577 1107 1640 etiam
1129 1576 1169 1639 ad
1192 1563 1248 1639 do-
1270 1573 1310 1638 10

176 1677 315 1741 cendum.
365 1678 468 1757 Atque
495 1684 531 1740 ut
558 1677 655 1741 tauris
684 1685 797 1742 natura
824 1678 932 1742 datum
960 1685 1022 1756 est,
1055 1684 1090 1742 nt
1117 1695 1175 1757 pro
1203 1676 1249 1739 vi·

175 1779 247 1843 tulis
269 1785 378 1842 contra
399 1779 506 1843 leones
527 1797 648 1843 summa
670 1779 700 1843 vi
721 1780 900 1860 impetuque
920 1780 1124 1856 contendant,
1152 1778 1197 1843 sic
1218 1777 1250 1855 ii,

176 1881 228 1962 qui
256 1880 362 1945 valent
395 1879 507 1960 opibus
539 1888 635 1961 atque
667 1881 700 1945 id
727 1874 1004 1961 intempestum,
1038 1890 1073 1944 ut
1102 1882 1142 1945 de
1168 1878 1249 1945 Her·

175 1981 242 2047 cule
264 1989 296 2046 et
312 1983 352 2047 de
368 1982 482 2047 Libero
502 1982 686 2062 accepimus,
708 1983 750 2046 ad
767 1982 955 2047 servandum
976 2000 1075 2062 genus
1092 1976 1249 2046 hominum
1343 2068 1346 2073 ἦ

176 2090 290 2148 natura
321 2083 496 2148 incitantur.
547 2085 650 2164 Atque
683 2084 775 2148 edam
802 2084 906 2148 lovem
935 2102 1003 2147 cum
1033 2084 1191 2164 Optimum
1219 2088 1251 2148 et
1270 2083 1309 2150 lb

177 2185 344 2250 Maximum
366 2185 507 2264 dicimus,
531 2203 662 2267 cumque
684 2187 817 2250 eundem
840 2185 1024 2263 Salutarem,
1047 2184 1250 2267 Hospitalem

245 2378 268 2424 3
293 2390 384 2422 summa
407 2389 455 2422 om
475 2371 496 2423 C
541 2389 583 2421 uec
600 2373 692 2421 cumll
746 2378 767 2420 5.
787 2381 809 2422 et
826 2373 1068 2437 eouqreqcttbuemll
1110 2372 1251 2423 omummc

177 2446 199 2490 6
219 2440 487 2491 communicationemc
523 2443 546 2490 8.
564 2439 719 2489 tradendo?
746 2449 771 2489 ut
786 2442 843 2506 (pro
861 2441 950 2503 noelli
986 2446 1008 2492 9
1028 2458 1074 2490 ιιονι
1093 2450 1150 2490 ento
1168 2439 1251 2490 tradat

178 2503 225 2561 om.
248 2511 269 2559 tt
312 2509 412 2559 alterii
470 2517 548 2558 tamea
566 2523 611 2573 pro
630 2508 664 2557 ito
682 2525 727 2557 non
747 2507 782 2576 A]
843 2515 878 2560 ll
898 2517 969 2573 atque
987 2524 1036 2559 orn
1057 2511 1078 2558 ll
1119 2509 1248 2559 ᾰοιυιιι-

176 2586 259 2627 coutra
277 2593 326 2627 om.
347 2578 367 2625 L
407 2583 442 2628 tn
461 2507 488 2625 bi
478 2576 577 2644 a[e]n
616 2579 654 2630 14.
672 2585 694 2626 et
712 2577 837 2628 LiberoC
877 2582 913 2627 16.
933 2576 1031 2626 dicimus
1049 2595 1098 2628 om
1117 2578 1139 2626 P

262 2734 332 2810 Crp.
357 2735 429 2803 XX
454 2735 503 2790 65.
550 2734 599 2789 Ε.τ
627 2734 678 2790 luc
704 2736 853 2790 naimonem
874 2733 1023 2808 affectione)
1046 2734 1160 2810 Capitis
1183 2732 1252 2790 novi

176 2820 291 2877 initium
315 2819 501 2876 incommodo
525 2818 589 2874 loeo
612 2818 722 2875 factum
745 2829 799 2875 est.
844 2819 989 2876 Stobaeus
1012 2819 1076 2882 illo
1105 2835 1191 2893 quem
1214 2818 1252 2875 ad

179 2907 218 2962 62
242 2905 340 2962 citavi
364 2905 480 2978 locop.
501 2904 572 2972 250
596 2912 751 2978 postquam
775 2903 812 2960 de
834 2903 993 2960 liberorum
1016 2905 1138 2961 caritate
1162 2903 1251 2960 dixit.

175 2981 253 3045 Ἀτιὸ
269 3006 381 3062 ταυτης
397 2985 467 3063 γοῦν
484 2985 537 3061 τῆς
554 2981 766 3061 φιλοστοργίας
787 2978 836 3045 καὶ
859 2973 1008 3066 διαθήκας
1023 2984 1164 3045 τελευτᾶν
1180 2979 1251 3059 μέλ-

177 3071 286 3137 lemae
308 3066 504 3128 denuntiandae
526 3068 650 3127 καττῶν
669 3065 711 3127 ἔτι
728 3065 977 3167 κυοφορουμένων
994 3062 1208 3164 φροντι’,’ζιιν
1194 3087 1252 3126 ενοι-

177 3146 307 3233 τρόπους
331 3140 533 3220 ἀπολιπόντας
560 3144 608 3210 καὶ
631 3144 794 3229 κηδεμόνας
821 3175 869 3211 και
892 3157 955 3219 τοῖς
977 3144 1133 3254 φιλτάτοις
1153 3174 1251 3230 τιαρα-

176 3234 353 3313 τιθεμένους
374 3258 424 3294 και
445 3232 733 3313 παρακαλοῦντας·’
719 3257 880 3314 ιτιιιιουρειν
903 3229 1014 3304 αυτοῖς.

268 3323 399 3398 Quodque
430 3343 577 3380 uemo-
611 3323 684 3396 velit)
715 3323 803 3402 [Velit
831 3325 984 3398 potentiali
1020 3325 1105 3381 modo
1139 3343 1192 3400 per
1221 3344 1252 3383 se

177 3410 285 3467 dicitur
312 3411 450 3482 (alamand
481 3411 611 3477 meatu),
644 3409 889 3483 quemadmodum
924 3411 960 3466 de
994 3409 1077 3468 Oret.
1110 3411 1175 3479 ΙΙΙ,
1211 3412 1251 3469 63

177 3499 227 3552 etsi
253 3528 294 3537 -
328 3497 451 3551 nictentur
484 3504 513 3550 et
546 3495 622 3569 apud
654 3495 770 3551 Livium
794 3495 920 3564 XXXI,
949 3499 978 3562 1,
1003 3495 1021 3551 Ι
1045 3498 1095 3552 etsi
1124 3530 1161 3538 -
1191 3516 1252 3553 cou-

178 3584 272 3638 venint.
328 3580 362 3636 ld
396 3597 461 3634 cum
496 3597 553 3635 non
587 3579 844 3636 animadvertisset
873 3581 1021 3647 Bromius,
1054 3599 1166 3655 cunique
1199 3601 1252 3656 pro

178 3667 304 3740 quodque
325 3665 414 3721 scribi
434 3664 561 3734 volebat,
585 3665 663 3738 qnod
685 3665 754 3721 olim
779 3665 911 3739 probavi.
958 3666 1025 3722 Non
1050 3676 1128 3722 recte
1151 3677 1254 3723 contra

178 3750 296 3807 dixerat
317 3744 434 3828 Gzios.]
482 3751 553 3806 Mox
576 3770 693 3816 autumn,
721 3750 800 3823 quod
828 3751 978 3807 exciderat
1005 3751 1035 3807 in
1064 3751 1109 3806 ed.
1138 3769 1181 3825 pr.
1212 3754 1254 3822 (et

178 3853 205 3890 a.
232 3835 338 3906 1480),
367 3835 559 3891 omittebatur
581 3835 657 3908 apud
681 3835 760 3891 Man.
790 3844 820 3890 et
843 3845 957 3891 ceteros
979 3835 1132 3910 deinceps,
1161 3835 1254 3892 donec

179 3921 256 3977 Dav.
280 3919 409 3976 restituit
432 3938 469 3976 ex
492 3939 545 3976 sex
568 3920 628 3975 suis
651 3919 734 3976 codd.
757 3920 900 3993 (quinque
923 3919 1005 3988 Gzii;
1034 3919 1114 3978 Oxx.
1140 3928 1252 3976 tantum

178 3999 194 4073 ξ
216 4004 389 4080 appellent).
427 4005 482 4060 Nec
498 4024 557 4061 cum
575 4005 662 4060 etiam
677 4005 754 4078 Spir.
767 4003 838 4081 [B];
862 4003 940 4063 Gnd.
960 4012 1082 4078 uterque
1099 4005 1256 4061 omittebat

179 4092 296 4163 quidun.
343 4089 457 4145 Deinde
481 4090 558 4163 qnod
581 4090 618 4145 ad
641 4092 831 4146 uatrcralem
854 4094 1063 4146 coramuuitctem
1086 4093 1161 4146 nati
1181 4089 1252 4146 dici·

180 4193 257 4239 mur,
287 4175 478 4248 tautologiam
503 4174 605 4244 babet,
634 4192 721 4248 quam
750 4174 780 4230 in
808 4173 854 4230 his
877 4173 974 4244 libris,
1006 4184 1037 4231 ut
1064 4174 1123 4231 alia
1152 4175 1253 4243 multa,

178 4258 255 4317 ferre
279 4260 434 4328 debemus3
465 4260 605 4317 Davisius
628 4262 729 4316 ciuilem
751 4263 960 4316 communitatem
983 4259 1179 4317 substituebat
1202 4260 1255 4317 ha·

179 4344 300 4418 buitqne
323 4345 493 4400 imitatores.

266 4429 434 4506 Salutarem)
458 4431 557 4486 Iovem
576 4425 706 4504 Σωτῆρα
724 4429 803 4495 dicit,
827 4429 976 4488 Graecum
995 4447 1100 4487 nomen
1118 4429 1253 4500 reddens,
