3030 5086
215 450 257 514 36
614 466 659 511 ua
680 467 812 515 rrumus
834 466 907 513 nou.

220 634 379 712 illabere
401 632 495 698 noris.
541 634 591 699 16.
624 633 692 698 Nisi
714 634 788 699 mihi
810 634 1002 714 Phaedrum,
1023 636 1168 715 iuquam,
1191 634 1308 699 menti·

222 745 288 800 tum
316 744 371 800 aut
397 737 551 801 Zenonem
584 742 691 816 patae,
725 754 857 816 quorum
883 745 1051 817 utrumque
1077 736 1198 815 audivi,
1233 754 1307 801 cum

278 1007 282 1018 1
295 945 315 988 1.
334 939 372 1055 εἰς
385 944 442 1004 (pro
460 939 516 997 nal)
527 940 592 990 Ll'C
610 939 667 988 mai
682 947 725 988 aut
739 942 881 1004 (compend.
896 942 975 1003 abac.)
990 938 1127 991 Phaedrum
1143 939 1305 1006 planula

223 1017 328 1057 ortanum

313 1182 360 1239 16.
385 1181 450 1238 Nisi
464 1183 530 1237 milri
539 1181 710 1255 Phaedrmn)
727 1182 799 1243 ..Est
812 1202 830 1239 a
841 1182 918 1239 Pall.
937 1191 1023 1237 notae
1042 1181 1172 1239 melioris
1188 1181 1304 1247 tribum

223 1276 282 1324 tros
306 1267 382 1322 enim
406 1266 527 1340 reliqui:
550 1267 604 1323 Hic
621 1268 870 1339 rnrilu'l’luredrum3
894 1285 960 1322 nam
974 1266 1046 1323 Aldi
1064 1276 1163 1324 vatus:
1186 1268 1232 1323 lie
1250 1269 1307 1323 aiei

222 1353 316 1409 eninifl
363 1349 468 1409 Grut.
497 1352 551 1407 llic
573 1352 638 1407 mihi
659 1352 750 1425 (Oxx.
777 1350 861 1427 EUE)
882 1360 934 1408 aut
957 1352 999 1407 lu'c
1020 1353 1073 1407 εἰεί
1094 1352 1182 1408 etlam
1206 1350 1305 1409 Davi·

223 1436 299 1493 ciani
318 1436 476 1494 ethiani.
500 1436 555 1492 etsi
579 1438 633 1493 hoc
656 1437 802 1511 posterius
825 1456 862 1493 ex
885 1437 967 1492 nullo
989 1435 1161 1493 nominatim
1179 1436 1303 1494 citatur.

222 1524 334 1579 Verum
358 1521 448 1578 habet
470 1521 558 1578 etiam
578 1541 635 1597 mg.
655 1521 736 1580 Crat.
756 1534 784 1578 et
802 1522 866 1579 cod.
886 1522 962 1578 Mor.
1006 1521 1158 1578 Victorius
1174 1532 1305 1580 annota-

223 1607 280 1663 rit:
309 1610 361 1663 rn'ai
382 1617 410 1662 tu
433 1607 604 1663 Phaedrum.
634 1615 663 1663 et
685 1606 727 1663 sio
749 1607 855 1675 edidit,
879 1617 1055 1679 secutusque
1079 1606 1220 1664 Davisius
1244 1618 1302 1666 ast.

310 1693 467 1748 Phaedrum
477 1692 675 1765 arrtZenouem.)
683 1691 1092 1767 Coryphaeerpieureorum
1102 1691 1183 1748 illiue
1191 1692 1305 1751 aetatis

223 1778 362 1853 appellat.
377 1776 543 1832 Phaedrum
557 1777 671 1844 Cicero,
695 1786 725 1833 ut
749 1788 872 1851 apparet
894 1795 931 1833 ex
944 1776 1024 1834 XIII
1041 1776 1078 1833 ad
1090 1776 1173 1834 Fam.
1190 1781 1216 1838 1.
1240 1776 1303 1835 iam

223 1881 297 1939 puer
319 1863 431 1919 Itomae
454 1861 609 1918 audiverat
631 1874 660 1918 et
682 1872 785 1936 postea
806 1861 948 1919 Athenis.
978 1880 1043 1917 oum
1066 1880 1149 1925 auur,
1171 1860 1305 1919 familia·

223 1949 296 2004 riter
311 1966 377 2004 eum
390 1947 492 2004 Attico
504 1947 662 2016 viventem
681 1960 714 2002 ut
730 1947 824 2002 virum
843 1947 951 2003 bontrm
969 1954 1000 2002 et
1016 1964 1135 2002 ararem
1147 1947 1302 2021 probaret.

225 2034 270 2089 De
282 2033 377 2090 Attici
395 2051 465 2107 erga
482 2051 546 2088 onm
566 2052 665 2089 amore
683 2030 735 2087 cfr.
749 2032 800 2088 lib.
811 2032 847 2098 V,
862 2032 890 2088 3.
917 2032 1045 2088 Phaedro
1061 2032 1128 2088 nihil
1142 2034 1303 2105 eleqnntiur,

224 2119 291 2174 nila'l
312 2120 454 2174 lnrtrnam'ue
476 2135 540 2173 esse
563 2117 671 2173 dicitur
686 2117 725 2174 N.
741 2117 777 2173 l).
790 2118 815 2178 I,
830 2117 879 2172 93.
912 2116 959 2173 Ex
977 2116 1064 2173 huius
1075 2116 1203 2174 Phaedri
1221 2117 1304 2175 libro

223 2191 289 2277 περὶ
312 2199 392 2257 θεῶν
414 2202 574 2275 sumpsisse
586 2201 768 2266 Ciceronem,
792 2219 867 2275 quae
890 2202 919 2257 in
942 2202 1019 2258 lihro
1042 2202 1137 2276 primo
1158 2201 1194 2258 de
1206 2202 1247 2260 N.
1261 2202 1303 2259 D.

224 2286 260 2342 dc
288 2286 413 2343 aliorum
441 2287 682 2362 philosophorum
711 2285 865 2343 sententiis
898 2287 927 2342 in
957 2286 1065 2343 l'clleii
1094 2304 1220 2361 persona
1247 2306 1303 2344 ex·

225 2381 383 2446 ponuntur,
406 2390 483 2427 nunc
506 2382 587 2446 patet
609 2391 646 2427 ax
669 2372 801 2445 reliquiis
825 2371 986 2428 Herculani
1008 2373 1148 2446 repertio,
1171 2390 1247 2445 quaa
1269 2374 1303 2429 in

225 2456 388 2514 Germania
415 2474 546 2512 seorsum
577 2456 669 2512 edidit
691 2456 880 2514 Petereeuiue
907 2457 938 2513 in
967 2466 1184 2530 programmata
1207 2458 1304 2515 Ham·

225 2541 363 2616 burgensi
376 2560 401 2596 a.
413 2542 503 2598 1833.
517 2538 591 2620 [Eas
603 2551 699 2597 tamen
713 2541 853 2615 reliquias
865 2541 963 2616 potius
976 2541 1141 2598 Philodami
1153 2541 1222 2598 libri
1233 2530 1305 2618 περὶ

225 2616 374 2701 εὐσεβείας
395 2644 468 2683 esee.
493 2626 668 2701 Spengelius
684 2627 764 2683 1863
782 2639 812 2683 et
824 2626 973 2701 Sauppius
989 2628 1069 2682 1864
1087 2621 1305 2705 disputarunt]

226 2710 313 2766 Hunc
335 2710 460 2785 denique
473 2712 640 2768 Phaedrum
664 2712 782 2769 nornine
804 2711 913 2768 omisso
935 2711 1067 2787 intellegi
1089 2711 1184 2768 voluit
1195 2710 1305 2770 Cicero

226 2795 240 2850 l
264 2795 302 2850 N.
316 2796 352 2852 D.
373 2798 428 2857 58.
451 2797 501 2853 ubi
525 2815 602 2852 nunc
624 2797 699 2853 miro
723 2796 808 2853 modo
831 2797 927 2853 locum
952 2796 1015 2853 eiua
1037 2796 1125 2854 homo
1147 2797 1236 2871 longe
1258 2795 1306 2853 di·

225 2898 328 2937 versus
351 2881 520 2956 eccrrpavit:
554 2881 644 2957 Saepe
665 2885 731 2938 enim
754 2883 788 2938 da
810 2883 846 2937 L.
872 2886 987 2949 Croeso,
1014 2882 1153 2954 firrruh‘urr'
1179 2883 1226 2937 illo
1247 2891 1305 2939 tuo.

225 2965 316 3021 uideor
337 2969 461 3027 aruliree.
494 2987 555 3023 cura
582 2978 606 3023 te
634 2971 730 3039 topatio
757 2968 876 3023 orantibus
909 2969 966 3023 aitte
997 2967 1078 3023 dubio
1104 2970 1251 3039 anteferret
1277 2976 1306 3023 et

222 3069 325 3124 purccoo
347 3061 431 3108 tecum
443 3053 594 3126 Epicureos
616 3053 760 3109 eGraem'o
783 3061 951 3127 conpararet
972 3060 1028 3109 cet.
1064 3052 1140 3107 Mire
1157 3050 1247 3109 Cotta
1265 3050 1306 3107 da

225 3135 349 3191 scientia
370 3137 575 3211 philosophiae
587 3137 751 3212 Epicureae
774 3148 878 3193 testam
896 3136 946 3192 dat
965 3145 1112 3193 oratorem
1126 3136 1305 3203 Romanum,

226 3238 312 3293 quem
331 3240 425 3295 neque
443 3222 472 3277 in
485 3223 578 3279 Bruto
596 3241 690 3296 neque
707 3223 736 3279 in
755 3222 839 3279 libris
856 3222 892 3277 de
906 3221 1032 3279 Oratore
1045 3219 1174 3295 Epicuro
1190 3219 1306 3277 favisae

226 3305 401 3380 significatio
424 3307 487 3362 ulla
508 3316 562 3377 ont,
586 3326 710 3381 eumque
733 3307 769 3363 de
787 3307 823 3363 iia.
841 3306 929 3362 etiam
941 3306 1096 3380 Epicureis
1112 3304 1305 3376 iudicantem,

226 3390 277 3462 qui
300 3390 330 3445 in
354 3390 483 3448 Graecia
505 3392 652 3461 viverent,
682 3410 804 3466 quorum
829 3390 1037 3466 paucissimos,
1066 3390 1091 3447 ai
1114 3408 1305 3464 quemquam,

225 3474 314 3531 homo
337 3476 500 3532 consularis
522 3486 622 3543 norat;
651 3477 724 3534 mire
752 3477 840 3533 etiam
869 3476 941 3532 dicit
962 3475 999 3531 de
1021 3474 1144 3533 Crasso:
1165 3478 1309 3549 surnlliart'

227 3562 238 3614 i
243 3561 252 3614 l
258 3561 268 3615 l
273 3579 287 3614 o
310 3570 362 3623 tuo,
385 3570 534 3634 tamquam
553 3562 588 3618 de
608 3562 723 3618 homine
741 3569 852 3618 remoto
870 3570 899 3617 et
916 3560 945 3616 iu
963 3579 1022 3633 quo
1040 3560 1095 3616 hoc
1114 3559 1306 3617 memorabile

228 3644 274 3699 ait.
319 3647 390 3720 Ipsa
412 3665 470 3702 vox
499 3652 596 3719 topatio
623 3647 783 3722 significat,
813 3645 922 3703 Graeci
951 3646 1077 3701 hominis
1106 3645 1245 3701 iudicium
1274 3655 1307 3701 et

227 3731 431 3787 auctoritatem
455 3731 590 3805 proferri.
634 3732 699 3788 Iam
722 3750 824 3787 omnea
837 3730 953 3787 Davisii
977 3731 1071 3801 codd,
1094 3728 1303 3801 omneanx.‚

227 3815 305 3888 apud
330 3817 478 3873 Musarum
497 3819 535 3883 A,
559 3816 583 3874 C
606 3819 689 3888 (sane
712 3816 800 3872 otiam
824 3818 858 3886 ll,
882 3816 906 3871 ai
929 3826 1008 3872 recte
1032 3815 1180 3889 inspectus
1203 3819 1305 3888 esset),

227 3901 333 3971 ceteri,
368 3901 430 3975 ipsc
465 3902 741 3976 interpolatisaimne
770 3900 980 3976 Glogavianeis
1014 3919 1119 3957 nomen
1154 3900 1304 3958 omittunt.

227 3984 312 4043 Unus
324 3986 448 4060 llehdig.
474 3997 573 4061 aperte
596 3986 795 4043 coniecturam
813 4004 917 4042 nomen
939 3985 1141 4059 quaerentium
1160 3984 1306 4041 ostendit:
1383 4037 1389 4048 ,

228 4071 261 4125 dc
284 4072 404 4127 Lucilio.
428 4073 462 4126 de
487 4073 594 4128 (l'rusno.
639 4072 675 4127 In
699 4071 838 4129 (fraenum
862 4070 1032 4127 incidebant-
1055 4080 1175 4144 propter
1196 4069 1245 4127 III
1269 4069 1306 4126 de

228 4154 313 4213 Orat.
339 4157 388 4214 te.
413 4156 596 4225 Phaedrum,
625 4156 675 4230 qui
698 4156 809 4213 Romae
831 4156 943 4213 fuerat.
973 4154 1077 4212 Cicero
1100 4154 1171 4211 satia
1194 4154 1307 4230 signifi·

229 4249 325 4296 catum
350 4241 482 4315 putabat.
529 4242 677 4298 Zenonem
707 4259 765 4297 non
788 4259 851 4297 ease
873 4240 1049 4297 familiarem
1078 4239 1162 4296 illum
1185 4239 1306 4301 velleii.

229 4325 411 4401 intellegitur
433 4344 470 4382 ex
491 4327 569 4395 §aa
616 4326 773 4383 Acrieulua
796 4326 844 4382 hic
866 4344 966 4388 senex,
990 4325 1202 4399 Epicureorum
1225 4323 1307 4381 illius
