3030 5086
217 466 281 531 814
632 482 805 531 nxcuasus
829 483 873 528 ui.

218 674 277 713 non
300 656 396 713 minus
418 655 565 724 incidunt;
594 666 745 730 praeterea
773 655 814 712 ita
842 664 873 711 et
899 673 1072 731 progressus
1100 665 1130 712 et
1151 673 1292 712 ascensus

219 741 249 799 in
271 761 303 798 ue
326 774 362 784 -
388 743 496 815 quidem
519 740 713 817 significatur,
736 749 769 796 ut
792 758 912 815 prorsus
933 740 1077 796 redundet
1098 744 1185 797 etium
1231 739 1291 799 Sed

218 827 284 895 alii,
307 835 340 883 ut
362 825 555 884 Gernbardus
578 835 607 882 et
628 825 775 889 Kritzius,
798 835 952 900 utramque
975 825 1164 901 particulam,
1193 834 1222 881 et
1243 843 1292 882 uec

217 923 248 969 et
269 913 392 986 quidun.
420 912 578 987 separatim
601 910 733 986 intellegi
755 911 873 979 volunt,
901 911 957 985 ipsi
979 921 1077 968 autem
1100 930 1146 968 nec
1167 910 1290 967 eandem

217 997 276 1054 vim
306 996 452 1062 tribuunt,
481 1015 567 1071 quam
597 997 685 1053 habet
712 1016 745 1054 ue
768 1029 805 1039 -—
830 998 951 1071 quim,
980 1005 1013 1053 ut
1040 996 1078 1052 sit
1105 997 1175 1054 auch
1201 996 1291 1061 nicht:

217 1084 324 1157 quidem
352 1082 453 1138 dicunt
480 1081 586 1157 (ipsius
614 1081 720 1140 Kritrii
751 1082 840 1138 verba
867 1085 957 1157 pono)
988 1081 1106 1149 „valere
1135 1082 1172 1138 ad
1200 1100 1289 1138 unum

218 1167 391 1224 vocabulum
415 1166 575 1243 insigniore
597 1167 697 1242 aliqua
719 1167 748 1225 ri
765 1165 975 1226 efferendum“.
1021 1168 1124 1241 ltaque
1147 1167 1177 1223 hi
1200 1167 1289 1224 etiam

218 1263 304 1310 extra
337 1252 551 1327 copulationem
586 1252 728 1310 orationis
760 1271 807 1309 uec
833 1285 875 1297 -
909 1254 1015 1327 quidem
1050 1251 1223 1311 defenduut.
1258 1261 1291 1308 ut

217 1338 350 1396 Kritaius
372 1337 450 1413 apud
473 1337 644 1396 Sallustium
662 1338 726 1414 lug.
747 1339 784 1395 bl
804 1337 910 1394 edidit:
932 1339 990 1394 Sed
1011 1357 1057 1395 aec
1078 1338 1212 1411 Iugurtha
1229 1340 1290 1412 qui·

219 1425 278 1481 dem
301 1427 401 1480 interea
423 1426 527 1497 parietas
549 1433 616 1479 erat.
660 1423 791 1480 Primum
815 1423 893 1496 quod
916 1423 952 1479 de
974 1443 1020 1480 aec
1042 1422 1151 1480 dicunt
1175 1422 1291 1479 ostendi

219 1509 308 1585 paulo
330 1517 414 1574 ante,
437 1508 467 1565 id
489 1527 584 1583 neque
606 1527 625 1565 a
647 1507 788 1566 Cicerone
812 1526 905 1582 neque
928 1527 946 1564 a
970 1507 1126 1572 Sallustio,
1150 1526 1224 1582 quos
1245 1506 1290 1563 illi

217 1614 264 1652 nec
286 1627 325 1638 —
349 1596 457 1668 quidem
479 1593 589 1651 dixisse
612 1602 729 1669 putant,
752 1593 794 1650 ita
816 1593 942 1668 positum
967 1612 1040 1650 esse.
1084 1593 1199 1650 Deinde
1221 1592 1290 1649 huic

217 1698 264 1737 uec
284 1679 325 1735 ita
342 1678 543 1754 superaddunt
559 1680 674 1753 quidem,
697 1678 828 1735 utnulla
845 1677 989 1735 efficiatur
1007 1678 1191 1753 significatio,
1214 1695 1290 1752 quae

218 1784 275 1821 non
299 1765 328 1820 in
351 1764 416 1839 ipso
438 1784 484 1820 aec
507 1763 576 1820 insit
598 1763 676 1838 apud
698 1782 749 1820 eos
771 1763 944 1839 scriptores,
973 1764 1023 1839 qui
1046 1764 1074 1820 id
1098 1764 1140 1820 ita
1157 1772 1287 1839 ponunt;

218 1849 274 1907 nisi
297 1848 373 1906 forte
395 1850 528 1916 Tacitus,
551 1858 584 1904 ut
604 1849 660 1906 hoc
682 1860 758 1918 utar,
781 1866 846 1905 cum
870 1849 945 1905 dixit
967 1847 1081 1919 (Germ.
1105 1851 1152 1921 6):
1175 1851 1223 1904 sed
1244 1866 1292 1904 nec

216 1938 338 2000 uariare,
368 1953 424 1991 non
448 1934 520 1991 eatis
542 1933 732 2009 significavit,
761 1952 863 1991 vocam
891 1937 998 1990 uariare
1023 1952 1105 1999 „cum
1129 1933 1289 2009 insigniore

217 2020 317 2095 aliqua
339 2020 368 2076 ri
392 2017 588 2076 efferendam⁴⁴
613 2037 686 2077 esse.
721 2021 827 2093 Itaque
846 2019 918 2075 mire
937 2019 1157 2094 interpretando
1175 2019 1290 2085 ludunt,

217 2116 249 2162 ut
278 2124 314 2161 ex
342 2104 397 2161 hoc
426 2124 471 2162 nec
495 2137 533 2146 -
557 2106 665 2178 quidem
686 2104 799 2179 aliquid
822 2104 985 2161 extundant
1007 2105 1170 2179 singulare:
1199 2113 1232 2161 at
1258 2104 1289 2160 in

219 2190 270 2247 illo
293 2189 427 2248 Sallustii
449 2189 514 2246 loco
538 2190 622 2262 (satis
644 2189 797 2258 ostentm,
821 2189 850 2245 in
873 2208 931 2246 nno
954 2190 1090 2264 exemplo
1113 2209 1172 2247 rem
1194 2188 1289 2245 decla·

217 2275 298 2348 rari),
324 2293 388 2332 cum
412 2275 448 2331 de
472 2275 585 2332 Metelli
607 2275 704 2332 studio
726 2286 755 2331 et
777 2293 867 2349 opera
890 2274 1048 2332 Sallustius
1071 2275 1203 2341 dixisset,
1226 2291 1289 2330 rec·

217 2360 330 2418 tissime
358 2361 394 2417 de
422 2360 591 2417 adversario
619 2360 746 2418 addidit:
780 2360 837 2417 Sed
863 2380 895 2416 ue
922 2361 1055 2432 Iugurtha
1082 2362 1204 2434 quidem,
1234 2359 1291 2415 boc

218 2457 276 2503 est:
305 2445 379 2502 Ahar
406 2447 477 2502 auch
504 2447 638 2520 Iugurtha
662 2479 699 2488 -
729 2446 815 2516 nicht3
849 2446 925 2519 quod
955 2445 1087 2503 Kritzius
1115 2444 1289 2519 interponit:

212 2535 266 2606 fur
293 2535 348 2587 seia
381 2531 469 2598 Iher'l,
498 2549 618 2606 prorsus
645 2531 789 2600 abundat,
823 2549 999 2605 quamquam
1028 2532 1120 2588 nostri
1147 2530 1291 2587 sermonis

219 2635 299 2673 more
322 2616 467 2673 interdum
491 2616 520 2673 in
539 2617 680 2673 vertendo
702 2616 775 2673 talia
796 2616 939 2674 addimus.
974 2616 1031 2674 Sed
1056 2629 1098 2672 est
1122 2616 1180 2672 alia
1198 2615 1292 2671 maior

220 2702 309 2758 totius
331 2701 412 2759 illias
433 2702 685 2776 interpretationis
707 2702 893 2776 perversitas.
928 2702 1179 2775 Quemadmodum
1203 2700 1291 2762 enim.

219 2804 284 2843 anm
308 2788 441 2861 Iugurtha
463 2789 569 2861 quidem
593 2788 697 2845 Latine
719 2787 839 2855 dicitur,
868 2788 909 2844 sic
931 2787 1074 2862 Iugurtha
1096 2788 1133 2843 ab
1156 2787 1223 2842 aliis
1246 2804 1291 2843 se·

219 2882 349 2947 paratur,
373 2880 405 2929 ut
427 2883 478 2928 aut
501 2872 535 2928 de
560 2892 594 2929 eo
618 2873 720 2929 saltem
744 2873 931 2930 confirmetur
948 2884 999 2929 aut
1014 2873 1049 2928 de
1067 2872 1133 2929 aliis
1151 2871 1290 2928 contrarii

218 2957 330 3031 aliquid
361 2967 546 3032 expectetur.
576 2958 631 3025 sic,
660 2959 684 3014 si
713 2958 850 3015 Latinum
879 2968 956 3014 esset
984 2957 1056 3014 illud
1084 2976 1130 3014 nec
1157 2957 1290 3030 lupus-tha

218 3045 326 3117 quidem
349 3053 378 3099 et
399 3044 506 3117 quidem
523 3061 541 3098 a
558 3063 603 3100 uec
620 3044 793 3112 seiunctum,
816 3044 891 3099 banc
908 3043 1082 3099 haberemus
1099 3043 1290 3099 sententiam:

224 3129 287 3186 Uud
309 3129 379 3184 auch
401 3129 534 3202 Iugurtha
555 3132 711 3202 werriqstens
733 3129 820 3197 nicht,
849 3147 923 3202 quae
952 3128 1121 3203 longissime
1149 3146 1167 3184 a
1190 3145 1289 3183 narra·

220 3214 301 3270 tione
335 3213 468 3272 Sallustii
501 3213 654 3275 abhorret,
687 3232 741 3270 nec
774 3214 870 3270 minus
903 3212 1003 3269 eadem
1036 3212 1240 3288 interpretatio
1274 3229 1291 3267 a

218 3299 324 3356 ceteris
346 3299 428 3367 locis,
453 3299 503 3356 ubi
526 3318 621 3355 nec-
650 3301 756 3373 quidem
779 3298 948 3356 defendunt.
982 3297 1088 3371 (Gzius
1111 3298 1227 3372 quidem
1252 3296 1289 3353 ad

218 3384 313 3442 Acad.
336 3386 378 3454 ΙΙ,
402 3385 452 3452 82,
475 3395 508 3441 ut
530 3384 613 3444 solet.
636 3382 776 3441 facillime
799 3384 951 3441 molestum
975 3383 1048 3440 illud
1071 3386 1178 3458 quidem
1201 3401 1289 3457 expe·

218 3470 275 3539 dit:
303 3469 374 3526 dicit
402 3488 466 3526 asse
494 3472 586 3542 auria.)
631 3468 690 3528 Sed
713 3470 812 3527 multis
835 3487 888 3526 nec
910 3469 1043 3526 obscuris
1065 3469 1182 3526 indiciis
1204 3467 1290 3524 intel·

218 3554 276 3630 legi
298 3565 404 3629 potest
428 3555 503 3612 hane
521 3555 730 3630 particularum
748 3574 851 3612 aee-
869 3557 975 3629 quidem
992 3553 1191 3611 defensionem
1211 3552 1290 3628 apud

218 3640 326 3696 maltos
348 3640 415 3696 inde
439 3650 532 3696 ortam
556 3659 630 3709 essa,
653 3642 730 3714 quod
754 3659 872 3715 prorsus
895 3640 1080 3715 ignorarent,
1105 3642 1181 3714 quod
1204 3638 1290 3695 initio

217 3724 303 3781 huius
326 3725 532 3800 disputationis
552 3725 646 3801 posui,
670 3727 698 3782 in
717 3725 869 3802 particulis
888 3745 970 3781 ue-
995 3727 1102 3800 quidem
1120 3744 1183 3782 esse
1201 3724 1289 3780 etiam

217 3811 280 3866 sine
308 3811 369 3867 ulla
396 3812 567 3886 gradatione
596 3812 773 3887 adiungendi
800 3811 869 3868 vim.
914 3812 1041 3885 Propter
1069 3812 1143 3866 banc
1171 3827 1289 3866 causam

218 3896 406 3952 Heinrichius
435 3897 483 3968 (ad
514 3908 612 3971 partes
639 3906 726 3953 oratt.
749 3896 878 3954 Tullian.
904 3916 931 3971 p.
953 3898 1004 3968 80)
1028 3897 1105 3971 apud
1130 3896 1289 3970 Ulpianum

217 3981 245 4036 in
270 3981 384 4056 Digest.
409 3982 472 4051 ΙΙΙ,
498 3982 529 4044 3,
558 3985 588 4050 1,
618 3982 668 4039 ubi
697 3981 848 4039 scribitur:
880 3984 959 4038 acuti
984 4002 1016 4038 ue
1042 3986 1066 4037 is
1095 3983 1202 4056 quidem
1230 3982 1291 4052 (urie

216 4066 285 4122 arech
307 4067 380 4123 nicht
401 4068 560 4139 derjear'pe),
589 4067 667 4142 quod
695 4067 750 4124 hoc
778 4067 902 4141 putabat
923 4085 1001 4124 esse:
1030 4069 1079 4123 uie
1100 4068 1172 4123 sucht
1194 4066 1291 4121 einmal

216 4153 356 4224 deuehar,
380 4152 469 4209 scribi
491 4153 589 4209 iussit:
613 4156 691 4210 scuti
711 4173 758 4210 uec
780 4157 804 4209 is
826 4155 947 4225 quidun:
971 4163 1091 4227 propter
1113 4153 1189 4208 hanc
1211 4150 1289 4225 apud
1390 4159 1393 4166 '

216 4236 388 4295 Ciceronem
412 4237 447 4293 de
470 4237 571 4295 Divin.
591 4239 616 4307 1,
634 4239 692 4294 112
716 4258 780 4295 cum
805 4249 895 4295 esset:
919 4238 962 4294 Ne
984 4239 1152 4312 Pherecydes
1172 4238 1288 4312 quidun,

216 4323 341 4379 Rathius
364 4323 549 4380 scribendum
571 4324 701 4399 putavit,
732 4325 867 4381 Moserus
896 4343 933 4380 ex
957 4343 1015 4380 uno
1038 4324 1166 4399 pessimo
1189 4322 1289 4380 codice

216 4408 347 4483 scripsit:
376 4408 434 4465 Nee
456 4410 624 4484 Pherecydes
646 4412 761 4484 quidun.
806 4408 1012 4466 Praeleremus
1040 4409 1145 4485 igitur,
1174 4409 1289 4485 opinor,
