3030 5086
247 409 289 476 92
426 496 437 515 .
638 407 694 469 ba
716 425 848 473 sturnus
871 425 943 473 sou.

254 602 316 659 uo'u
334 595 431 673 sinat;
454 611 516 676 qua
531 593 750 674 praeceptrice
768 593 800 658 iu
818 592 1045 675 tranquillitate
1060 591 1123 658 rivi
1138 597 1254 675 potest,
1270 608 1344 656 om·

255 696 340 760 nium
363 696 568 777 cupiditatum
591 693 708 760 ardore
730 696 888 760 restincto.
940 694 1137 776 Cupiditates
1159 693 1240 760 euim
1264 695 1345 759 suut

256 797 456 875 insatiabiles,
480 815 560 879 quae
577 815 639 860 nou
658 797 750 862 modo
769 796 908 879 singulos
926 797 1075 877 homiues,
1099 797 1155 862 sed
1172 795 1343 861 universas

256 897 391 964 familias
403 907 556 977 evertunt,
568 907 667 964 totam
678 899 770 964 etiam
783 896 975 963 labefactant
986 917 1082 980 saepe
1093 917 1159 964 rem
1170 897 1341 979 publicam.

218 1001 307 1068 544.
341 1001 387 1064 Ex
409 1001 634 1081 cupiditatibus
657 1000 745 1078 odia,
773 1000 919 1080 discidia,
944 1001 1136 1079 discordiae,
1158 999 1343 1078 seditiones,

257 1101 337 1167 bella
354 1112 534 1167 nascuntur.
567 1103 633 1167 Nec
655 1120 711 1167 eae
728 1121 763 1168 se
779 1100 856 1166 ioris
874 1102 975 1167 solum
991 1103 1119 1181 iactant,
1143 1120 1198 1167 nco
1215 1107 1341 1167 tantum

256 1204 288 1267 iu
310 1204 389 1268 alios
412 1207 503 1268 caeco
526 1204 645 1284 impetu
667 1204 845 1281 incurrunt,
868 1203 926 1268 ssd
948 1203 1032 1269 intus
1055 1205 1149 1269 etiam
1170 1205 1202 1268 iu
1223 1202 1341 1268 animis

255 1306 394 1370 inclusae
416 1305 497 1370 intcr
519 1323 553 1370 sc
576 1305 731 1378 dissident
753 1316 848 1386 acque
870 1305 1072 1380 discordant;
1097 1324 1134 1371 ex
1156 1322 1218 1388 quo
1239 1305 1341 1370 vitam
1369 1392 1372 1397 Ι

257 1407 484 1472 amarissimam
507 1425 635 1472 accesso
658 1412 707 1472 cst
730 1406 818 1484 citici,
842 1416 877 1471 ut
894 1406 1021 1489 sapiens
1040 1406 1150 1486 solum,
1167 1411 1342 1488 amputata

327 1601 348 1643 a.
373 1602 395 1642 rt
413 1608 460 1657 pro
477 1595 587 1644 ctrme
630 1598 652 1645 d.
677 1593 779 1643 dissidia
797 1594 834 1643 Or
887 1598 910 1643 6.
934 1611 976 1642 eac
1000 1610 1026 1643 se
1046 1594 1067 1642 u
1090 1592 1136 1644 ias
1152 1611 1204 1644 mc
1223 1593 1339 1645 PCROr.

257 1678 300 1711 eas
317 1678 368 1710 scre
389 1661 436 1778 lapi
472 1663 546 1711 solum
556 1662 663 1727 sarisb
706 1667 720 1710 9
750 1679 801 1711 esre
819 1663 876 1726 (pro
894 1678 988 1711 necesse
1006 1663 1091 1722 estJE
1127 1663 1267 1712 circumcisa
1284 1678 1341 1711 aar·

256 1739 390 1794 pacataque

257 1901 321 1983 [ubi
344 1903 408 1959 cod.
434 1903 457 1959 B
481 1903 592 1959 Baitcri
616 1907 683 1960 em'm
706 1913 759 1969 eet3
784 1903 887 1959 rnalius
907 1903 1028 1958 verbum
1049 1897 1189 1982 abesset}
1233 1903 1338 1978 Atque

256 1989 286 2045 in
316 1989 370 2044 bac
398 2007 514 2062 quoquo
543 2007 574 2044 rc
603 1987 667 2062 (cfr.
696 1989 732 2045 ad
757 1992 771 2058 ξ
799 1989 835 2044 14
864 1987 899 2044 do
927 1987 1056 2063 genetivi
1079 1986 1186 2062 forma)
1209 1995 1339 2064 apparet

258 2074 405 2130 diversum
440 2073 578 2129 iudicium
614 2074 800 2130 librariorum
830 2092 946 2143 eorum,
982 2091 1000 2128 a
1027 2091 1150 2146 quorum
1184 2073 1339 2131 codicibus

257 2158 440 2234 singulorum
463 2157 604 2215 librorum
623 2157 884 2217 Ciceronianorum
902 2158 994 2215 nostri
1018 2158 1143 2214 derivati
1161 2167 1244 2228 suut;
1267 2176 1337 2215 usru

257 2244 286 2300 ia
310 2243 394 2301 libris
416 2243 452 2299 de
470 2242 585 2302 Officiis
608 2244 638 2300 in
662 2243 754 2301 multo
777 2243 911 2319 pluribus
934 2243 1006 2299 locis
1029 2261 1115 2317 quam
1140 2242 1212 2300 alibi
1230 2242 1338 2318 optimi

256 2328 373 2386 codices
396 2338 436 2385 eat
463 2328 550 2385 tertio
579 2329 644 2386 loco
672 2329 781 2387 habent
810 2339 913 2386 contra
938 2328 1020 2384 illam
1049 2328 1180 2404 regulam
1203 2328 1275 2402 (vid.
1297 2346 1339 2386 ex

255 2413 332 2470 libro
355 2414 369 2470 l
393 2414 471 2483 W,
495 2414 545 2482 42,
570 2414 620 2484 53,
645 2415 694 2485 56,
715 2416 752 2471 61
772 2414 814 2487 (in
838 2413 943 2486 codd),
964 2414 1014 2484 64,
1028 2414 1077 2482 68,
1095 2414 1163 2478 102,
1178 2415 1247 2486 104,
1264 2414 1335 2484 129,

261 2500 334 2567 131¹,
362 2500 435 2563 140,
463 2498 542 2571 154).
588 2499 682 2556 Nobis
705 2500 733 2556 in
758 2498 925 2556 huiusmodi
949 2499 1036 2555 rebus
1059 2497 1178 2557 difficile
1201 2509 1246 2557 est
1268 2518 1337 2576 per·

257 2598 377 2660 pecuum
407 2584 551 2658 quondam
581 2583 733 2643 Ciceronis
762 2604 871 2642 moreni
901 2584 1049 2653 inveniro,
1080 2584 1276 2660 periculosum
1304 2585 1335 2641 iu

257 2669 340 2726 libris
364 2669 485 2726 odendis
508 2670 600 2744 sequi.

342 2774 397 2829 qna
414 2758 599 2830 praeceptrice
621 2787 661 2796 -
675 2755 777 2830 potest)
796 2754 890 2811 Paulo
909 2752 1010 2810 durius
1028 2754 1083 2811 hoc
1100 2763 1221 2830 proptor
1237 2753 1336 2812 adiec-

256 2851 317 2896 tum
338 2843 520 2915 praeceptrice
543 2857 673 2897 seorsum
693 2840 814 2906 extulit;
838 2839 1051 2915 expectabatur
1062 2843 1159 2915 possit.
1194 2838 1335 2899 Ceterum

256 2925 286 2981 in
305 2927 391 3000 pellat
413 2937 443 2981 oc
465 2929 537 2982 nnat
558 2925 763 2982 coniunctivae
787 2933 961 3001 potestatem
985 2924 1043 2992 rei,
1072 2943 1130 2981 non
1153 2925 1248 3000 ipsam
1270 2944 1333 2982 rom

256 3010 367 3067 directo
384 3010 539 3084 significat.
572 3011 649 3068 Nam
669 3012 736 3081 §47
756 3010 876 3066 dicitur:
905 3011 1092 3085 Temperantia
1108 3020 1148 3067 est
1164 3013 1240 3080 cuins,
1263 3029 1336 3085 quas

255 3105 348 3164 monet,
372 3103 401 3151 et
416 3095 496 3154 Lael.
512 3097 568 3154 84:
592 3097 669 3153 Haec
685 3106 724 3153 est
740 3098 860 3153 societas.
884 3098 911 3151 in
928 3114 984 3169 qaia
1001 3098 1088 3151 omnia
1105 3098 1204 3165 insunt,
1227 3104 1256 3152 ct
1272 3095 1334 3153 ibd.

257 3182 311 3237 86:
351 3181 412 3238 Uria
440 3191 479 3237 est
501 3185 569 3237 moira
590 3184 708 3239 amicitia
735 3185 762 3237 in
785 3182 863 3238 rebus
886 3181 1024 3247 humanis,
1058 3182 1091 3237 cle
1118 3183 1194 3237 ciritae
1222 3183 1336 3238 utilitate

255 3285 343 3322 ornnes
370 3269 543 3323 consentiant.
594 3267 677 3323 Haec
706 3267 735 3323 iu
764 3266 796 3323 ΙΙ
819 3267 854 3322 ds
877 3266 915 3325 N.
939 3265 976 3322 D.
1004 3266 1062 3322 133
1092 3266 1168 3322 tueri
1197 3265 1335 3324 videntur

256 3360 402 3426 receptam
422 3351 613 3426 scripturam:
637 3355 706 3408 ratio
728 3363 767 3409 eat
789 3355 865 3415 enirn,
888 3370 960 3424 quoe
976 3360 1101 3426 praestat
1123 3353 1256 3419 counitum
1280 3370 1334 3427 op·

255 3435 318 3492 timi
343 3446 439 3493 tamen
460 3447 594 3511 praestem
618 3447 647 3495 at
669 3437 779 3513 legitur
796 3437 843 3493 hic
861 3442 875 3506 ξ
890 3438 944 3492 54:
967 3438 1092 3511 uoluptas
1113 3447 1152 3493 eat
1174 3439 1240 3505 sola,
1263 3455 1335 3510 quaa

255 3541 302 3578 nos
331 3532 402 3578 vocet
430 3523 469 3578 ari
490 3541 525 3578 se.
571 3518 697 3602 [Durior
720 3522 807 3579 etiam
832 3522 1010 3579 indicativus
1033 3521 1111 3598 apud
1134 3521 1250 3579 Livium
1274 3522 1333 3593 IX,

256 3607 284 3674 3,
312 3607 359 3664 12.

341 3601 390 3747 41.
424 3693 496 3757 odio,
519 3693 649 3766 discidia)
673 3691 722 3751 Sic
740 3692 828 3748 etiarn
847 3687 912 3770 [B,]
936 3691 1096 3748 Lambinus
1119 3710 1156 3748 ax
1177 3691 1333 3775 ,omnibus

254 3776 314 3833 suis
339 3787 409 3833 vett.
433 3776 548 3833 libris“.
595 3777 721 3834 Dismdio
743 3777 885 3834 Davisius
907 3776 1008 3832 intulit
1030 3796 1066 3833 ex
1087 3776 1132 3833 El.
1156 3788 1279 3851 utroque
1303 3786 1335 3834 et

254 3860 330 3920 CCC
354 3865 394 3924 (nt
419 3861 497 3919 Oxx.
522 3881 558 3917 ex
582 3857 597 3930 ξ
620 3872 763 3918 annotant
785 3863 927 3935 (liemaro),
952 3863 1103 3936 secutique
1127 3881 1248 3937 pravam
1271 3861 1333 3919 ior·

255 3965 330 4003 mam
366 3948 456 4003 ceteri
484 3947 581 4003 tacite.
626 3947 694 4005 Vid.
724 3965 787 4004 exc.
818 3948 855 4004 ad
885 3948 912 4003 b.
943 3947 960 4002 l.
1007 3949 1077 4004 Mox
1113 3968 1159 4005 nec
1193 3949 1243 4005 tae
1275 3967 1334 4005 sese

254 4051 355 4088 curuos
378 4032 443 4089 edd.
467 4042 638 4107 taceturquo
662 4032 697 4088 de
721 4032 804 4092 codd.
839 4029 913 4113 [Sed
936 4052 982 4088 eae
1004 4053 1032 4089 se
1054 4029 1107 4111 Α.]

339 4127 367 4173 nt
389 4121 497 4192 sapiens
519 4119 617 4191 aotam)
647 4119 830 4193 Expectatur·
858 4120 945 4185 sol1m3
980 4129 1022 4174 cst
1052 4119 1144 4175 enirn:
1177 4137 1251 4175 uano
1279 4120 1335 4175 uici

253 4205 375 4276 ..cupierim
409 4213 497 4276 atquc
532 4203 574 4259 ita
607 4223 622 4259 e
653 4204 788 4260 Lambini
823 4203 992 4260 coniectura
1021 4203 1139 4279 scripsit
1166 4203 1331 4261 Ernestius.

255 4286 394 4356 Defendit
417 4290 500 4344 solinu
515 4288 651 4344 Bremius
670 4307 724 4345 usu
743 4289 891 4362 loquendi,
915 4307 973 4363 quo
987 4288 1080 4347 Gaius
1098 4308 1156 4344 non
1175 4297 1331 4345 contentus

253 4373 295 4428 ita
319 4373 466 4447 disputat,
497 4385 529 4430 nt
552 4394 614 4429 enm
640 4374 733 4448 ipsam
757 4375 904 4449 regulam.
928 4392 1014 4447 quam
1039 4375 1081 4430 illi
1104 4375 1134 4430 in
1158 4374 1332 4449 corrigendo
