3030 5086
465 526 509 571 nr
533 525 614 573 nnn.
637 526 700 572 ma.
723 526 747 571 11
770 526 842 572 cnr.
861 527 902 576 ao.
918 526 1052 589 (ao-or.)
1232 506 1296 574 307

216 712 308 775 erga
329 711 384 758 me
407 698 443 777 et
464 692 754 775 philosophiam
775 692 980 759 voluntate
1003 693 1048 758 ab
1070 691 1296 758 adulescen-

216 795 296 861 tulo
325 798 523 876 suscepta,
557 794 629 874 fac,
662 800 703 859 ut
730 795 946 860 Metrodori
974 799 1111 861 tueare
1139 793 1295 860 liberos.

216 898 267 961 97.
290 895 362 959 Non
379 914 437 977 ego
454 896 516 960 iam
532 895 778 977 Epaminondae,
801 914 863 960 non
880 896 1039 961 Leonidae
1054 901 1187 961 mortem
1202 893 1296 961 huius

216 998 310 1063 morti
332 1003 502 1078 antepono;
531 1016 663 1078 quorum
691 997 771 1063 alter
793 1015 863 1063 cum
885 998 1010 1063 vicisset
1031 997 1296 1063 Lacedaemonios

216 1100 302 1182 apud
320 1098 512 1164 Mantineam
533 1104 629 1181 atque
651 1100 719 1181 ipse
739 1099 830 1179 gravi
850 1099 978 1165 uulnere
1000 1099 1170 1166 exanimari
1192 1117 1227 1164 se
1248 1098 1334 1166 tri-5

217 1203 315 1280 deret,
337 1207 372 1265 ut
393 1200 529 1282 primum
545 1200 689 1282 dispexit,
711 1201 873 1282 quaesivit,
895 1201 1041 1266 salvusne
1063 1207 1148 1267 esset
1169 1200 1296 1283 clipeus.

218 1304 295 1369 Cum
312 1304 434 1368 salvum
449 1321 520 1367 esse
536 1301 646 1368 flentes
663 1303 712 1368 sui
728 1303 976 1384 respondissent,
998 1303 1132 1385 rogavit,
1150 1307 1297 1369 essentne

217 1404 278 1470 iusi
299 1405 415 1469 hostes.
460 1403 538 1470 Cum
560 1405 592 1469 id
614 1423 747 1487 quoque,
771 1408 807 1468 ut
828 1404 982 1486 cupiebat,
1004 1405 1184 1484 audivisset,
1207 1403 1297 1470 evelli

217 1507 309 1572 iussit
330 1524 408 1584 eam,
430 1524 493 1588 qua
509 1512 579 1572 erat
594 1505 773 1586 transfixus,
794 1505 928 1571 hastam.
961 1508 1010 1571 Ita
1032 1507 1128 1572 multo
1145 1504 1297 1587 sangvine

216 1607 357 1692 profuso,
375 1609 407 1672 in
424 1608 544 1673 laetitia
561 1614 592 1673 et
608 1607 739 1673 victoria
755 1612 804 1674 est
820 1613 972 1673 mortuus.
1005 1607 1164 1673 Leonidas
1180 1612 1296 1688 autem,
1315 1608 1357 1674 10

217 1730 272 1776 rex
293 1710 622 1789 Lacedaemoniorum,
646 1728 680 1775 se
701 1709 733 1774 in
750 1709 970 1791 Thermopylis
992 1715 1211 1790 trecentosque
1231 1724 1296 1788 eos,

217 1829 296 1894 quos
319 1814 471 1877 eduxerat
488 1812 614 1893 Sparta,
637 1830 707 1876 cum
729 1819 813 1877 esset
833 1810 1000 1893 proposita
1021 1817 1077 1875 aut
1098 1808 1173 1892 tuga
1194 1809 1297 1891 turpis

217 1920 272 1979 aut
298 1914 436 1996 gloriosa
463 1932 561 1992 mors,
591 1914 738 1995 opposuit
764 1913 916 1979 hostibus.
965 1911 1153 1977 Praeclarae
1179 1915 1297 1976 mortes

218 2019 291 2081 sunt
307 2016 536 2097 imperatoriae,
553 2014 731 2096 philosophi
745 2022 849 2080 autem
862 2014 892 2078 in
906 2014 970 2079 suis
982 2012 1103 2078 lectulis
1114 2013 1297 2095 plerumque

217 2117 400 2182 moriuntur.
445 2117 555 2181 Refert
582 2122 700 2196 tamen,
730 2116 895 2198 quomodo.
940 2113 1061 2179 Beatos
1087 2114 1146 2180 sibi
1173 2113 1297 2181 videtur
1316 2116 1356 2182 15

289 2325 310 2369 l.
331 2338 366 2370 me
386 2320 471 2385 philon.
491 2321 513 2368 Ε
540 2336 575 2368 me
598 2327 620 2368 et
644 2336 701 2384 erpo
722 2317 780 2383 plat
798 2317 963 2370 LPMCROr.
1000 2316 1188 2368 odolesceatec
1214 2315 1296 2367 odole-

217 2388 308 2438 scentia
326 2391 349 2438 li
393 2394 416 2442 2.
435 2397 460 2438 at
478 2404 528 2439 om.
547 2387 567 2436 L
613 2392 635 2438 8.
655 2404 701 2436 aaa
723 2386 847 2436 horridae
866 2415 896 2425 -
916 2385 984 2452 apad
1004 2393 1099 2451 transp.
1122 2387 1187 2435 inter
1209 2384 1297 2436 ardeat

218 2466 242 2506 et
260 2465 286 2505 at
300 2456 401 2521 primam
419 2457 550 2522 (scripturn
568 2472 595 2505 ee
612 2462 637 2504 at
650 2454 762 2521 primum)
781 2456 855 2505 PMR
909 2459 931 2504 5.
950 2454 1021 2505 semul
1041 2462 1113 2518 atque
1135 2454 1192 2520 (pro
1214 2455 1297 2517 atque)

217 2525 293 2576 MCR
315 2524 429 2589 uitantque
448 2525 490 2591 (P)
535 2522 710 2574 aaaimotiE
754 2523 832 2573 videri
851 2523 922 2574 aec
975 2527 999 2572 6.
1023 2521 1129 2587 despexit
1152 2521 1298 2573 ELPMGR

218 2599 241 2645 a.
260 2611 357 2657 curaque
375 2593 401 2642 id
419 2594 515 2644 PMCR
572 2598 608 2643 10.
624 2592 762 2657 perjuroL
802 2600 824 2641 et
841 2591 865 2640 ia
883 2589 983 2641 uidon'o
1000 2590 1121 2640 PMROr.
1176 2595 1215 2640 1⁵.
1234 2589 1299 2655 quod

217 2664 275 2727 (pro
293 2661 419 2726 quomodo)
437 2660 601 2712 LPMCROr.
638 2660 734 2710 Beatus
752 2676 801 2711 om.
821 2675 916 2721 omnes,
936 2660 979 2712 Or.
1015 2658 1180 2710 videbatur-E

297 2856 363 2927 soc,
393 2862 422 2908 at
444 2853 596 2909 Metrodori
622 2861 714 2908 tueare
735 2850 844 2924 liberos)
867 2850 994 2907 Eosdem
1018 2849 1165 2924 Epicurus
1193 2848 1297 2906 amicis

218 2937 434 2996 commendavit
457 2945 633 2994 testamento
647 2936 752 3010 ¹(Diog.
766 2935 864 2991 Laert.
882 2935 921 3001 X,
938 2935 985 3001 19,
999 2933 1064 3007 21).
1100 2930 1210 3013 [Paulo
1228 2942 1297 2990 ante

217 3042 257 3078 me
279 3034 303 3078 et
320 3024 391 3097 plot.
416 3040 481 3078 cum
505 3023 626 3080 Baitero
649 3040 686 3077 ex
710 3022 739 3076 A
761 3019 892 3089 restitui,
922 3019 999 3075 idem
1028 3018 1211 3093 significante
1233 3017 1297 3076 Erl.

220 3107 243 3163 B
256 3115 287 3162 ut
299 3103 413 3185 ceteri]
444 3109 487 3164 Ab
498 3110 680 3165 odrcleocentia
691 3104 749 3162 fuit
760 3103 822 3161 fere
835 3104 864 3160 in
877 3104 941 3161 edd.
955 3112 1026 3160 vett.
1042 3112 1110 3160 ante
1123 3102 1296 3176 Gruterum,

217 3203 342 3268 excepto
355 3193 497 3250 Victorio.
544 3193 604 3267 Mg.
629 3191 720 3258 Crat,
744 3189 808 3246 cod.
832 3190 916 3260 Mor,
940 3188 1017 3246 Pall.
1040 3206 1142 3245 omnes
1164 3196 1254 3246 recte.

304 3279 353 3334 97.
387 3289 468 3352 atque
490 3279 559 3352 epse)
584 3276 633 3336 Sic
661 3277 691 3333 in
720 3283 859 3350 quattuor
886 3274 947 3332 suis
970 3272 1064 3332 Gaius
1093 3291 1157 3331 esse
1185 3273 1296 3345 scribit,

217 3363 317 3420 nescio
345 3364 456 3420 satisne
485 3363 623 3419 fideliter:
652 3363 688 3419 de
713 3360 814 3430 „Crat
845 3368 874 3416 et
900 3358 1036 3436 pluribus
1063 3359 1214 3417 veteribus
1242 3358 1296 3416 im·

216 3449 347 3524 pressis“
378 3457 471 3516 errat;
506 3449 556 3504 sed
590 3446 700 3504 sufficit
727 3445 789 3502 Erl.
817 3443 897 3526 [cum
920 3449 950 3503 A
978 3453 1009 3502 et
1030 3441 1080 3525 B].
1129 3446 1189 3504 Pro
1218 3446 1299 3502 minut

216 3544 298 3607 atqua
320 3533 376 3610 (sic
400 3535 488 3590 etiam
512 3532 622 3606 0xx.),
657 3532 736 3605 quod
770 3539 799 3587 et
833 3531 997 3589 sententiae
1030 3540 1060 3588 et
1087 3530 1296 3608 grammaticae

218 3619 344 3692 (alelmo)
357 3620 550 3695 repugnabat,
568 3618 665 3673 Aldus
677 3618 829 3674 Manutius
848 3617 929 3673 dedit
944 3618 1085 3690 amatque,
1108 3615 1186 3690 quod
1203 3633 1296 3689 usque

217 3703 254 3759 ad
288 3702 395 3761 Gzium
432 3713 624 3780 propagatum
659 3711 712 3759 est.
764 3700 971 3776 Transpositio
1005 3701 1122 3770 eadem,
1156 3716 1231 3773 quae
1264 3699 1295 3756 in

218 3788 311 3845 tribus
345 3789 462 3856 nostris,
496 3799 560 3844 erat
592 3788 621 3844 in
656 3787 714 3845 Ox.
725 3806 751 3861 χ.
802 3787 933 3861 Dr'rpenr't
965 3786 1035 3858 (non
1068 3785 1201 3858 desperit)
1235 3791 1295 3840 tres

218 3871 345 3948 Gzii(?);
377 3892 446 3929 mox
472 3892 531 3929 cam
559 3875 588 3929 at
611 3890 716 3946 qaoque
738 3870 832 3929 Gzius
859 3889 897 3927 ex
925 3870 987 3927 suis
1015 3869 1151 3927 omnibus
1178 3875 1297 3943 praeter

218 3957 296 4017 Gau.
321 3961 349 4017 2.
396 3959 547 4015 Edebatur
570 3958 672 4013 tacite:
700 3973 812 4029 cumque
834 3957 864 4012 id
885 3974 1000 4032 qaoque.
1045 3953 1162 4012 Deinde
1190 3963 1214 4010 et
1241 3957 1296 4012 oic-

217 4047 286 4100 torr'o
308 4046 378 4114 (om.
403 4046 441 4115 io)
465 4044 552 4100 ctiam
577 4043 654 4117 Spir.
678 4036 742 4121 [B].

304 4131 399 4204 Refert
427 4140 527 4199 tomen,
556 4129 696 4202 quomodo.
748 4126 853 4182 Beatus
877 4156 915 4167 -
940 4125 1045 4198 Magna
1068 4121 1152 4198 baua.)
1174 4121 1294 4179 Editum

218 4226 262 4273 est
289 4217 326 4273 ab
355 4215 507 4284 omnibus,
541 4212 685 4270 Lambino
714 4220 854 4286 excepto:
887 4209 983 4283 Refert
1010 4218 1112 4279 tumeo,
1146 4208 1220 4282 qaod
1245 4208 1298 4264 abi

218 4304 321 4358 videtur
343 4323 399 4359 ease
422 4303 543 4357 room'eah'
563 4317 661 4372 mopno
683 4300 752 4354 toaa
787 4295 870 4370 Quae
890 4294 981 4352 verba
1003 4293 1130 4372 primum
1148 4291 1295 4367 quomodo

218 4405 283 4443 cum
307 4387 507 4462 superioribus
531 4385 731 4452 cohaererent,
754 4400 841 4439 nemo
863 4380 1005 4452 ostendit,
1028 4396 1124 4456 neque
1145 4376 1217 4453 quid
1238 4376 1297 4435 sibi

219 4472 307 4528 vellet
330 4472 381 4528 illa
403 4470 585 4546 comparatio
608 4467 864 4546 imperatoriamm
886 4466 1025 4525 mortium
1053 4475 1083 4524 et
1104 4462 1296 4543 philosopho·

1039 4580 1089 4631 20*
