3030 5086
256 459 318 524 154
644 477 688 521 nn
711 476 842 525 sturnus
864 477 936 523 non.

253 645 345 726 quod,
368 654 403 709 ut
419 645 464 708 ita
481 645 589 725 dicam,
612 645 803 710 indolentia?
835 646 932 711 Plane
948 646 1040 723 idem,
1063 645 1171 727 inquit,
1194 651 1227 711 et
1243 662 1331 709 max-

253 747 315 811 ima
342 747 480 828 quidem,
508 767 571 828 qua
597 746 664 811 fieri
691 747 776 811 nulla
802 748 901 811 maior
929 758 1041 828 potest.
1093 746 1176 827 Quid
1202 746 1332 811 dubitas

252 849 355 929 igitur,
376 850 512 930 inquam,
535 849 752 914 summobono
775 868 795 912 a
817 858 848 913 te
865 849 909 912 ita
926 849 1105 927 constituto,
1128 856 1163 913 ut
1178 848 1213 913 id
1230 854 1330 914 totum

252 951 284 1014 in
307 970 367 1015 non
390 950 523 1015 dolendo
545 951 593 1029 sit,
615 951 649 1014 id
666 959 772 1016 tenere
795 969 898 1030 urium,
920 951 952 1016 id
970 951 1060 1030 tueri,
1082 951 1114 1015 id
1138 948 1332 1015 defendere?

214 1054 302 1119 512.
326 1054 408 1133 Quid
431 1053 511 1117 enim
534 1072 661 1118 necesse
683 1064 739 1131 est,
762 1059 920 1133 tamquam
942 1053 1135 1117 meretricem
1157 1053 1189 1117 in
1210 1063 1331 1117 matro-

253 1173 362 1218 narum
374 1162 506 1233 coetum,
517 1155 561 1219 sic
573 1155 765 1235 voluptatem
776 1155 808 1218 in
821 1155 969 1219 virtutum
982 1154 1143 1219 concilium
1155 1154 1331 1219 adducere?

252 1257 442 1321 Invidiosum
465 1275 576 1320 nomen
599 1264 657 1333 est,
678 1255 802 1335 infame,
825 1268 1014 1336 suspectum.
1058 1258 1170 1338 Itaque
1187 1255 1248 1321 hoc
1266 1253 1330 1321 fre·

327 1468 344 1507 t.
364 1460 423 1509 idem
441 1462 522 1511 omli
559 1461 706 1524 ³,i1rqurtli
742 1460 778 1510 ita
795 1458 878 1509 omE
914 1465 938 1509 6.
956 1477 1021 1510 conc.
1041 1460 1181 1510 uirtutumL
1219 1463 1241 1508 7.
1263 1461 1330 1509 Ante

253 1528 392 1578 tantillorum
415 1531 465 1578 udtl
497 1529 549 1580 seu
566 1532 634 1592 Ιγὐνῐε
657 1529 734 1577 dicitis
758 1528 877 1577 LPMl'lt
925 1528 996 1578 inerte
1020 1530 1040 1577 E
1069 1528 1184 1592 injaruriic
1207 1528 1280 1578 uPM
1308 1536 1331 1578 ct

252 1598 406 1653 intonuere
440 1599 564 1673 subrectum
585 1598 704 1647 LPMCR
728 1600 871 1661 frequenter
887 1597 929 1646 lroc
949 1597 969 1645 in

253 1789 310 1863 ipsi
334 1789 424 1845 verbo
447 1792 533 1863 iuquit
555 1807 573 1844 a
595 1787 738 1846 Cicerone
762 1788 923 1862 praepositi
943 1788 1132 1844 Heindorfius
1155 1786 1192 1843 ad
1211 1787 1277 1844 IN.
1289 1787 1330 1847 D.

257 1876 293 1930 17
318 1874 375 1931 tria
402 1874 538 1949 exemplu
561 1873 677 1940 citarit,
707 1873 743 1928 de
767 1874 849 1929 Orat.
876 1874 904 1938 Ι,
933 1875 1005 1939 149,
1035 1874 1082 1941 ΙΙ,
1107 1873 1162 1938 31,
1191 1872 1256 1942 ΙΙΙ,
1281 1873 1331 1930 90.

253 1959 342 2016 Addo
365 1959 495 2016 eiusdem
520 1959 617 2033 operis
640 1959 697 2027 ΙΙΙ,
712 1960 750 2015 47
775 1968 801 2014 et
826 1960 893 2022 190,
917 1977 971 2014 nec
994 1970 1092 2014 tamen
1116 1957 1331 2015 dubitationem

255 2045 394 2113 excludo,
424 2044 502 2118 quod
525 2044 624 2100 omnia
652 2063 689 2100 ex
718 2062 776 2099 ttuo
805 2062 893 2116 opere
922 2053 1004 2113 eunt,
1035 2043 1063 2100 in
1094 2061 1152 2117 quo
1179 2043 1332 2100 codicibus

254 2130 363 2186 utimur
391 2138 503 2185 tantum
532 2129 708 2187 recentibus.
755 2129 878 2185 Accedit
907 2130 922 2185 Ι
951 2129 986 2185 de
1010 2128 1110 2185 Divin.
1136 2131 1164 2186 8.
1211 2128 1270 2186 sed
1298 2136 1332 2185 ut
1356 2170 1359 2177 -

254 2215 293 2271 ibi
318 2216 381 2271 cod.
404 2215 582 2272 lleiusianua
605 2231 764 2288 pronomen
789 2213 907 2280 omittit,
931 2214 973 2270 sic
996 2214 1051 2271 hoc
1073 2214 1139 2270 loco
1161 2222 1338 2288 suspectum·

253 2300 284 2356 id
307 2319 341 2357 co
366 2300 458 2373 magis
481 2301 522 2369 fit,
546 2300 623 2373 qnod
648 2318 790 2373 nusquam
815 2299 842 2355 in
868 2308 930 2355 toto
954 2299 1008 2356 hoc
1031 2299 1179 2372 colloquio
1202 2299 1241 2371 (a.
1263 2317 1288 2355 e.
1302 2298 1332 2365 3,

257 2387 273 2441 6
292 2386 329 2441 ud
347 2388 375 2454 o,
404 2387 453 2459 17)
471 2385 588 2441 additur
612 2385 676 2441 nisi.
701 2395 732 2439 ut
754 2404 808 2459 par
831 2395 903 2454 crat,
927 2384 1011 2441 initio
1029 2386 1074 2457 (6)
1091 2395 1121 2441 et
1138 2385 1167 2441 in
1185 2384 1242 2442 line
1255 2385 1333 2458 (17).

255 2469 360 2547 [Apud
384 2471 500 2533 Livium
524 2471 592 2526 item
617 2470 707 2526 eernel
732 2470 817 2535 vlll,
843 2471 871 2536 7,
897 2472 913 2526 5
938 2479 996 2526 eet:
1021 2471 1143 2526 nlitnrliun
1166 2467 1278 2546 iuquit]

336 2560 494 2630 propterca)
524 2555 573 2613 Sic
602 2555 688 2611 etiarn
718 2551 787 2634 [A]
810 2555 903 2630 Spin,
933 2574 990 2631 mg.
1013 2554 1094 2613 Crat.
1141 2555 1239 2615 Ceteri
1263 2553 1333 2614 Gzii

251 2644 371 2719 proprie¹
389 2641 480 2714 (Gud.
505 2643 538 2708 2,
568 2642 648 2714 uas)
677 2653 726 2696 aut
751 2660 837 2715 prope
864 2640 965 2711 (ctiam
996 2640 1075 2698 Oxx.
1104 2637 1219 2717 Εξχψ),
1254 2639 1334 2714 quod

255 2727 372 2783 llarsns
395 2736 422 2783 ct
446 2728 526 2785 Crat.
552 2727 715 2784 ediderunt.
763 2722 802 2805 [Β
822 2721 989 2804 praetorem]

339 2814 496 2884 irttloleutiu)
520 2812 622 2870 Utitur
644 2812 749 2869 Cicero
772 2811 873 2867 eadem
898 2829 969 2867 voce
994 2816 1008 2880 ξ
1033 2815 1078 2870 tu.
1102 2811 1131 2867 iu
1155 2809 1334 2868 'fusculanis

254 2898 323 2967 (ΙΙΙ.
346 2899 404 2970 tul
427 2899 457 2955 in
480 2898 564 2955 libris
587 2897 622 2952 de
643 2896 766 2963 tlfflctis„
790 2916 860 2952 tusus
884 2907 987 2971 postea
1011 2898 1123 2953 Seneca
1145 2908 1198 2954 est.
1244 2894 1333 2969 Quod

255 2984 394 3042 Sidonius
423 2983 608 3059 Apollinaris
636 2983 664 3038 iu
695 2982 779 3055 epist.
809 2994 877 3038 unte
905 3000 1022 3037 ctrrnneu
1052 2983 1128 3040 XIV
1158 2982 1334 3040 Ciceronem

253 3071 413 3125 indoloriam
435 3068 543 3124 alicubi
567 3068 677 3124 dixisse
701 3076 799 3123 narret
823 3069 1012 3141 (quamquam
1031 3067 1205 3125 Sirmoudus
1227 3067 1258 3123 in
1280 3084 1335 3124 an·
1366 3122 1371 3131 ,

254 3155 337 3230 tiqno
360 3155 423 3211 cod.
442 3156 609 3211 indolmtr'nm
629 3153 762 3226 inveniti
786 3153 825 3221 id,
850 3152 904 3208 etsi
923 3172 976 3227 pro
993 3153 1142 3210 adiectito
1160 3154 1197 3209 ab
1214 3151 1336 3209 infimae

254 3240 359 3296 aetatis
377 3239 568 3313 scriptoribus
587 3239 695 3295 dictum
714 3248 758 3293 est
770 3238 841 3301 <viu
852 3237 964 3295 Saruro
976 3238 1013 3294 ud
1027 3238 1127 3296 Sidou.
1136 3237 1237 3313 Apoll.
1250 3237 1270 3297 l.
1284 3237 1334 3312 c),

254 3324 327 3382 adeo
347 3344 364 3379 a
382 3325 488 3382 Latina
511 3343 614 3380 vocum
639 3324 865 3380 derivandaruut
888 3323 952 3397 lege
975 3324 1123 3381 abhorret.
1147 3335 1179 3379 ut
1196 3321 1335 3381 Ciceroni

255 3412 308 3466 suli
332 3410 432 3466 stilum
456 3410 554 3466 subire
578 3428 634 3465 non
659 3409 797 3483 potuerit.

340 3497 427 3551 Pluue
455 3497 538 3553 idem.
573 3495 672 3567 irrqru't)
708 3495 781 3549 Idem
811 3494 951 3550 omittunt
979 3494 1065 3549 etiam
1097 3493 1175 3568 Spir.
1206 3502 1235 3549 et
1263 3493 1334 3549 Bas.

255 3581 296 3659 [B
314 3583 397 3656 plane
419 3578 551 3658 peridem]
586 3579 761 3654 Superiores
784 3579 895 3635 nullam
919 3579 1081 3653 scripturae
1104 3578 1333 3653 discrepantiam

254 3675 442 3723 annotarunt.
499 3666 590 3722 Recte
624 3683 681 3721 una
715 3664 766 3720 illa
794 3683 865 3720 voce
899 3663 1040 3721 affirmari
1069 3665 1097 3720 in
1128 3662 1335 3739 respondendo

254 3762 379 3828 poterat.
404 3762 434 3807 ut
456 3751 535 3825 upud
558 3750 700 3807 comicum
723 3759 880 3824 utrumque
904 3749 1011 3806 dicitur
1029 3753 1195 3824 plrruiser'me.
1232 3749 1334 3806 Minue

254 3847 390 3894 accurate
408 3836 512 3895 Cicero
535 3837 577 3892 sie
600 3836 762 3891 orationem
786 3834 978 3904 continuavit,
1002 3836 1086 3909 quasi
1110 3835 1247 3892 dixisset:
1270 3853 1334 3890 rrum

254 3926 398 3980 iutlnlcutr'o
421 3924 489 3979 idem
513 3923 647 3995 estquod
669 3923 812 3995 voluptas?
856 3922 926 3977 lllox
955 3931 1024 3977 ante
1052 3925 1193 3987 constituto
1222 3918 1335 3977 excidit

256 4013 293 4064 ito
316 4010 367 4079 (ob
389 4029 406 4063 α
430 4009 464 4079 te)
488 4007 576 4063 etiam
600 4007 630 4062 iu
655 4006 733 4080 Spir.
758 4005 813 4083 [Β]
837 4017 865 4062 et
889 4007 957 4063 Bas.

344 4095 390 4150 12.
428 4095 590 4150 [lucidiorum
619 4112 710 4148 morinen
740 4091 792 4166 cst)
816 4092 945 4149 Stultum
969 4092 1200 4148 additamentum
1224 4092 1333 4163 (neque

255 4180 331 4236 enim
355 4180 392 4235 ab
411 4179 622 4254 Epicureorum
641 4187 724 4253 purte
742 4177 813 4233 haec
832 4177 980 4249 dicuntur)
999 4188 1026 4233 et
1050 4178 1079 4233 in
1098 4196 1168 4233 voce
1180 4179 1255 4250 forte
1267 4177 1333 4249 (pro

248 4260 381 4338 fortusse)
404 4264 550 4320 soloecum
575 4264 713 4319 omittunt
737 4263 824 4319 etiam
845 4263 908 4320 Pal.
927 4267 951 4321 1.
976 4263 1062 4337 Spin..
1082 4258 1147 4341 [B]
1165 4262 1228 4318 cod.
1241 4261 1333 4331 vica,

256 4346 306 4419 Εξ,
330 4370 367 4406 ex
386 4350 547 4406 editoribus
572 4349 682 4423 priruus
695 4348 856 4407 Victorius.
880 4349 937 4404 nisi
954 4349 1031 4422 quod
1055 4349 1174 4405 retinuit
1198 4349 1247 4405 sed
1263 4346 1335 4418 (Sed
