3030 5086
231 509 234 516 -
272 463 336 527 780
663 483 706 526 uu
728 482 859 528 sturnus
882 480 953 527 nom

271 669 333 713 non
356 649 492 713 dubitem
516 650 632 726 dicere,
661 668 767 714 omues
796 650 953 729 sapientes
981 666 1103 730 semper
1130 667 1204 714 esse
1236 649 1368 723 beatos,

272 752 327 814 sed
351 758 452 814 tamen
475 749 543 814 ficri
566 770 668 830 posse,
692 758 726 814 nt
748 750 789 815 sit
810 750 890 814 alius
913 750 973 814 alio
995 750 1126 815 beatior.
1171 751 1275 831 Atqui
1300 748 1368 813 iste

272 852 358 916 locus
374 858 432 930 est,
450 852 531 931 Piso,
555 852 611 916 tibi
630 853 723 916 etiam
740 858 834 932 atque
845 851 938 916 etiarn
950 850 1191 930 confirmandus,
1208 851 1365 932 iuquam

273 971 365 1033 quem
393 953 419 1016 si
443 954 594 1029 tenueris,
626 973 686 1017 non
709 954 801 1018 modo
825 971 926 1018 meum
950 952 1143 1031 Ciceronem,
1170 953 1231 1017 sed
1260 952 1362 1018 etiarn

235 1058 324 1120 huic
346 1054 448 1134 ipsum
470 1054 609 1119 abducas
631 1055 741 1119 licebit.
775 1056 824 1120 96.
849 1054 929 1118 Tum
947 1054 1095 1133 Quintus:
1117 1053 1195 1118 Mihi
1219 1053 1361 1135 quidem,

272 1156 382 1236 inquit,
405 1155 482 1219 satis
505 1154 562 1220 hoc
585 1155 801 1220 confirmatum
818 1156 950 1233 videtur,
972 1155 1134 1237 laetorque
1156 1174 1227 1220 earn
1251 1153 1358 1236 philo·

274 1257 425 1338 sophiam,
449 1257 535 1320 cuius
558 1264 650 1322 autea
673 1257 893 1338 supellectilem
916 1257 1015 1337 pluris
1031 1256 1239 1321 aestimabam
1256 1274 1357 1338 quam

273 1360 488 1439 possessiones
517 1359 707 1439 rchquarum
735 1359 791 1437 (ita
820 1358 893 1422 mihi
923 1358 1011 1422 dives
1039 1358 1218 1437 videbatur,
1247 1368 1286 1422 ut
1314 1358 1355 1421 ah

275 1479 313 1525 ea
334 1468 442 1540 petere
459 1477 593 1539 possem,
617 1460 769 1541 quidquid
790 1460 822 1523 in
839 1459 952 1524 studiis
975 1459 1091 1524 uostris
1113 1460 1356 1541 concupissem),

216 1566 259 1629 10
275 1562 355 1625 hanc
378 1561 472 1642 igitur
494 1561 592 1625 laeum
615 1562 708 1626 etiarn
730 1562 900 1626 acutiorem
924 1571 1081 1642 repertam
1105 1580 1198 1642 quam
1222 1570 1357 1637 ceteras,

348 1754 366 1798 Ι.
386 1749 534 1797 deuocasse
553 1747 686 1798 Li‘cttor.
734 1753 756 1796 5.
775 1746 845 1795 arichi
865 1747 954 1809 palili
1003 1751 1025 1796 ὓ.
1045 1745 1121 1795 laetor
1138 1746 1231 1811 quidem
1247 1745 1355 1810 pht'loco·

272 1815 466 1933 ssfflsoglfles'
487 1818 529 1864 Or.
575 1820 595 1864 7.
615 1815 674 1878 qnid
691 1829 747 1880 tpro
766 1816 887 1878 quartus}
924 1821 946 1866 8.
963 1815 1175 1879 possessiouem
1210 1814 1357 1879 reliquorum

273 2040 340 2095 aliis
363 2039 479 2096 indiciis
502 2040 636 2113 coargui3
664 2038 736 2094 illud
760 2058 876 2113 quoque
899 2040 1093 2096 certissimum
1116 2051 1175 2109 est,
1204 2056 1271 2096 curn
1297 2039 1356 2116 sig·

274 2125 404 2192 milicem,
434 2125 477 2183 id.
507 2125 584 2197 quod
608 2143 644 2180 ex
668 2124 768 2197 aliqua
795 2143 826 2180 re
850 2125 1000 2199 expectari
1023 2125 1171 2189 debuerit,
1199 2142 1260 2181 non
1290 2142 1356 2182 esse

275 2220 473 2278 consecutum,
499 2209 601 2266 Latine
632 2228 689 2266 non
719 2228 804 2284 posse
828 2210 989 2266 orationem
1019 2210 1060 2265 sic
1082 2209 1267 2265 continuari:
1296 2228 1357 2267 crau

269 2295 457 2370 philosophiae
479 2297 636 2363 studuerim,
660 2304 745 2351 tumen
768 2297 884 2351 dolorem
900 2298 978 2368 serre
996 2315 1047 2350 uon
1060 2298 1172 2369 posunt,
1195 2297 1300 2351 malum
1318 2304 1358 2353 est

273 2382 358 2437 dolor.
410 2381 457 2453 (ln
492 2380 545 2435 hac
579 2379 726 2436 oratione:
761 2380 951 2454 Philosophiae
977 2381 1087 2445 alatrini,-
1120 2390 1208 2436 tarrreu
1236 2381 1358 2437 dolor-eru

265 2468 345 2539 ferre
367 2485 417 2520 non
437 2484 548 2539 possum
570 2465 733 2522 sententiae
756 2465 879 2522 distrahi
903 2477 1038 2540 possun13
1062 2465 1114 2521 sed
1137 2475 1236 2521 umen
1254 2464 1357 2523 Latini

273 2551 385 2607 malunt
408 2550 609 2625 coniungere.)
654 2551 690 2607 Iu
713 2550 783 2615 hoc,
812 2551 847 2606 do
870 2568 928 2624 quo
951 2550 1080 2626 agimus,
1109 2550 1174 2606 loco
1197 2549 1357 2607 dubitandi

272 2653 361 2693 causa
384 2646 441 2692 est.
471 2635 601 2691 mutandi
631 2635 751 2691 evidens
780 2635 939 2693 necessitas
968 2655 1025 2691 non
1054 2646 1107 2692 est.
1152 2631 1241 2715 [Esse
1263 2636 1357 2693 beatos

272 2740 310 2777 ex
334 2720 394 2777 Erl.
420 2732 449 2776 et
475 2721 496 2777 B
520 2716 713 2798 restitutum]

359 2806 409 2863 96.
444 2808 580 2879 laetorque
612 2825 670 2862 eane
700 2803 913 2883 philosophiam)
942 2806 1179 2880 Peripateticum.
1231 2804 1355 2864 Certum

272 2890 389 2947 Davisii
412 2890 656 2960 emendationem,
680 2908 766 2964 quam
785 2890 939 2947 Ernestius
963 2892 1111 2966 probarat,
1135 2898 1255 2948 secutus
1279 2909 1357 2947 sum.

272 2975 414 3034 Codicum
444 2977 590 3051 scriptura
618 2975 674 3032 tria
703 2975 831 3032 habebat
859 2976 944 3043 vitia,
979 2976 1104 3050 primum
1139 2976 1216 3049 quod
1245 2975 1358 3051 copule

272 3061 382 3117 omissa
404 3072 467 3117 erat
490 3062 519 3117 in
538 3061 592 3117 hac
610 3061 756 3117 sententia
773 3062 927 3135 superiori,
951 3061 998 3118 cui
1021 3061 1161 3118 adhaeret
1183 3072 1215 3117 et
1236 3079 1276 3117 ex
1297 3077 1358 3135 qus

272 3146 375 3209 oritur,
399 3146 591 3213 annectenda,
615 3146 749 3213 alterum,
773 3146 850 3220 quod
874 3148 980 3220 quidem
1001 3146 1145 3221 particula
1164 3145 1213 3202 hic
1229 3146 1357 3222 ineptis·

271 3232 346 3288 sima
364 3240 435 3293 erat,
460 3231 587 3287 tertium.
612 3231 700 3304 quod,
724 3249 788 3288 curn
813 3250 872 3287 una
888 3231 988 3305 aliqua
1006 3230 1193 3307 philosophia
1210 3248 1229 3287 a
1244 3230 1358 3289 ceteris

271 3328 466 3391 separaretur.
490 3326 588 3372 tamen
612 3335 772 3391 pronomen
796 3317 913 3384 aberam
936 3317 985 3390 qui
1004 3317 1081 3373 enim
1100 3316 1140 3373 ita
1159 3316 1245 3374 dicit:
1270 3318 1358 3375 lactoe

267 3402 481 3477 philosophiam,
510 3405 585 3459 eruitis
614 3412 685 3469 cet,
715 3402 740 3458 is
768 3401 803 3457 de
827 3402 964 3458 universa
993 3401 1179 3477 philosophia
1208 3400 1353 3476 loquitur.

271 3486 330 3545 Sed
359 3487 439 3543 aliud
469 3487 604 3542 ruendum
635 3505 691 3542 non
723 3487 818 3544 minus
845 3499 979 3562 apertum
1002 3487 1143 3544 Davisius
1172 3486 1355 3561 reliquerat3

271 3591 337 3628 nam
373 3590 437 3629 cum
468 3572 596 3645 Quintus
625 3572 842 3647 philosophias.
876 3591 934 3628 non
969 3571 1159 3646 philosophos
1187 3571 1355 3646 comparet,

270 3657 436 3714 necessario
460 3668 525 3732 post
549 3657 636 3714 illud:
661 3677 719 3713 euna
739 3657 945 3731 philosophiam,
967 3661 1043 3714 errius
1066 3659 1131 3729 (nea
1153 3656 1242 3713 aliter
1264 3656 1355 3715 iutel-

271 3740 416 3817 legehant,
441 3743 490 3816 qui
514 3763 572 3798 earn
595 3761 652 3798 non
676 3742 837 3813 habehant)
860 3742 1013 3798 dicendum
1039 3753 1115 3798 erat:
1138 3760 1222 3816 quam
1241 3760 1355 3816 poscas·

269 3830 355 3883 sioues
382 3829 561 3901 reliquarum,
591 3846 663 3893 non,
695 3838 727 3883 ut
754 3827 910 3894 edebatur,
938 3830 1116 3901 reliquorum
1144 3836 1187 3894 et,
1217 3845 1255 3882 ns
1285 3827 1355 3901 quis

269 3912 356 3971 dicat.
376 3913 539 3968 orationem
558 3913 683 3968 transire
701 3931 719 3968 a
735 3911 930 3986 philosophiis
949 3913 985 3967 ad
1003 3911 1204 3987 philosophos,
1223 3930 1353 3986 quorum

269 4015 322 4052 eae
339 3998 407 4065 sint,
426 3997 572 4071 sequitur:
595 4000 674 4053 eliam
690 4001 833 4053 aorrtr'orcm
852 4007 983 4072 repertam
1002 4017 1084 4071 quam
1102 4006 1246 4054 celeras.
1282 3997 1354 4055 Non

268 4081 400 4138 dubitavi
425 4082 514 4156 igitur
538 4083 673 4139 mendum
697 4082 853 4158 corrigere,
877 4082 954 4156 quod
979 4082 1209 4158 Wesenbergius
1231 4100 1355 4157 quoque

268 4167 406 4224 correxit.
443 4163 540 4246 [Idem
565 4167 694 4232 colitisse
712 4168 828 4224 videtur
848 4169 903 4225 Th.
919 4163 1092 4246 Bentleius.]
1127 4166 1354 4242 Reprehensum

267 4251 296 4308 in
311 4252 517 4326 Peripateticis
535 4252 706 4309 dialecticae
724 4253 937 4328 ignorationem
958 4265 985 4310 et
1004 4254 1200 4310 desideratum
1225 4270 1355 4311 acumen

267 4338 305 4393 sd
322 4338 379 4406 111,
394 4341 429 4395 41
451 4338 587 4395 vidimus.
627 4339 673 4395 De
697 4338 809 4395 divitiis
831 4350 928 4395 atatem
952 4348 981 4395 et
1003 4339 1097 4415 copiis
1119 4337 1208 4395 huius
1231 4337 1356 4397 scholae

267 4423 304 4478 ad
327 4424 426 4480 omnia
449 4423 546 4480 studia
569 4423 701 4480 ornanda
723 4424 794 4482 Piso
818 4424 892 4481 dixit
910 4426 968 4494 57,
992 4425 1032 4483 M.
1047 4423 1212 4483 Cicer01V
1224 4427 1240 4495 ξ
1254 4425 1272 4481 6
1287 4442 1356 4501 sqq.
