3030 5086
436 460 480 505 nr
504 461 586 506 mnu.
610 460 673 507 nra.
695 462 731 506 111
754 460 827 508 cnr.
850 463 869 507 ι.
887 459 984 522 (1-3.)
1183 443 1247 508 ale

169 633 257 705 runt3
283 644 340 692 nec
361 645 436 691 vero
459 627 554 691 ullum
576 627 729 710 probetur
752 626 815 711 [ut]
839 641 992 706 summum
1014 626 1139 705 bonum,
1162 627 1249 709 quod

169 728 286 793 virtute
308 735 428 806 careat,
459 747 521 808 qua
542 728 618 794 nihil
639 738 745 810 potest
773 747 843 794 esse
870 730 1092 809 praestantius.
1136 729 1248 809 Itaque

169 848 359 911 quamquam
380 829 411 894 in
434 847 472 894 eo
495 848 653 910 sermone,
680 831 734 912 qui
762 850 832 896 curn
854 831 1014 911 Torquato
1041 837 1092 897 est
1113 830 1247 910 habitus,

171 950 232 995 non
255 930 378 995 remissi
400 930 522 1009 fuimus,
544 941 648 996 tamen
670 932 747 997 baec
767 932 872 996 acrior
894 939 943 998 est
965 950 1034 996 cum
1056 931 1167 998 Stoicis
1189 951 1247 1014 pa·

171 1043 241 1096 rata
263 1033 427 1109 contentio.
473 1035 561 1113 Quae
588 1033 668 1097 enim
697 1034 736 1099 dc
759 1033 919 1113 voluptate
940 1034 1101 1113 dicuntur,
1130 1052 1169 1099 aa
1190 1036 1287 1100 necb

169 1133 349 1197 acutissime
371 1150 427 1197 nec
443 1132 627 1199 abscondite
644 1135 858 1212 disserentem
880 1153 982 1216 neque
1003 1135 1094 1215 enim,
1117 1134 1171 1216 qui
1192 1135 1247 1199 dc·

170 1234 300 1299 tendunt
321 1254 399 1313 eam,
421 1234 541 1299 versuti
562 1235 593 1300 in
616 1234 799 1300 disserendo
822 1242 895 1301 sunt
912 1254 977 1316 nec
1000 1235 1054 1317 qui
1070 1242 1182 1302 contra
1199 1235 1247 1300 di-

169 1344 258 1413 cunt,
285 1354 411 1400 causam
435 1335 590 1411 difficilem
613 1335 782 1418 repellunt;
810 1337 1047 1418 alpecellam
1075 1338 1150 1403 dicit
1171 1336 1246 1419 Epi-

244 1495 262 1538 1.
281 1504 336 1537 vere
355 1488 389 1536 r'ta
407 1487 478 1537 ullum
498 1488 594 1539 PMCR
616 1504 671 1538 vero
694 1487 767 1538 adom
789 1489 863 1538 aleb
902 1488 946 1556 [ut]
966 1505 1014 1539 om
1035 1490 1168 1548 LPMCR,
1192 1491 1247 1539 sine

171 1569 232 1604 nota
250 1555 292 1604 Or.
328 1565 353 1604 at
371 1558 428 1620 (pro
446 1556 649 1621 quomnrmca
684 1564 698 1604 2
722 1555 886 1625 possetbtll]
902 1557 978 1622 pereat
994 1558 1036 1609 LO
1073 1563 1096 1606 b.
1115 1558 1247 1608 r’rrterrcabE

170 1641 226 1673 vero
243 1627 302 1688 (pro
319 1624 389 1686 enea)
410 1625 430 1673 li
466 1630 488 1673 6.
508 1624 656 1674 deicerentur
673 1643 715 1674 nee
732 1625 867 1675 abscondite
886 1626 906 1674 L
943 1631 965 1674 8.
987 1625 1046 1674 enim
1065 1627 1088 1675 R

259 1765 286 1818 2.
309 1782 355 1820 nec
377 1783 438 1820 vero
459 1766 542 1820 obrem
561 1765 690 1839 probetur
712 1760 768 1844 [at]
794 1797 830 1807 —-
855 1766 929 1839 quod
950 1769 1046 1822 uirtute
1067 1762 1173 1841 carent)
1197 1764 1247 1823 sie

171 1849 259 1904 etiarn
284 1847 360 1922 Spir.
384 1847 449 1925 [B].
493 1849 547 1906 Ed.
571 1849 651 1908 Crat.
674 1869 721 1907 nec
750 1869 811 1906 vero
838 1852 876 1906 ito
905 1851 988 1906 allum
1011 1851 1090 1926 prob.
1119 1860 1149 1906 nt
1176 1869 1198 1918 e,
1222 1849 1246 1907 b.

171 1934 246 2008 qnod
268 1943 338 1996 cet,
368 1942 483 1990 retento
511 1938 549 1990 r'tn
576 1953 613 1990 ex
641 1935 736 1992 altera
763 1935 924 2010 scriptura;
953 1953 989 1991 ex
1018 1930 1061 2005 Εξ
1089 1942 1249 1992 annotatur

172 2028 285 2074 tantum
308 2020 390 2093 quod.
436 2019 513 2076 Nam
545 2019 634 2076 ceteri
662 2031 730 2076 ante
754 2017 861 2078 Gzium
885 2019 973 2077 tacite
996 2030 1028 2076 ut
1050 2019 1143 2077 nostri
1167 2019 1248 2076 dete·

172 2104 264 2159 riores
292 2111 321 2159 et
344 2103 385 2159 sic
408 2113 468 2160 tres
491 2104 597 2178 reliqui
620 2103 688 2162 Gaii
712 2102 807 2173 codd,
836 2115 1009 2180 poteratque
1038 2123 1073 2161 ea
1101 2105 1249 2180 scripture

172 2207 225 2263 per
247 2206 278 2243 se
300 2187 386 2250 ferri,
416 2188 470 2245 etsi
500 2188 595 2245 minus
622 2199 690 2264 epte
721 2189 824 2247 modus
846 2191 896 2263 (ito
921 2222 958 2232 -
983 2200 1011 2246 ut
1032 2194 1136 2262 carent)
1159 2207 1247 2264 quam

172 2273 265 2346 ipsius
289 2273 357 2330 boni
375 2273 503 2346 qualitas
520 2275 624 2346 (uuam,
647 2275 732 2349 quod)
749 2284 1004 2333 commemoratur.
1039 2274 1074 2331 In
1094 2274 1247 2331 meliorum

171 2357 305 2414 codicum
334 2359 480 2432 scriptura
503 2358 588 2415 valde
617 2357 739 2415 offendit
767 2370 809 2428 ut,
840 2378 898 2434 quo
926 2368 1041 2416 retento
1069 2361 1152 2416 ullum
1180 2359 1248 2416 sub·

173 2442 332 2498 staminum
361 2443 430 2511 erit,
461 2452 563 2500 contra
591 2443 677 2501 huius
705 2444 811 2501 aetatis
839 2457 867 2502 et
896 2442 1048 2519 scriptoris
1075 2462 1160 2502 usum
1190 2445 1249 2516 (aec

172 2548 233 2584 nero
255 2530 404 2602 quidquam
423 2529 553 2603 probetur
575 2539 603 2585 nt
624 2549 647 2585 e.
667 2530 719 2604 b.);
743 2547 809 2586 nam
833 2544 865 2586 ut
887 2529 1096 2605 coniungetur:
1119 2548 1166 2585 nec
1187 2547 1249 2585 vero

172 2615 254 2668 ultrum
279 2614 370 2669 bouum
385 2614 515 2687 probetur
531 2624 560 2670 ut
581 2634 721 2678 summam,
744 2615 807 2671 fieri
830 2615 940 2689 nequit.
975 2614 1124 2673 Videlicet
1145 2613 1249 2671 eadem

174 2698 302 2754 brevitas
330 2698 468 2772 loquendi
498 2699 650 2773 utriusque
677 2699 810 2756 codicum
839 2698 970 2757 familiae
1003 2699 1099 2776 primo
1126 2697 1249 2756 librario

172 2783 356 2858 displicuisse
380 2783 511 2851 videtur,
540 2803 599 2858 qua
627 2784 669 2840 sic
692 2784 830 2842 dicimus:
861 2786 909 2841 boc
936 2803 1067 2841 nummum
1095 2785 1190 2841 bonam
1217 2803 1250 2841 nc

168 2869 310 2943 probetur,
345 2868 400 2924 hoe
428 2869 641 2944 significantes:
676 2870 724 2927 boc
757 2889 789 2926 ne
811 2889 865 2945 pro
892 2889 994 2926 eamme
1021 2871 1087 2926 bono
1109 2869 1249 2945 probetur.

173 2953 250 3009 Hine
272 2952 345 3009 illud
369 2964 396 3009 ut
418 2964 528 3012 natum.
574 2950 693 3033 [Neque
720 2955 776 3011 hoc
804 2955 957 3030 probabile
985 2972 1038 3011 nec
1066 2964 1153 3029 aptus
1180 2972 1250 3011 con·

172 3038 318 3094 iunctivus
347 3038 397 3094 ille
426 3039 591 3095 hortativus
622 3047 673 3094 aut
695 3059 748 3115 per
770 3058 801 3096 se
824 3050 875 3096 aut
898 3049 964 3113 post
992 3039 1044 3095 ille
1072 3041 1197 3114 quoniam
1225 3047 1250 3095 et

173 3156 211 3165 -
240 3135 273 3181 et.
321 3124 463 3198 Suspicor
491 3123 662 3182 Ciceronem
692 3124 859 3199 scripsisse:
888 3127 971 3180 ullum
995 3125 1162 3200 probaturae
1189 3144 1249 3180 eum

171 3230 310 3265 eunrmum.
355 3210 380 3266 1.
394 3209 556 3266 Muellerus
578 3210 609 3267 II
630 3229 658 3284 p.
676 3210 714 3266 18
735 3210 869 3284 probetur
890 3229 1029 3270 auramum,
1052 3228 1157 3284 parum
1180 3227 1248 3285 pro·

173 3289 339 3372 babiliter.]

259 3400 314 3453 qao
331 3381 396 3435 nibil
409 3381 510 3454 potest)
529 3379 675 3437 Absolute
695 3381 751 3437 hoc
767 3398 833 3435 cum
851 3378 1047 3436 affirmatione
1065 3378 1251 3454 adiungitur;

173 3483 267 3537 neque
295 3465 371 3519 enim
407 3465 453 3520 bic
486 3466 583 3522 locum
611 3466 700 3522 habet
728 3465 823 3521 latens
851 3464 902 3521 illa
931 3482 1036 3521 causae
1065 3463 1251 3538 significatio,

171 3568 246 3622 quae
270 3558 313 3605 est
337 3549 365 3605 in
390 3550 577 3606 coniunctivo
601 3550 687 3608 modo
711 3548 876 3626 pronomini
895 3549 1036 3606 subiecto.
1072 3551 1165 3606 Potest
1183 3548 1252 3606 ede·

172 3635 258 3689 betur
281 3634 368 3689 tacite
392 3647 460 3692 ente
483 3635 653 3704 Davisium,
683 3636 738 3693 nisi
763 3635 840 3709 quod
864 3634 1007 3710 quaedam
1032 3634 1253 3692 vetustissimae

171 3719 236 3775 edd.
260 3721 348 3791 (Ven.
379 3722 466 3784 1480,
495 3721 601 3794 1494),
625 3730 657 3778 ut
679 3720 718 3779 C.
738 3723 840 3796 poenit,
864 3720 942 3794 quod
965 3720 990 3776 is
1013 3738 1029 3775 e
1052 3720 1136 3777 Parr.
1165 3722 1198 3789 1,
1224 3719 1252 3791 2,

173 3805 217 3862 El.
232 3807 258 3861 2.
283 3804 373 3878 (Gud.
388 3806 415 3863 2.
440 3806 532 3877 Bas),
556 3802 657 3885 [etiam
682 3801 722 3885 B]
745 3805 896 3862 revocavit
919 3817 946 3861 et
970 3805 1090 3862 Bromio
1114 3803 1251 3877 Gaioque

172 3890 317 3964 probavit.
352 3889 409 3946 Sed
435 3890 570 3946 meliores
592 3892 721 3966 (praeter
738 3891 798 3948 Erl.
822 3891 910 3948 etiem
930 3890 1032 3966 Spin),
1056 3900 1116 3947 tum
1141 3888 1253 3958 Mead.,

174 3973 240 4048 Εξχ,
265 3973 344 4031 Gud.
374 3978 384 4030 l
409 3985 508 4049 poseat.

256 4080 365 4116 corneum
384 4063 518 4134 difficilem
536 4060 679 4135 repellunt)
697 4061 877 4119 Insolentiae
895 4060 1005 4117 dictum
1023 4077 1087 4116 esse
1106 4076 1160 4116 nec
1178 4057 1251 4116 setis

172 4146 299 4221 proprie,
326 4146 468 4202 Lambino
485 4144 645 4202 concedere
663 4146 809 4202 debebant
826 4146 969 4214 editores;
992 4162 1059 4201 nam
1079 4144 1250 4220 repellimus

170 4232 311 4305 impetum
336 4242 385 4286 aut
409 4250 468 4298 eos,
493 4230 542 4304 qui
567 4231 711 4306 impetunt
734 4228 846 4288 faciunt
863 4233 893 4305 (a
915 4249 974 4305 quo
997 4230 1172 4288 translatum
1196 4241 1250 4292 est,

171 4317 249 4390 quod
267 4316 296 4371 in
312 4317 395 4373 Verr.
408 4316 495 4384 1v‚8
515 4315 635 4373 dicitur:
660 4317 737 4373 uerbo
760 4336 811 4372 uno
832 4317 977 4392 repelbzr);
999 4315 1037 4373 ed
1059 4334 1124 4373 eam
1147 4313 1251 4390 imagi·

175 4422 239 4456 nem
265 4420 321 4456 non
346 4412 416 4476 epta
438 4421 522 4457 cauea
545 4410 573 4457 et
595 4403 715 4476 difficilia
737 4421 830 4474 caueae
876 4404 981 4477 ltaque
998 4400 1102 4463 Lame.
1127 4402 1259 4474 refellunt
