3030 5086
282 477 357 540 XVI
719 491 913 541 rnnnrnmo.

251 721 257 730 .
283 675 432 744 quantum
452 684 501 731 res
518 666 664 747 postulat,
682 686 721 731 ne
737 667 777 730 de
794 684 862 728 mea
878 664 940 730 fide
957 667 1124 745 dubitetur,
1148 686 1216 733 cum
1235 670 1274 733 de
1292 689 1353 733 uno

283 773 551 854 praestantissimo
574 774 678 838 codice
701 775 841 839 onmibns
864 774 928 839 fere
950 775 1070 855 paginis
1093 794 1193 840 meum
1212 778 1352 841 testimo-

283 880 366 944 nium
388 900 407 944 a
431 880 592 946 Goerenzii
615 882 783 963 discrepet,
815 901 891 946 neue
913 883 1047 963 imperiti
1069 885 1162 948 certis
1184 885 1353 948 auctorita-

282 988 364 1052 tibus
387 989 508 1054 inanem
531 991 664 1070 speeiem
686 991 824 1055 codicum
842 991 1123 1057 Goerenzianorum
1146 1001 1305 1073 opponant
1322 1001 1354 1057 et

282 1114 318 1159 ex
347 1097 413 1161 eius
435 1098 592 1162 erroribus
614 1115 712 1161 novos
734 1106 907 1178 procreent.
952 1099 1141 1165 Goerenzius
1169 1101 1263 1180 igitur
1291 1120 1351 1164 non

283 1205 391 1283 solum,
414 1224 493 1287 quas
516 1206 543 1270 ei
560 1205 685 1285 placuit,
708 1205 879 1286 scripturas
898 1226 915 1270 e
932 1206 1089 1271 codicibus
1107 1207 1171 1271 suis
1189 1208 1353 1288 excerpsit,

282 1320 402 1376 ceteras
425 1330 521 1393 saepe
544 1314 678 1395 optimas
700 1321 731 1378 ct
754 1315 883 1379 maxime
899 1313 1051 1380 notabiles
1073 1315 1186 1393 omisit,
1208 1324 1262 1380 ant
1278 1317 1351 1381 sub·

282 1420 354 1484 inde
377 1421 478 1486 minus
498 1421 588 1502 plene
610 1429 651 1495 et,
664 1431 817 1500 accurate,
840 1422 913 1503 quid
935 1422 967 1486 in
989 1423 1145 1487 codicibus
1168 1431 1264 1500 esset,
1287 1431 1352 1488 tra·

282 1527 369 1607 didit,
393 1528 449 1593 sed
471 1530 515 1594 ita
536 1530 672 1610 graviter·
694 1530 807 1610 ubique
829 1530 954 1607 erravit,
977 1531 1021 1595 ite
1043 1531 1156 1594 multas
1179 1533 1352 1611 scripturas

282 1634 441 1714 confinxit,
468 1638 512 1701 ita
535 1639 659 1702 nomina
682 1638 819 1703 codicum
842 1639 1043 1719 permutavit,
1071 1638 1203 1718 quaein
1227 1639 1353 1719 optimis

281 1752 379 1821 erant,
403 1745 545 1825 pessimis
568 1746 683 1823 tribuit,
705 1764 786 1825 quae
808 1746 838 1810 in
861 1746 1012 1827 pessimis,
1036 1746 1169 1826 optimis,
1192 1746 1236 1811 ite
1258 1749 1352 1811 etiam

281 1853 311 1916 in
335 1853 372 1916 iis
394 1853 483 1930 incia,
506 1853 557 1918 ubi
580 1854 619 1918 ab
641 1853 710 1917 aliis
733 1854 908 1918 admonitus
931 1863 1012 1925 erat,
1037 1861 1071 1917 ut
1092 1855 1283 1933 attenderet,
1312 1856 1352 1919 de

282 1958 369 2026 falsis
398 1961 602 2039 asseveravit,
636 1969 671 2025 ut
698 1961 771 2025 nihil
799 1980 945 2042 umquam
974 1961 1037 2025 ulla
1069 1980 1106 2026 ex
1134 1969 1225 2042 parte
1253 1963 1353 2028 simile

281 2068 411 2133 viderim
428 2076 468 2146 et,
490 2069 549 2133 nisi
567 2069 639 2133 mihi
657 2077 767 2149 stupor
784 2069 916 2133 hominis
938 2076 970 2133 et
986 2069 1176 2149 perversitas
1193 2070 1223 2134 in
1241 2073 1352 2134 ceteris

282 2194 406 2256 quoque
428 2176 521 2241 rebus
543 2184 707 2258 perspecta
730 2184 850 2255 essent,
874 2176 923 2241 vix
945 2177 1021 2240 meis
1043 2176 1111 2257 ipse
1133 2177 1229 2242 oculis
1251 2179 1351 2242 credi·

282 2291 370 2347 turns
388 2282 505 2348 fuerim.
540 2286 585 2348 Ae
602 2291 726 2364 poterat
741 2286 801 2350 iam
819 2293 892 2349 ante
910 2303 1023 2364 magna
1044 2304 1081 2348 ex
1100 2293 1189 2364 parte
1207 2286 1351 2365 intellegi,

281 2410 360 2472 quae
381 2390 459 2456 fides
477 2391 649 2456 Goerenzio
669 2393 842 2470 deberetur,
865 2393 1075 2474 attigeratque
1091 2392 1225 2457 Orellius
1248 2394 1350 2485 suspi-

281 2499 381 2576 cione,
410 2499 495 2580 quod
523 2509 585 2563 tam
615 2519 710 2581 saepe
738 2501 827 2581 quasi
849 2499 955 2564 dedita
977 2519 1073 2580 opera
1095 2498 1175 2564 falsa
1197 2502 1236 2564 de
1258 2501 1350 2566 editis

281 2605 369 2671 libris
387 2614 418 2670 et
434 2608 565 2671 aliorum
583 2608 738 2673 codicibus
755 2608 902 2672 narravit.
936 2608 964 2671 N
967 2626 1006 2671 on
1024 2625 1123 2688 pauca
1140 2608 1221 2672 enim
1239 2607 1351 2672 similia

282 2722 354 2778 sunt
376 2715 418 2793 ei,
441 2716 524 2795 quod
546 2715 588 2779 ad
610 2715 640 2793 I,
657 2716 698 2779 39
721 2715 885 2793 commisit,
915 2715 964 2779 ubi
987 2734 1055 2779 eum
1078 2715 1218 2779 adhaec
1240 2716 1348 2778 verba:

281 2826 385 2884 mutato
401 2827 544 2901 porrecto
565 2843 675 2898 ortano,
705 2843 783 2903 quoe
804 2842 915 2887 arcanus
935 2822 1079 2903 sipniticct
1100 2822 1216 2886 Paulus
1238 2822 1349 2887 Manu·

282 2929 343 2993 tius
366 2938 549 2994 annotasset
573 2931 784 3010 repetitionem
807 2931 990 2995 substantivi
1012 2940 1086 3011 post
1107 2948 1276 3011 pronomen
1300 2949 1349 2994 re·

281 3036 409 3102 lativum
432 3057 492 3102 non
515 3037 670 3102 insolitam
693 3057 776 3116 esse,
803 3039 863 3103 sibi
890 3045 992 3102 tamen
1021 3037 1051 3102 in
1079 3046 1212 3102 mentem
1236 3039 1349 3115 venire,

281 3147 420 3211 additum
439 3144 574 3211 fortasse
590 3164 660 3211 esse
678 3167 787 3209 neonus
803 3147 842 3211 ab
858 3146 971 3226 aliquo,
994 3145 1045 3226 qui
1062 3151 1230 3223 vereretur,
1254 3164 1292 3210 ne
1309 3147 1349 3210 ad

281 3263 417 3318 statuam
439 3254 542 3335 potius
565 3274 657 3335 quam
680 3258 721 3320 ad
744 3273 868 3319 manum
891 3269 1060 3334 pronomen
1078 3273 1156 3333 quoe
1172 3252 1349 3328 referretur,

282 3363 352 3427 hinc
369 3363 454 3442 apud
467 3361 673 3428 Goerenzinm
690 3364 767 3427 haec
780 3372 854 3426 nata
865 3372 950 3426 suot:
972 3361 1099 3443 ,Nugas
1115 3367 1219 3425 autem
1236 3369 1350 3425 tractat

282 3471 428 3535 Davisius
446 3470 499 3550 (-
520 3479 552 3535 ‘t
574 3472 600 3534 is
624 3491 662 3535 ne
680 3471 772 3536 verbo
794 3470 918 3550 quidem
940 3469 1022 3533 hune
1042 3468 1143 3533 iocum
1165 3468 1268 3550 attigit
1285 3472 1349 3548 -),

282 3598 349 3644 cunr
362 3598 474 3641 tironos
483 3578 555 3642 ideo
568 3579 679 3644 abesse
690 3578 770 3655 velit,
787 3587 823 3641 ut
836 3596 913 3658 prore
923 3578 964 3641 ad
976 3580 1111 3640 statuum
1123 3574 1348 3654 referatur“(!!).

283 3687 329 3750 be
352 3687 516 3750 Cratandri
544 3705 667 3766 quoque
689 3685 828 3766 margine
850 3703 944 3765 saepe
965 3685 1103 3765 graviter
1125 3690 1224 3763 errat,
1253 3684 1348 3748 iuter·

282 3797 354 3860 duni
377 3795 538 3874 usquead
566 3813 715 3858 summam
739 3792 946 3870 mirationem,
974 3799 1009 3856 ut
1036 3809 1104 3856 cum
1133 3792 1178 3870 id,
1206 3792 1289 3872 qnod
1317 3791 1347 3855 in

281 3923 344 3968 uua
378 3903 504 3967 Gruteri
537 3902 672 3966 editione
704 3921 724 3965 a
757 3901 951 3982 typographo
980 3900 1184 3980 depravatum
1218 3907 1277 3975 est,
1316 3899 1346 3961 in

281 4011 393 4076 ceteris
422 4010 564 4074 omnibus
591 4009 717 4091 legitur,
751 4009 794 4072 ibi
820 4027 877 4089 pro
905 4009 993 4072 varia
1021 4008 1177 4088 scriptura
1204 4007 1347 4070 annotari

282 4118 390 4182 scribit
401 4119 456 4199 (od
468 4118 505 4195 V,
517 4118 580 4197 el).
615 4117 662 4180 De
679 4117 812 4180 editione
828 4117 926 4180 Marsi
943 4116 1094 4197 quaedam
1111 4113 1251 4193 exempla
1267 4111 1346 4177 inira

281 4244 403 4305 ponam.
448 4225 536 4288 Nunc
564 4243 631 4288 cum
660 4224 793 4289 codicem
816 4224 1038 4304 Erlaugensem
1065 4223 1176 4286 iterum
1204 4220 1346 4285 cubatum

283 4334 426 4410 babeam,
460 4341 624 4412 praeterea
656 4334 695 4397 ed
725 4332 913 4396 deteriorum
941 4331 1077 4395 codicum
1106 4346 1288 4393 consensum
1317 4339 1347 4393 et

282 4441 524 4521 discrepantiam
557 4440 774 4521 perspicienda
807 4439 949 4504 idoneam
976 4437 1136 4502 materiam
1165 4436 1346 4515 collegerim,
