3030 5086
215 455 313 520 LXIV
655 460 856 543 1666666666.

222 641 304 705 enim
325 640 573 722 intellectumque
595 646 646 703 est
668 660 689 705 a
707 641 760 707 Ch.
779 641 968 720 Petersenio,
991 644 1043 725 qui
1065 663 1135 709 eam
1156 643 1303 726 particu-

222 749 284 811 lam
297 747 470 829 Hamburgi
485 768 513 813 a.
528 749 609 814 1833
627 766 769 815 seorsum
786 748 894 830 edidit,
918 749 1098 816 Ciceronem
1116 770 1176 818 non
1194 751 1303 819 solum

224 872 262 919 ex
284 856 419 921 secundo
442 855 522 920 illius
544 858 683 938 opusculi
705 856 785 923 libro
809 864 906 924 totam
930 859 1102 925 sententiae
1123 859 1304 943 Epicureae
1416 838 1421 849 ⁸

224 963 448 1043 expositionem
475 965 570 1046 (quae
596 968 680 1046 apud
709 967 886 1032 Ciceronem
913 967 987 1032 inde
1012 986 1033 1031 a
1060 969 1079 1050 ξ
1100 967 1142 1033 43
1168 967 1303 1050 legitur)

225 1072 408 1153 sumpsisse,
436 1072 623 1151 sedetiam,
653 1075 737 1155 quod
765 1077 867 1140 minus
889 1074 1000 1155 aliquis
1023 1075 1251 1156 suspicaretur,
1283 1093 1305 1141 6

224 1178 330 1258 priore
346 1179 424 1245 libro
443 1180 547 1244 omnia
563 1180 624 1259 illa,
647 1200 727 1262 qnae
739 1182 890 1248 Velleinm
908 1182 1026 1247 inducit
1042 1183 1082 1248 de
1098 1183 1303 1266 superiorum
1412 1216 1421 1234 ·

135 1320 140 1331 x
225 1286 480 1369 philosophorum
510 1288 670 1353 sententiis
698 1289 919 1370 disputantem.
968 1290 1087 1355 Eodem
1116 1290 1212 1372 igitar
1241 1295 1305 1356 aut

226 1393 334 1459 saltem
364 1395 453 1460 simili
481 1396 574 1460 modo
602 1415 666 1461 rem
690 1395 861 1462 instituisse
889 1397 920 1462 in
943 1397 991 1462 his
1013 1397 1100 1462 libris
1121 1399 1302 1465 censendus

226 1519 263 1565 eo
286 1503 385 1584 magis
407 1512 469 1582 est,
497 1506 581 1585 qnod
609 1523 669 1569 non
693 1504 828 1569 obscura
849 1504 980 1586 vestigia
1006 1505 1039 1569 id
1062 1500 1231 1584 testantur,
1259 1505 1305 1571 de

106 1676 111 1683 ,
227 1609 337 1690 quihus
359 1629 396 1674 ex
412 1610 518 1692 aliqua
534 1619 626 1694 parte
642 1612 704 1676 iam
720 1611 795 1677 alibi
812 1612 927 1678 dictum
950 1631 969 1677 6
985 1630 1035 1677 me
1051 1620 1108 1679 est.
1141 1613 1176 1678 In
1194 1613 1304 1696 primo

170 1722 175 1729 '
226 1716 304 1780 libro
332 1717 389 1781 etsi
418 1736 512 1799 saepe
540 1719 638 1801 ipsius
660 1720 786 1800 Epicuri
809 1721 911 1785 verbis
939 1721 1052 1800 utitur,
1080 1728 1181 1786 tamen
1210 1726 1305 1803 patet

227 1825 260 1906 (ξ
278 1827 315 1889 31
336 1831 367 1889 et
382 1826 423 1890 66
441 1829 533 1907 sqq),
555 1829 758 1907 posteriorem
781 1827 914 1909 aliquem
937 1828 966 1893 ei
982 1828 1169 1911 Epicureum
1187 1827 1303 1894 ducem

227 1930 331 2011 fuisse,
355 1951 411 1997 nec
427 1933 557 1998 obscure
573 1937 641 2015 ipse
659 1936 691 2017 (6
710 1936 764 2016 16)
781 1934 957 2000 Phaedrum
975 1933 1150 2017 significare
1167 1935 1303 2000 videtur.
1344 1929 1350 1937 ’
1418 2000 1425 2009 ,

227 2040 262 2104 In
286 2042 422 2106 secundo
444 2040 522 2105 libro
551 2060 736 2124 quamquam
764 2042 890 2108 liberior
917 2051 966 2107 est
987 2042 1113 2123 Epicuri
1135 2041 1304 2107 insectatio

227 2166 410 2229 eorumque,
433 2167 513 2230 quae
535 2151 575 2214 ad
598 2150 742 2215 virtutem
765 2150 1041 2215 commendandam
1063 2149 1223 2229 dicuntur,
1245 2167 1304 2215 ex·

227 2256 364 2334 ornatio,
392 2263 494 2320 tamen
518 2258 609 2322 etiam
633 2277 685 2337 66,
713 2276 792 2338 quae
814 2257 913 2323 videri
936 2256 1059 2338 possint
1085 2256 1124 2322 ab
1152 2255 1222 2338 ipso
1246 2274 1303 2322 ex·

227 2363 371 2445 cogitata,
393 2363 559 2429 aGraecis
578 2375 702 2447 sumpta
725 2383 803 2442 esse,
826 2364 965 2446 exemplo
989 2371 1038 2430 est
1058 2364 1143 2443 illud,
1165 2365 1252 2447 quod
1268 2362 1302 2428 in

229 2471 656 2552 §1002commemoravimus
690 2473 756 2538 Nec
774 2472 912 2537 dubitari
934 2480 1048 2554 potest
1070 2471 1144 2553 quin
1166 2472 1305 2537 maxima

229 2596 304 2659 pars
334 2579 507 2661 Chrysippo
535 2580 686 2645 debeatur
708 2581 740 2662 (§
761 2580 833 2662 44),
867 2580 932 2645 sive
964 2600 1002 2644 ex
1028 2579 1129 2661 ipsius
1155 2577 1234 2644 libro
1264 2596 1304 2644 ea

231 2685 339 2750 Cicero
373 2688 526 2768 excerpsit
553 2688 619 2753 sive
652 2707 689 2751 ex
717 2687 860 2767 alicuius,
894 2687 946 2769 qui
974 2706 1043 2753 eum
1072 2693 1196 2752 secutus
1223 2692 1304 2752 erat.

231 2794 278 2859 De
300 2795 391 2858 tertio
413 2795 491 2859 lihro
514 2795 687 2876 expositum
716 2802 764 2860 est
791 2795 822 2859 in
851 2813 982 2859 excursu
1004 2795 1127 2877 quint03
1155 2800 1304 2876 quartum

194 2980 200 3008 Ι
230 2908 261 2965 et
283 2902 423 2982 quintum
445 2909 528 2967 totos
549 2903 589 2967 ah
611 2903 764 2967 Antiocho
786 2921 870 2981 esse,
892 2909 924 2967 et
945 2902 1014 2983 ipse
1035 2901 1173 2966 ostendit
1195 2901 1304 2966 Cicero

230 3017 262 3073 et.
283 3009 398 3073 dictum
421 3019 467 3074 est
490 3009 531 3075 de
552 3030 590 3074 ea
612 3029 646 3075 re
668 3011 698 3074 in
722 3028 854 3075 excursu
876 3009 1017 3090 septimo.

316 3117 385 3199 §a
430 3118 563 3182 Ferreus
585 3117 638 3197 sit,
667 3136 758 3199 quem
786 3136 847 3182 non
875 3122 999 3181 movent
1019 3116 1122 3198 imago
1145 3115 1305 3181 Ciceronis

230 3224 312 3288 inter
334 3225 534 3304 gravissimas
556 3243 657 3303 curae,
679 3244 717 3289 ex
738 3224 879 3290 honestis
901 3223 1004 3289 causis
1027 3230 1123 3302 ortas,
1145 3222 1186 3287 de
1201 3220 1304 3305 philo-

232 3331 342 3413 sophia
364 3332 526 3397 scribendo
554 3332 697 3396 solatium
720 3332 879 3414 capientis.
923 3330 986 3397 Sed
1012 3338 1116 3396 tamen
1144 3349 1205 3395 non
1233 3337 1305 3394 erat

231 3458 269 3503 ea
295 3439 389 3503 animi
416 3448 652 3521 temporumque
679 3439 816 3504 condicio
845 3439 1007 3520 aptissima
1033 3439 1073 3503 ad
1101 3437 1182 3503 hanc
1203 3443 1304 3502 mate·

232 3546 319 3623 riam,
342 3546 370 3611 ei
392 3547 586 3627 praesertim,
609 3547 661 3629 qui
684 3548 714 3611 in
737 3549 796 3612 hoc
815 3566 929 3628 genere
946 3546 1112 3626 cogitandi,
1135 3564 1196 3626 quo
1213 3543 1304 3625 ipsas

232 3654 373 3718 notiones
396 3654 478 3718 omni
501 3654 642 3719 detracto
665 3654 824 3718 involucro
846 3652 1013 3718 artificiose
1035 3659 1218 3731 tractantur,
1240 3669 1304 3716 non

232 3771 316 3826 esset
338 3761 620 3826 exercitatissimus.
664 3763 783 3842 Itaque,
806 3760 865 3824 nisi
888 3760 1097 3841 superstitiosi
1117 3759 1225 3823 merito
1243 3758 1305 3823 dici

232 3870 383 3947 volumus,
407 3869 614 3934 confitendum
638 3876 686 3933 est
705 3879 823 3950 aperte,
846 3868 997 3932 accidisse
1013 3866 1198 3947 aliquotiens
1216 3865 1304 3931 Cloe·
1326 3920 1330 3932 .

233 3978 309 4055 roni,
332 3996 413 4058 quae
436 3977 465 4040 in
489 3977 543 4041 tali
566 3996 660 4041 causa
682 3977 874 4057 expectanda
897 3982 994 4039 erant.
1035 3975 1115 4038 Nam
1139 3973 1304 4052 interdum,

233 4104 302 4148 cum
320 4084 482 4150 incidisset
498 4086 528 4149 in
549 4103 599 4149 res
617 4085 817 4178 spinosiorcs,
840 4083 993 4165 quaedam
1012 4081 1101 4146 nimis
1119 4079 1256 4146 breviter
1273 4085 1306 4145 et

233 4192 363 4258 obscure
380 4193 543 4274 excerpsit
566 4193 696 4256 maxime
716 4193 746 4255 in
764 4190 844 4255 libro
867 4190 959 4255 tertio
977 4192 1026 4270 (ut
1047 4189 1149 4268 capite
1171 4187 1306 4268 septimo

233 4300 362 4381 aliisque
383 4302 482 4382 locis),
504 4301 567 4365 alia
589 4300 633 4364 sic
656 4300 773 4380 posuit,
796 4306 832 4364 ut
854 4317 913 4361 non
937 4299 1014 4362 satis
1036 4303 1220 4377 appareret,
1243 4312 1306 4376 qno

234 4417 412 4487 spectarent
428 4411 476 4489 (nt
492 4409 548 4488 III,
563 4411 603 4472 33
620 4414 652 4472 et
667 4408 732 4489 49),
750 4407 780 4470 in
798 4405 983 4487 quibusdam
997 4422 1057 4468 non
1076 4404 1154 4468 satis
1170 4401 1308 4468 attendit
