3030 5086
263 477 329 544 492
656 496 702 544 nn
724 498 854 547 nmmos
876 498 948 557 eon.

265 664 414 746 captiosis
436 665 734 746 interrogationibus
758 666 992 733 dissimilitudo!
1028 670 1119 749 Quid,
1142 670 1227 751 quod
1247 669 1348 750 pluri-

264 766 323 830 bus
345 765 421 830 locis
449 767 539 847 quasi
562 768 762 845 denuntiant,
790 775 825 833 ut
853 787 953 850 noque
982 788 1127 835 sensuum
1156 771 1250 835 fidem
1278 771 1348 835 sine

266 868 390 932 ratione
423 886 481 932 nec
514 868 645 933 rationis
678 869 746 935 sine
779 871 923 935 sensibus
956 872 1155 953 exquiramus
1188 882 1284 952 atque
1311 880 1348 936 ut

267 987 374 1034 eorum
396 969 530 1035 alterum
558 970 598 1034 ab
621 970 720 1035 altero
742 989 781 1034 ae
802 973 1007 1051 separemus?
1051 974 1155 1054 Quid?
1183 992 1234 1051 ea,
1264 992 1348 1054 quae

228 1072 250 1138 5
267 1070 417 1136 dialectici
435 1089 517 1136 nunc
534 1072 663 1136 tradunt
679 1080 711 1137 et
722 1074 842 1150 docent,
860 1091 961 1139 nonne
975 1075 1014 1140 ab
1025 1074 1085 1139 illis
1096 1075 1239 1140 instituta
1250 1075 1347 1139 sunt?

339 1245 359 1289 l.
376 1240 528 1305 plurimr'sE
565 1242 814 1292 &serratoriae
849 1242 967 1292 dueum.
990 1241 1061 1310 [AJE
1088 1253 1113 1292 et
1131 1259 1179 1294 om.
1196 1244 1231 1293 Or
1276 1250 1299 1296 4.
1319 1261 1348 1295 ne

268 1323 316 1359 om.
337 1324 434 1370 omnes,
453 1309 496 1360 Or.

268 1465 395 1526 eludere.
419 1467 470 1522 aed
493 1467 636 1523 rationem
661 1467 732 1539 (vid.
755 1467 791 1524 ad
814 1467 839 1529 Ι,
863 1467 930 1537 30);
959 1467 1010 1524 sed
1033 1477 1207 1542 argumenta
1228 1469 1347 1526 conclu·

269 1551 370 1607 dantia
392 1551 498 1609 Cicero
520 1551 666 1627 appellat,
695 1570 770 1625 quae
799 1552 1015 1609 conclusionem
1040 1553 1209 1609 contineant
1231 1563 1261 1609 et
1284 1554 1349 1610 efli-

269 1635 363 1704 ciant,
392 1641 495 1693 ratione
522 1636 618 1706 addit,
653 1647 685 1692 ut
713 1647 792 1693 recta
826 1647 856 1693 et
883 1655 952 1693 vere
984 1636 1092 1694 factam
1126 1637 1346 1695 conclusionem

268 1719 431 1796 distingvat
453 1740 471 1777 a
490 1721 630 1795 captiosa.
667 1721 817 1796 Cogitavit
829 1721 933 1779 Cicero
946 1721 981 1777 de
994 1721 1167 1779 Aristotelis
1178 1723 1348 1798 Analytiris

269 1817 299 1862 et
320 1805 397 1863 libro
413 1794 479 1880 περὶ
504 1802 681 1877 σοφιστικῶν
698 1799 827 1881 ἐλέγχων.
862 1805 966 1864 Oratio
983 1806 1071 1881 paulo
1089 1807 1236 1864 duriorem
1258 1809 1348 1864 ornis-

269 1891 381 1948 sionem
400 1891 482 1947 verbi
506 1889 603 1946 babet
626 1908 692 1946 cum
716 1890 745 1946 in
768 1891 866 1965 priore
890 1892 1020 1948 membro
1039 1893 1131 1966 magis
1148 1892 1348 1967 intellegatur,

270 1976 442 2032 varietatem
471 1975 546 2031 hanc
574 1974 722 2031 inventam
746 1976 865 2032 abillis
888 1994 967 2039 esse,
996 1978 1025 2032 in
1050 1977 1193 2046 secundo,
1225 1978 1266 2034 ita
1288 1988 1349 2034 tra·

269 2060 371 2129 ditem,
395 2070 428 2117 ut
450 2060 538 2117 simul
560 2059 768 2116 dissimilitudo
791 2061 998 2135 explicaretur.
1032 2063 1104 2119 Mox
1128 2063 1215 2119 etiam
1240 2060 1349 2140 [Bet]

270 2166 327 2222 mg.
351 2145 432 2205 Crat.
457 2146 546 2202 habet
565 2147 690 2218 plurimis
712 2148 789 2213 lecim
813 2147 870 2203 vid.
896 2146 981 2213 adl,
1009 2149 1055 2204 15.

356 2252 402 2288 neo
424 2231 550 2303 rationis)
574 2230 712 2286 biendum
731 2231 777 2287 ed.
796 2231 908 2306 primae
926 2230 987 2287 fere
1007 2232 1043 2287 ad
1062 2250 1164 2289 omnes
1182 2242 1250 2288 ante
1268 2230 1348 2290 Gru·

270 2326 364 2373 terum
384 2325 578 2392 propagatum
591 2324 644 2371 est.
667 2315 697 2371 Ie
710 2316 837 2372 correxit
850 2335 885 2371 ex
900 2316 1034 2372 omnibus
1046 2316 1122 2374 Poll.
1148 2313 1228 2396 [Sine
1239 2317 1350 2374 omittit

271 2403 359 2459 etiam
382 2402 422 2469 B;
451 2400 602 2457 exciderat
629 2400 659 2456 in
683 2399 843 2475 archetypo
865 2409 987 2476 propter
1009 2401 1187 2477 syllabarum
1211 2401 1350 2460 similitu·

270 2488 378 2545 dinam.
414 2485 661 2542 Denuntiationes
679 2485 745 2542 illas
758 2485 863 2544 Cicero
880 2487 943 2542 eine
961 2487 1051 2544 dubio
1068 2483 1145 2562 apud
1164 2487 1348 2544 Antiochum

270 2574 383 2647 legerat
406 2571 517 2628 similes
539 2569 602 2626 fere
620 2570 665 2640 iis,
689 2589 765 2644 quae
783 2571 819 2626 de
831 2571 994 2628 Platonicis
1007 2572 1116 2629 Sextus
1129 2572 1241 2648 Empir.
1261 2572 1353 2629 habet

271 2659 339 2716 adv.
364 2657 505 2714 Mathem.
529 2655 600 2723 Vll,
618 2649 803 2725 atterite,
827 2655 862 2711 de
875 2656 1083 2731 Peripateticis
1097 2658 1157 2713 217
1171 2676 1245 2731 sqq..
1264 2653 1351 2737 226]

357 2753 439 2817 atque
466 2752 495 2798 ut
522 2760 612 2797 eoram
639 2771 681 2782 -
711 2761 743 2797 ne
773 2740 940 2816 separemus)
965 2743 998 2798 ln
1028 2742 1160 2799 codicum
1189 2743 1352 2818 scriptura:

271 2839 353 2903 atque
381 2838 410 2884 at
437 2846 526 2883 eorum
549 2828 662 2882 alterum
689 2827 724 2881 ab
745 2827 830 2882 altero
851 2846 1005 2902 saporernus
1027 2828 1213 2902 apertissime
1236 2841 1353 2884 contra·

270 2915 346 2972 rium
371 2913 491 2972 dicitur.
515 2921 603 2985 atque
627 2911 727 2979 debet3
756 2911 856 2986 itaque
879 2912 949 2968 olim
973 2913 1104 2980 Marsus,
1133 2912 1235 2980 lanta,
1258 2912 1350 2985 Crat,

271 3018 366 3075 nuper
388 2997 496 3056 Gaius.
524 3014 650 3070 sequens
679 2997 871 3071 paucissimos
900 3008 928 3054 et
957 2998 1050 3055 malos
1078 2997 1195 3055 codices
1216 2998 1296 3069 (Pal.
1322 2999 1350 3064 8,

273 3087 351 3146 Bas..
375 3082 455 3142 Gud.
478 3084 520 3155 1),
551 3091 580 3138 ut
603 3082 784 3138 sustulerunt
812 3094 900 3155 atque
927 3083 982 3139 hoc
1005 3083 1207 3158 superioribus
1228 3083 1351 3157 adiungi

272 3170 430 3227 voluerunt
458 3168 512 3223 bac
535 3167 696 3223 sententia:
726 3179 814 3241 atque
837 3168 879 3223 sic
902 3187 1003 3224 eorum
1029 3201 1061 3210 -
1091 3186 1270 3243 separemus.
1316 3167 1350 3224 ld

271 3256 376 3329 aliquo
393 3253 479 3310 modo
497 3251 568 3309 ferri
592 3264 716 3327 poterat.
734 3252 758 3309 si
776 3252 911 3326 superior
928 3254 1022 3309 oratio
1039 3253 1206 3329 negativam
1223 3251 1350 3310 formam

271 3341 393 3397 haberet
406 3341 583 3409 (denuntiant.
603 3357 635 3393 ne
650 3348 750 3392 out-
761 3340 830 3409 out),
849 3347 882 3393 ut
899 3338 944 3394 vis
961 3338 1123 3412 particulae
1140 3357 1172 3394 ne
1189 3338 1352 3412 pertineret

272 3426 309 3483 ad
326 3435 408 3498 atque
424 3427 469 3495 (ut
486 3442 539 3498 pro
555 3421 643 3481 Caec.
655 3423 703 3478 55.
722 3421 759 3478 ad
772 3423 898 3486 Aralv.
913 3426 941 3485 6,
955 3426 983 3485 3.
1003 3424 1086 3482 Caes.
1097 3422 1241 3482 B.G.III.
1253 3427 1264 3479 l
1277 3424 1351 3496 l.8)‚

272 3511 326 3568 etsi
344 3510 387 3566 sic.
399 3527 516 3584 quoqne
529 3507 723 3566 Ciceroniana
734 3508 915 3564 consuetudo
928 3511 1026 3584 potius
1038 3510 1174 3584 negative
1192 3509 1267 3565 hanc
1281 3526 1352 3566 con·

271 3595 464 3653 tinuationem
489 3593 609 3668 adiungi
632 3593 755 3649 iuberet.
794 3593 882 3650 Nunc
904 3612 970 3650 cunr
994 3594 1202 3651 affirmativam
1225 3593 1351 3650 formant

273 3682 354 3756 prior
370 3680 517 3736 sententia
534 3679 640 3734 habeat
659 3679 838 3752 (demoliunt,
857 3689 906 3751 nt).
925 3680 1031 3736 deinde
1048 3679 1184 3753 negative
1201 3678 1353 3735 dividatur

272 3769 369 3841 (neque
382 3797 420 3807 -
440 3767 508 3838 nec).
531 3782 652 3838 prorsus
670 3763 722 3819 illa
739 3763 944 3838 interpretatio
962 3765 1112 3821 evertitur.
1146 3765 1257 3820 Verum
1276 3763 1352 3820 vidit

272 3852 448 3909 Lambinus.
483 3848 657 3924 particulam
686 3849 852 3923 negativam
883 3851 974 3905 verbo
996 3850 1163 3906 adiunctam
1192 3848 1350 3906 excidisse.

272 3937 425 4008 (Davisius
437 3939 643 4009 nequeeorrrm.)
676 3933 844 3990 Praeterea.
868 3935 1008 4008 quoniam
1026 3935 1146 3990 dicitur:
1169 3935 1304 3997 denrrntr'o,
1323 3943 1352 3989 at

272 4042 304 4079 ne
324 4026 433 4096 J'rrcr‘tm.
462 4039 535 4077 non:
563 4029 592 4075 ut
619 4037 671 4074 non
699 4016 766 4094 (cfr.
790 4019 1019 4095 ll'esenbergius
1048 4018 1173 4077 Observ.
1197 4017 1285 4078 Critt.
1314 4019 1352 4074 ad

272 4117 346 4165 orat.
371 4125 425 4183 pro
448 4105 525 4164 sest.
549 4123 577 4179 p.
596 4103 663 4174 36).
692 4103 877 4160 scribendum
901 4105 995 4160 videri
1019 4105 1126 4179 possit:
1155 4115 1186 4159 ut
1207 4124 1270 4160 aare
1292 4123 1352 4159 sen·

271 4212 349 4250 ertum
372 4225 413 4236 -
441 4209 491 4247 neu
519 4191 640 4246 ratiorris.
685 4187 723 4243 Et
751 4199 816 4244 erat
842 4207 913 4245 sane
941 4190 970 4246 id
996 4189 1175 4263 legitimum
1203 4199 1352 4246 servatam

271 4295 388 4354 semper
409 4294 474 4334 esee
496 4273 627 4349 regulam
651 4273 680 4328 in
705 4272 759 4329 hac
782 4273 961 4330 diiunctione
979 4274 1154 4349 negationis.
1179 4292 1237 4330 non
1257 4270 1353 4330 audeo

270 4361 429 4421 affirmare
473 4358 572 4438 [Lael.
596 4360 646 4423 40,
670 4355 729 4417 Off.
753 4358 795 4417 11.
819 4356 884 4435 85]

356 4450 481 4505 meta
500 4449 585 4501 santi
605 4439 727 4520 [moena
747 4441 857 4520 πινυτῇ)
881 4443 998 4500 Retinni
1020 4461 1086 4498 cum
1108 4443 1196 4510 Dav..
1219 4443 1301 4518 quod
1323 4443 1354 4500 in
