3030 5086
453 494 497 540 nr
521 479 601 540 usn.
623 495 686 541 nm.
708 495 743 543 1v
766 496 838 544 car.
861 499 899 546 rs.
918 498 1050 559 ‹ss-so.)
1231 479 1295 546 555

217 665 303 747 quod
320 662 434 729 honum
451 664 502 742 sit,
523 663 556 729 id
573 682 642 729 esse
660 663 811 745 optabile;
830 666 913 745 quod
930 665 1077 746 optabile,
1096 665 1129 731 id
1147 673 1294 747 expeten-

218 767 307 844 dum3
323 765 408 846 quod
422 767 637 846 expetendum,
648 766 681 831 id
692 764 863 846 laudabile;
879 766 950 833 dein
963 767 1072 848 reliqui
1083 770 1210 852 gradus.
1233 768 1295 834 Sed

219 887 277 951 ego
299 869 331 932 in
353 868 412 932 hoe
429 867 554 946 resist0;
577 868 686 933 eodem
703 868 784 933 enim
800 870 893 933 modo
911 870 966 934 tihi
982 888 1072 935 nemo
1089 869 1186 948 dabit,
1208 871 1294 951 quod

217 971 425 1052 expetendum
444 969 492 1046 sit,
511 970 544 1033 id
562 988 632 1036 esse
648 969 813 1035 laudabile.
847 971 928 1036 Illud
940 990 1015 1037 vero
1032 972 1157 1037 minime
1168 990 1293 1037 consec-
1314 954 1319 967 *
1372 1058 1375 1065 Δ

289 1161 309 1209 l.
329 1156 426 1220 quidll
461 1156 525 1220 quod
541 1156 643 1220 optabile
661 1173 702 1208 cm
731 1159 753 1206 E
794 1157 821 1206 id
837 1167 872 1207 cst
889 1158 1041 1222 expetendum
1061 1160 1082 1207 lt
1104 1157 1131 1208 ul
1147 1176 1199 1209 aare
1216 1168 1293 1224 capet.

218 1225 283 1277 COr.
337 1231 359 1274 2.
384 1224 410 1274 id
427 1241 468 1275 om
497 1225 631 1275 arceor.
675 1225 760 1276 deinde
779 1226 891 1277 LCROr.
946 1233 969 1275 4.
993 1225 1060 1277 Illud
1076 1244 1131 1277 vero
1151 1256 1181 1265 -
1201 1226 1292 1277 illorum

216 1294 315 1345 Nonius
332 1310 356 1359 p.
367 1298 398 1342 91
438 1295 637 1356 confectorumll
672 1303 851 1344 consortcneum
870 1295 891 1346 C
909 1295 1105 1346 coniecturarium
1125 1297 1189 1346 Non.

217 1469 268 1544 qui
287 1468 395 1526 soritae
413 1466 561 1524 fallaciam
580 1468 710 1525 studiose
727 1469 889 1526 dissolvere
907 1480 1092 1539 conarentur,
1109 1469 1293 1545 Chrysippus

217 1553 345 1611 maxime
362 1553 467 1627 (Acad.
487 1554 529 1623 ΙΙ,
548 1555 586 1609 92
601 1571 676 1627 sqq-s
697 1553 779 1612 Sext.
792 1554 877 1629 Emp.
894 1554 961 1614 adr.
976 1554 1117 1612 Matham.
1130 1555 1200 1626 VII,
1213 1557 1291 1626 4163

217 1639 293 1696 unde
315 1639 462 1714 Chrysippi
476 1659 589 1697 acernus
606 1639 713 1695 dicitur
731 1640 814 1696 Pers.
825 1649 880 1697 sat.
894 1640 939 1697 VI
951 1643 1049 1714 extr).
1079 1640 1184 1714 Itaque
1202 1641 1294 1698 verba

217 1725 260 1782 sic
282 1723 480 1800 intellegenda
503 1735 584 1781 sunt:
613 1725 676 1780 Iam
700 1726 782 1785 illud.
811 1725 889 1798 quod
912 1726 1044 1800 sequitur
1066 1725 1172 1799 (altera
1195 1735 1294 1782 vestra

216 1809 393 1882 conclusio),
422 1810 528 1866 sorites
556 1819 613 1879 est,
643 1828 700 1884 quo
729 1810 833 1883 (sorita
860 1811 1009 1884 universe)
1032 1821 1087 1868 cet.
1138 1810 1201 1886 sed,
1224 1812 1294 1869 illud

216 1895 316 1953 Latini
344 1896 487 1952 sermonis
510 1894 558 1952 lex
581 1894 645 1968 (cfr.
670 1900 684 1964 §
708 1896 761 1970 43)
789 1896 992 1953 accommodat
1013 1896 1149 1971 sequenti
1170 1896 1292 1966 nomini,

216 1990 250 2037 ut
270 1981 310 2037 sit
331 1983 383 2037 itte.
428 1979 579 2058 [Baiterus
600 1980 630 2036 in
654 1981 698 2037 ed.
724 1981 791 2037 min.
815 1981 969 2057 eKayseri
992 1983 1175 2039 coniectura:
1197 1987 1293 2040 sorites

217 2076 269 2133 σείς
298 2067 328 2122 in
351 2066 427 2122 idem
452 2066 608 2140 Ussingius
631 2066 788 2134 inciderat;
815 2067 904 2141 idque
932 2085 1024 2136 nunc,
1050 2068 1145 2136 1874,
1174 2076 1292 2125 secutus

217 2149 305 2228 sum]
339 2153 475 2226 Apparet
498 2151 596 2226 igitur,
620 2170 724 2207 nonreu
748 2155 846 2209 som'tae
868 2153 910 2209 sic
928 2152 1006 2226 poni,
1030 2162 1062 2209 ut
1080 2153 1135 2209 sub
1152 2152 1183 2208 id
1199 2171 1292 2228 genus

218 2236 292 2293 hanc
320 2237 486 2294 Stoicorum
514 2237 731 2293 conclusionem
761 2237 866 2294 cadere
895 2237 999 2296 Cicero
1027 2238 1106 2294 dicat
1138 2247 1168 2295 et
1196 2237 1226 2294 in
1256 2256 1292 2295 eo

217 2322 421 2397 reprehendat.
470 2322 575 2396 Itaque
607 2322 637 2378 in
666 2322 791 2380 relativo
824 2324 890 2396 (quo
916 2323 994 2394 nihil)
1028 2341 1148 2398 prorsus
1175 2323 1292 2398 generis

217 2408 367 2464 notionem
391 2416 486 2471 tenet,
514 2407 600 2466 dure.
628 2425 681 2462 nec
704 2418 801 2465 tamen
825 2416 858 2464 ut
879 2408 1042 2483 scripturae
1065 2419 1220 2483 corruptae
1242 2427 1291 2465 su·

216 2493 309 2568 spicio
332 2493 412 2549 nasci
435 2493 549 2548 debeat.
593 2493 657 2549 Nec
679 2493 757 2549 enim
780 2493 875 2550 lenior
896 2505 940 2550 est
962 2494 992 2550 in
1015 2494 1140 2550 relativo
1163 2493 1293 2550 notionis

216 2578 357 2635 transitus
380 2578 409 2633 in
432 2577 469 2634 iis
492 2578 572 2644 locis,
597 2596 670 2651 quos
692 2578 729 2634 ad
747 2579 788 2645 II,
803 2579 840 2635 61
865 2578 998 2653 ascripsi.
1043 2578 1102 2637 Sed
1125 2578 1292 2653 superiores

216 2663 344 2721 editores
367 2680 454 2720 voces
482 2665 526 2719 ille
547 2668 642 2720 comtes
665 2664 706 2720 sic
729 2664 927 2739 accipiebant,
956 2675 1106 2739 tamquam
1130 2673 1222 2720 esset:
1249 2666 1294 2721 ille

218 2759 303 2807 vester
329 2752 439 2816 comtes,
469 2760 499 2805 et
521 2749 695 2805 sententiam
719 2747 920 2824 imperfectam
950 2767 1014 2806 esse
1037 2750 1196 2825 putabant,
1226 2767 1292 2806 cum

217 2834 331 2899 Cicero,
355 2834 413 2891 alio
436 2834 598 2890 orationem
617 2844 763 2901 avertens,
787 2834 854 2890 huic
872 2835 1053 2892 nominativo
1073 2835 1193 2891 verbum
1212 2835 1292 2890 subi·

217 2939 283 2977 cere
305 2919 499 2995 neglexissem
523 2919 582 2975 illis
604 2929 716 2976 autem:
739 2939 793 2993 quo
814 2921 880 2975 nihil
904 2952 938 2962 -
964 2923 1085 2976 vitiosius
1107 2919 1292 2995 parenthesis

216 3016 316 3062 notam
339 3005 494 3061 addebant.
529 3005 575 3061 lta
597 3005 626 3060 in
650 3024 703 3078 quo
726 3005 891 3061 necessario
908 3004 1040 3079 intellegi
1058 3004 1214 3061 videbatur
1233 3023 1292 3061 non

215 3096 319 3160 sorites,
343 3090 394 3146 sed
417 3092 460 3146 ille
482 3093 590 3158 soricem
614 3090 690 3163 quod
714 3108 778 3146 cunr
803 3108 973 3164 perversum
992 3101 1078 3158 esset,
1104 3089 1220 3148 Stoicos
1238 3109 1292 3147 suo

215 3176 347 3252 ipsorum
371 3185 543 3250 argumento
566 3175 640 3231 nihil
662 3194 726 3232 esse
743 3176 879 3232 vitiosius
901 3175 1007 3238 dicere,
1030 3174 1081 3232 alii
1101 3194 1155 3250 pro
1173 3178 1292 3232 vitiosius
1332 3213 1334 3217 ι

217 3262 305 3318 scribi
329 3260 477 3317 malebant
506 3265 650 3336 speciosius
680 3272 731 3318 aut
758 3263 851 3318 caelius
873 3261 963 3334 (quod
987 3262 1063 3317 Dav.
1086 3279 1102 3316 e
1126 3261 1222 3318 Mead.
1246 3280 1292 3317 rs-

216 3347 303 3422 cepit,
327 3356 356 3402 et
379 3346 420 3402 sic
433 3345 511 3404 Oxx.
526 3341 574 3414 Εξ,
594 3347 696 3420 Mon),
720 3365 778 3420 quo
801 3356 864 3403 tota
886 3346 959 3402 haec
981 3346 1108 3403 adiectio
1130 3346 1227 3403 inanis
1249 3346 1291 3415 fit,

216 3433 277 3499 alii,
301 3432 446 3489 sententia
469 3451 543 3506 quae
561 3442 647 3499 esset,
671 3432 947 3500 animadvertentes
971 3441 1038 3506 post
1055 3451 1108 3506 quo
1125 3431 1291 3488 addendum

217 3518 362 3593 putabant
381 3536 484 3590 perere.
518 3517 593 3588 (Quo
610 3528 714 3574 neutro
737 3536 843 3592 genere
867 3517 1047 3592 intellegere,
1070 3525 1103 3574 ut
1125 3518 1164 3574 sit
1180 3537 1236 3591 quc
1253 3537 1291 3586 re,

217 3604 295 3678 quod
319 3603 404 3659 video
428 3603 572 3677 placuisse
596 3603 774 3668 nonnemini,
798 3621 855 3660 non
879 3603 964 3670 licet;
989 3603 1080 3659 multo
1103 3602 1189 3659 aliter
1207 3602 1232 3670 I,
1252 3604 1291 3660 20

217 3689 325 3745 dicitur
347 3692 373 3744 in
395 3707 456 3762 quo,
480 3688 509 3744 id
532 3701 590 3749 cst.
614 3689 642 3744 in
667 3707 717 3754 eo,
741 3688 820 3762 quod
842 3698 905 3745 tota
927 3689 1073 3745 sententia
1095 3688 1292 3762 significatum

216 3792 271 3830 nec
293 3775 335 3830 sic
358 3792 450 3847 genus
473 3773 581 3830 soritae
604 3773 762 3848 significari
786 3776 924 3848 poterat.)
958 3773 1000 3832 Ut
1021 3774 1058 3829 ad
1082 3792 1142 3830 rem
1161 3773 1291 3842 redeam,

216 3877 269 3916 cur
291 3859 368 3916 hunc
392 3860 489 3933 potius
502 3858 606 3917 Cicero
624 3878 711 3933 quam
730 3860 909 3934 superiorem
930 3859 1050 3915 soritam
1071 3858 1209 3933 appellet,
1233 3877 1291 3915 non

217 3945 318 4012 video,
341 3963 395 4001 nec
417 3944 477 4000 ullo
500 3945 528 4000 id
551 3945 614 3999 iure
637 3942 722 4012 fecit;
750 3962 845 4019 neque
868 3943 945 4000 euim
970 3943 1134 4000 minutatim
1157 3943 1292 4001 addendo

216 4040 268 4087 aut
290 4029 470 4086 detrahendo
494 4029 585 4086 Stoici
609 4028 844 4104 progrediuntur,
868 4029 953 4103 quasi
975 4029 1106 4105 optabile
1128 4039 1180 4087 aut
1202 4029 1291 4105 paulo

216 4116 284 4191 plus
306 4125 357 4172 aut
381 4115 475 4171 minus
498 4115 537 4171 sit
558 4134 644 4189 quam
670 4114 777 4171 bonum
801 4125 831 4170 et
852 4115 894 4171 sic
915 4133 1012 4189 porr0.
1050 4115 1085 4171 ld
1106 4116 1290 4189 expetendum,

217 4221 274 4257 om.
297 4221 362 4271 erse,
386 4201 473 4256 etiam
495 4200 571 4274 Spir.
586 4198 651 4277 [B].
688 4201 723 4256 ld
744 4210 812 4256 ante
835 4200 970 4256 usumin
991 4200 1090 4256 addidi
1114 4219 1130 4256 e
1152 4210 1292 4274 quattuor

217 4285 286 4345 Gzii
304 4286 387 4343 codd.
402 4286 475 4358 (Erl.
501 4296 530 4342 et
552 4286 646 4342 tribus
669 4285 747 4358 aliis)
759 4283 823 4362 [B].
858 4286 918 4342 Pro
935 4287 1030 4342 dordr
1046 4285 1135 4342 etiam
1148 4282 1291 4364 Spir.[B]

217 4374 287 4429 dein.
334 4373 438 4429 Eodem
460 4373 538 4428 modo
559 4372 687 4446 pertinet
710 4371 745 4427 ad
770 4390 813 4439 ea,
836 4389 911 4446 quae
935 4373 1002 4440 §49
1026 4371 1089 4427 init.
1113 4371 1198 4428 dixit.
