3030 5086
661 423 858 470 rarsrrrro.
1207 408 1295 473 LVII

217 590 374 657 Lambino
391 590 522 673 ubisque
539 592 674 671 inventa,
693 594 749 657 sed
766 600 878 674 postea
894 593 1034 673 neglecta
1051 595 1221 675 revocavit3
1244 615 1294 661 re·

219 718 291 765 rum
310 718 329 764 a
346 698 495 766 Cicerone
510 707 715 765 tractatarum
731 701 874 766 subtilem
892 701 1050 767 eGraecis
1067 701 1203 767 sontibus
1220 720 1294 783 cog-

219 807 370 873 nitionem
392 808 433 872 ab
455 827 492 872 eo
511 827 571 872 non
588 811 656 873 iure
673 808 823 890 postules,
845 809 898 890 qui
915 809 1102 891 singularem
1118 811 1148 874 in
1166 808 1225 874 hoc
1240 829 1294 892 ge-

218 933 298 980 nere
309 916 497 998 scriptorum
510 915 665 981 Ciceronis
679 935 806 999 operam
822 935 939 998 ponere
956 936 1016 982 non
1034 918 1237 997 decrevisset;
1255 917 1295 999 de

220 1024 365 1088 oratioue
381 1023 495 1088 Latina
517 1031 548 1089 et
565 1024 658 1089 rebus
676 1023 887 1103 grammaticis
909 1024 1003 1107 paulo
1020 1026 1205 1105 prudentius
1221 1044 1294 1090 oon-

219 1130 420 1212 stautiusque
441 1130 587 1196 iudicium
609 1131 672 1212 hic,
700 1139 735 1197 ut
756 1131 844 1210 aiibi,
872 1150 935 1196 non
963 1132 1116 1197 immerito
1144 1133 1293 1215 requiras,

222 1239 258 1304 F.
271 1238 320 1304 W.
332 1239 467 1318 Ottouis,
489 1240 542 1320 qui
563 1249 636 1321 post
647 1239 796 1305 Oreliium
814 1240 984 1321 separatim
1002 1239 1059 1304 hos
1076 1240 1172 1305 libros
1190 1241 1294 1319 edidit,

221 1365 321 1428 opera
341 1346 407 1411 iere
428 1345 460 1410 in
479 1365 516 1412 eo
533 1353 717 1428 consumpta
733 1355 791 1422 est,
813 1354 849 1411 ut
865 1348 1018 1428 excerptis
1031 1347 1194 1413 Goerenzii
1211 1349 1294 1412 notis

221 1454 354 1520 adderet
376 1454 443 1519 sine
466 1453 526 1518 uilo
548 1455 670 1519 deiectu
698 1456 737 1519 de
759 1453 853 1519 rebus
875 1456 1162 1534 grammaticisaut
1182 1474 1294 1535 perva-

198 1565 202 1572 '
222 1562 305 1642 gatis
326 1568 381 1626 aut
399 1581 500 1643 nuper
515 1562 640 1644 agitatis
658 1582 694 1627 ex
712 1562 905 1628 collectaneis
922 1563 1131 1644 exemplorum
1148 1570 1180 1628 et
1196 1563 1294 1627 nomi-

223 1688 298 1734 num
316 1670 438 1735 turbam
455 1688 550 1751 saepe
567 1687 635 1733 cum
653 1669 737 1735 haud
756 1689 855 1751 parva
871 1669 1059 1736 confusione.
1090 1669 1294 1735 Difficiiiimos

221 1777 309 1842 locos
325 1783 358 1842 et
374 1797 417 1856 re,
439 1778 601 1857 sententia,
619 1778 762 1843 oratione
778 1778 943 1859 impeditos
961 1796 1055 1860 saepe
1071 1778 1185 1842 tacitus
1201 1797 1294 1860 prae-

221 1885 352 1967 teriit1)
396 1885 583 1953 Prudentior
604 1885 663 1950 fuit
685 1886 722 1950 G.
746 1885 778 1951 C.
800 1884 946 1965 Kernius,
968 1887 1055 1951 cuius
1077 1884 1294 1951 Germanicam

223 1993 335 2058 horum
362 1993 511 2058 librorum
539 1994 827 2076 interpretationem
850 1992 1078 2076 (stuttgardiae
1102 1995 1198 2075 1836)
1225 2012 1295 2058 cum

221 2102 324 2183 magis
347 2120 422 2166 casu
444 2119 537 2182 quam
554 2101 680 2166 consilio
696 2101 900 2182 inspexissem
918 2103 1032 2183 (neque
1050 2101 1131 2167 enim
1148 2120 1294 2184 magnam

222 2209 468 2291 expectationem
480 2207 577 2273 fuisse
587 2206 711 2289 fateor),
729 2209 853 2290 repperi
869 2209 988 2291 aliquot
997 2208 1074 2274 locis
1085 2210 1199 2275 vitatos
1211 2207 1293 2273 Goe-

221 2317 318 2382 renzii
340 2335 472 2394 errores,
494 2317 548 2398 qui
564 2322 685 2382 ceteros
702 2334 809 2382 omnes
826 2317 1030 2397 decepissent,
1052 2323 1083 2381 et
1099 2335 1205 2382 veram
1222 2335 1293 2381 sen·

223 2422 353 2488 tentiam
374 2432 581 2505 perspectam.
627 2424 673 2488 [ie
700 2423 894 2507 superiorum
922 2432 1094 2505 temporum
1122 2423 1294 2489 editoribus

223 2530 401 2611 singulatim
419 2531 479 2597 dici
495 2550 575 2612 opus
592 2551 653 2596 non
670 2539 728 2612 est,
750 2530 897 2613 equibus
908 2532 1060 2611 Bromius,
1082 2531 1135 2613 qui
1153 2531 1293 2612 proxime

222 2645 298 2704 ante
328 2646 464 2704 nostram
493 2645 626 2704 aetatem
655 2649 718 2704 tres
745 2640 866 2720 priores
888 2639 985 2705 libros
1007 2639 1105 2704 edidit
1126 2641 1167 2720 (a.
1188 2640 1294 2720 1798),

221 2746 255 2812 in
277 2747 366 2827 duos,
388 2763 519 2827 quommr
541 2747 635 2812 editio
658 2745 808 2827 impedita
830 2746 945 2826 iuerat,
968 2764 1050 2828 quae
1071 2755 1295 2811 commentatus

223 2860 309 2933 erat,
337 2872 405 2919 cum
428 2853 600 2919 Goerenzio
622 2854 870 2933 communicavit,
898 2855 925 2920 si
947 2853 1093 2919 subsidiis
1115 2853 1295 2918 instructior

223 2969 258 3028 et
279 2961 378 3041 magis
399 2963 586 3028 exercitatus
608 2962 650 3027 ad
667 2981 721 3028 eos
738 2962 929 3039 accessisset,
952 2968 983 3026 et
1000 2962 1026 3026 si
1043 2967 1164 3026 tantum
1181 2960 1295 3038 ingenii

222 3070 365 3135 acumine
387 3070 549 3147 valuisset,
571 3078 722 3150 quantum
745 3079 829 3134 recto
853 3071 986 3150 quodam
1009 3087 1102 3134 sensu
1124 3069 1164 3132 ad
1187 3087 1295 3132 verum

223 3176 415 3256 trahebatur,
431 3177 561 3242 muitum
577 3177 755 3258 profuisset.
789 3177 860 3260 [Th.
872 3177 1038 3256 Bentleius,
1056 3177 1109 3258 qui
1126 3177 1182 3241 hos
1199 3176 1295 3240 libros

226 3286 309 3350 1718
331 3284 442 3365 edidit,
470 3286 622 3367 quaedam
645 3293 728 3350 recte
751 3285 938 3363 emendavit,
968 3284 1118 3348 rationem
1146 3284 1211 3349 iere
1234 3303 1293 3348 non

224 3411 392 3473 exponens,
409 3393 441 3456 in
459 3393 527 3457 aliis
544 3393 653 3457 saltem
670 3401 754 3458 recte
770 3392 932 3469 dubitavit,
949 3391 1010 3456 alia
1026 3391 1138 3456 iniuria
1156 3392 1294 3456 tentavit.

223 3500 388 3579 Nonnulla,
411 3518 493 3582 quae
514 3500 645 3565 Bentleii
667 3510 749 3579 sunt,
772 3500 899 3564 Davisio
921 3509 994 3580 post
1015 3498 1092 3563 alios
1115 3498 1293 3564 tribueram.

223 3608 344 3674 Pearcii
367 3608 492 3673 notoriae
514 3608 631 3689 aliquot
655 3609 740 3688 apud
763 3607 917 3671 Olivetum
940 3606 1159 3689 reperiuntur]

307 3717 507 3797 imposuerat
529 3715 602 3779 milri
624 3715 750 3780 fortuna
772 3734 916 3797 magnam
944 3714 974 3777 in
1002 3714 1062 3779 hoc
1084 3714 1164 3778 libro
1188 3734 1294 3796 repre-

222 3822 377 3889 hendendi
400 3824 631 3903 necessitatem
654 3823 741 3888 dedit
762 3823 880 3901 eadem,
903 3823 985 3903 quod
1008 3829 1039 3887 et
1060 3822 1092 3886 in
1115 3823 1182 3903 ipso
1200 3842 1295 3904 opere

222 3947 318 4011 saepe
329 3930 410 3995 hanc
422 3931 595 3996 molestiam
608 3950 722 4012 magna
733 3931 886 3996 suavitate
897 3930 1007 3995 leniret
1025 3938 1057 3995 et
1067 3930 1125 3995 hoc
1136 3930 1203 3995 loco
1214 3930 1294 3994 hanc

218 4112 444 4119 ”—

249 4215 272 4273 ¹)
292 4212 453 4262 Biiierbcciii
477 4212 616 4261 editionem
638 4211 812 4270 (Hannouerae
835 4225 857 4260 a.
875 4208 948 4263 larii
969 4213 1120 4274 inspicient,
1144 4212 1186 4273 qui
1210 4209 1294 4274 legere

290 4302 407 4361 cupient,
431 4298 579 4347 Academiae
601 4310 651 4344 non
673 4296 727 4344 aine
750 4310 825 4345 causo
844 4296 976 4345 nobilitato
994 4295 1077 4358 spolio
1102 4308 1159 4345 csse
1181 4309 1229 4343 ooo
1252 4295 1295 4343 der

290 4384 440 4432 ooroebmen
463 4381 520 4430 Weit
539 4382 650 4430 berucbte
667 4381 861 4444 Spozierpdnpe‚
881 4387 906 4432 et
924 4382 1027 4431 similia.
