3030 5086
431 509 475 554 nr
498 509 578 556 nau.
601 508 664 554 ms.
687 509 710 554 n
733 508 806 555 cnr.
826 511 865 556 se.
881 509 1046 570 (ros-roe).
1212 491 1275 556 319

201 675 355 741 oblivione
382 675 562 740 obruentur.
594 678 678 742 ·106.
702 677 765 741 Sed
785 676 874 741 vobis
896 676 1089 756 voluptatum
1112 682 1275 758 percepta-

200 795 270 843 rum
291 778 468 842 recordatio
491 778 586 842 vitam
603 778 726 843 beamur
744 777 825 856 lacit
847 783 879 842 et
900 777 1025 858 quidem
1049 796 1181 860 corpore
1202 797 1276 860 per-

201 884 370 961 ceptarum.
409 879 489 943 Nam
507 879 533 943 si
550 897 632 959 quae
648 879 826 959 anatoliae,
849 879 961 944 falsum
978 887 1035 958 est
1058 899 1165 945 omnes
1182 880 1276 949 animi

200 980 377 1060 voluptates
405 998 474 1045 esse
503 999 520 1044 e
547 981 688 1061 corporis
710 982 868 1046 societate.
913 982 1062 1063 Corporis
1089 989 1192 1047 autem
1221 1001 1276 1047 vo·

200 1081 306 1163 luptas
327 1082 353 1145 si
377 1082 469 1146 etiam
491 1082 664 1163 praeterita
685 1082 833 1162 delectat,
855 1101 918 1148 non
940 1084 1099 1164 intellege,
1127 1093 1183 1148 cur
1204 1084 1314 1152 Ari-5

200 1184 329 1248 stoteles
352 1183 572 1264 Sardanapalli
600 1185 790 1266 epigramma
816 1190 906 1249 tanto
934 1204 1031 1267 opere
1057 1187 1214 1266 derideat,
1244 1187 1277 1251 in
1381 1189 1383 1192 ’

272 1358 292 1403 l.
308 1352 556 1419 comerenturllllEC
592 1355 886 1406 2.beatamut'tarn11(lss
921 1360 945 1407 8.
959 1356 1034 1406 omna's
1047 1355 1157 1422 uoluptas
1172 1355 1248 1406 entim
1254 1357 1276 1406 1⁴]

201 1423 364 1556 pmqworgrll
417 1427 439 1474 5.
459 1422 529 1471 etiam
547 1422 572 1471 si
588 1423 707 1474 Lumen
741 1440 787 1472 non
806 1423 907 1474 delectat
925 1424 1009 1474 nonL
1063 1429 1085 1473 6.
1106 1423 1280 1490 Sardanapali

202 1647 304 1707 Senec.
327 1647 364 1703 de
386 1646 499 1704 Brevit.
521 1647 585 1705 Vit.
605 1649 633 1718 9,
655 1651 681 1717 1,
705 1646 826 1721 Quaest.
851 1648 921 1705 Nat.
940 1648 982 1719 11,
996 1648 1045 1720 28,
1059 1650 1087 1720 2,
1111 1650 1165 1721 VI,
1181 1651 1229 1721 17,
1243 1650 1276 1707 2:

195 1736 303 1808 pmmas
336 1751 458 1806 quasque
490 1751 579 1806 aquas
610 1733 740 1808 expleat,
773 1732 804 1789 id
832 1741 887 1804 est,
920 1751 1013 1808 aquas
1040 1734 1164 1806 sensim;
1197 1734 1276 1793 Pliu.

200 1817 295 1893 Epist.
318 1817 411 1886 VIII,
436 1819 464 1886 4,
490 1818 517 1874 6.
561 1817 672 1894 Attigit
700 1817 757 1875 hoe
783 1817 923 1893 loquendi
950 1837 1043 1894 genus
1073 1819 1190 1891 eodem,
1218 1838 1277 1894 quo

200 1922 269 1978 ego,
303 1911 436 1978 tempore
463 1901 592 1958 Haasius
625 1902 655 1959 in
689 1912 750 1960 not.
781 1903 841 1960 362
876 1904 913 1960 ad
940 1903 1063 1980 Reisigii
1097 1906 1213 1964 scholas
1240 1904 1277 1962 (le

200 2007 323 2064 gramm.
347 1983 426 2065 Lat]
470 1986 626 2044 Lucretius
656 1986 727 2044 alibi
755 1989 857 2045 eodem
881 1989 1045 2065 significatu
1069 1989 1139 2047 dicit
1156 1995 1278 2066 primam

200 2074 350 2148 quidquid,
377 2080 410 2128 ut
437 2072 476 2141 V,
501 2073 561 2128 264
590 2075 723 2148 (primam
751 2075 889 2148 quidquid
914 2077 1025 2149 aquae),
1055 2076 1116 2131 284
1144 2078 1277 2151 (pomam

201 2159 336 2233 quidquid
361 2159 507 2231 fulginis),
543 2158 604 2214 304
633 2160 764 2233 (primum
798 2161 935 2233 quidquid
959 2161 1133 2233 flammarum
1162 2162 1278 2236 perdere

200 2244 329 2318 semper);
359 2261 426 2299 nam
450 2244 574 2316 quiaquia
596 2243 674 2317 apud
697 2261 778 2314 eum,
807 2243 911 2302 saltem
935 2252 1040 2301 neutro
1062 2264 1184 2321 genere,
1213 2264 1277 2303 sae·

200 2329 320 2405 pissime
349 2347 403 2403 pro
431 2330 545 2402 quisque
566 2327 681 2385 dicitur.
727 2327 852 2406 [Eodem
883 2329 969 2386 modo
996 2333 1124 2405 prosimu
1157 2350 1279 2407 quaeque

200 2414 350 2482 (licuntur,
380 2413 517 2482 noceat,
546 2413 645 2470 omnia
672 2414 779 2470 sensim
808 2413 1038 2489 propinquitatis
1066 2416 1183 2487 ordine,
1212 2416 1277 2474 Lir.

200 2499 360 2568 XXXIII,
387 2499 435 2567 12,
462 2500 509 2566 11,
536 2496 624 2557 Orici.
649 2498 740 2556 Trist.
764 2499 803 2569 V,
828 2503 863 2569 2,
888 2499 943 2568 39;
972 2499 1058 2574 plane
1080 2500 1185 2560 Cicero
1208 2504 1277 2558 anti·

200 2587 345 2660 qur'sse‘rnae
365 2587 462 2657 cuique
477 2585 597 2658 primum
619 2584 656 2641 ad
679 2585 743 2641 Act.
766 2584 823 2653 lx,
848 2585 876 2655 9,
902 2579 944 2663 1.]
1152 2596 1155 2600 ’

285 2671 412 2726 eluvione
438 2666 594 2744 obruentur)
620 2670 801 2728 obruerentur
823 2667 925 2750 [etiam
949 2665 988 2749 B]
1016 2688 1086 2746 pars
1108 2680 1179 2728 vett.
1202 2670 1277 2742 edu,

200 2755 292 2825 viee,
316 2753 418 2823 Grut.;
441 2754 585 2810 obruentur
607 2756 651 2826 (ut
673 2754 783 2810 habent
805 2755 903 2824 Man,
927 2755 1076 2824 Lambin,
1099 2755 1278 2813 recentiores

200 2840 268 2897 inde
294 2840 332 2896 ab
356 2840 439 2912 Ern.)
467 2838 608 2896 Davisius
636 2837 749 2914 profert
776 2857 814 2895 ex
836 2839 913 2898 CCC
941 2849 971 2896 et
993 2841 1105 2911 Meam,
1135 2840 1214 2900 Oxx.
1239 2860 1276 2899 ax

201 2926 266 2999 11ψ,
290 2923 384 2983 Gzius
407 2924 495 2980 etiam
519 2943 535 2980 e
558 2924 637 3000 Spin.
661 2922 699 2997 (i)
722 2932 752 2981 et
774 2923 852 2981 Gud.
879 2927 905 2982 1.

289 3011 358 3066 106.
387 3011 468 3065 vitam
496 3008 614 3083 beatam)
645 3009 696 3067 Sic
719 3008 866 3066 Gruterus
894 3007 945 3086 [ex
970 3008 1013 3086 A]
1043 3019 1072 3066 et
1099 3010 1278 3069 recentiores

200 3095 304 3164 tacite3
327 3096 431 3151 beatam
453 3097 533 3150 vitam
557 3093 732 3169 superiores.

285 3186 311 3237 si
343 3183 421 3236 etiam
449 3179 613 3256 praeterita)
647 3179 697 3238 Sic
725 3177 823 3257 [Ait]
852 3179 1012 3236 Lambinus
1042 3190 1070 3237 et
1099 3182 1277 3251 recentiores

200 3265 299 3334 tacita,
322 3264 378 3321 nisi
402 3264 480 3338 quod
502 3268 608 3323 etiarnsi
628 3265 657 3321 in
680 3264 775 3320 tribus
798 3264 858 3321 suis
880 3282 943 3321 esse
967 3263 1061 3323 Gzius
1083 3274 1213 3323 annotat.

287 3351 488 3424 Sardanapalli
507 3347 686 3425 epr'prnmma)
713 3350 792 3424 qued
821 3360 1009 3407 monumento
1039 3351 1068 3406 in
1096 3351 1169 3407 urbe
1197 3350 1277 3409 Nino

200 3435 373 3510 inscriptum
402 3434 493 3492 fuisse
516 3435 684 3494 Chaldaicis
711 3435 818 3491 litteris
841 3435 962 3504 dicitur3
991 3435 1116 3493 Graecis
1143 3437 1277 3494 versibus

200 3539 252 3578 sex
276 3521 443 3594 quinqueve
462 3541 632 3597 expressum
651 3521 729 3596 apud
753 3521 860 3577 multos
882 3520 1041 3594 scriptores
1063 3520 1180 3596 legitur,
1203 3540 1277 3596 quos

201 3616 374 3662 enumerant
396 3607 472 3662 Dav.
502 3608 537 3663 ad
566 3606 687 3664 Tuscnl.
711 3607 737 3664 V
762 3624 785 3663 c.
806 3607 845 3664 35
875 3616 904 3662 et
926 3604 1074 3675 maenius,
1103 3608 1152 3680 qui
1182 3615 1275 3663 totum

201 3691 297 3748 locum
321 3691 357 3747 de
381 3692 576 3747 monumentis
589 3691 794 3766 Sardanapalli
813 3700 882 3766 post
896 3691 1056 3747 Bulrerinm
1076 3692 1277 3765 pertractarit,

202 3777 230 3832 in
259 3776 336 3833 libro
364 3777 399 3832 de
428 3775 566 3834 Choerilo
595 3776 695 3835 Samio
722 3775 816 3850 (Lips.
843 3778 936 3847 1817)
964 3796 991 3851 ρ.
1020 3777 1077 3833 196
1101 3794 1164 3850 sqq.
1210 3777 1277 3833 Tri-

202 3863 331 3918 buuntnr
353 3861 429 3917 enim
453 3860 731 3930 versnsChoerilo‚
762 3861 827 3934 qui,
851 3861 874 3917 si
898 3861 1015 3936 quidem
1040 3861 1218 3917 Aristoteles
1241 3861 1277 3918 de

202 3947 264 4002 eius
286 3946 420 4001 versibus
448 3956 596 4019 tamquam
620 3946 709 4022 vulgo
737 3945 813 4001 notis
836 3946 1010 4020 disputavit,
1040 3945 1158 4005 Samius
1185 3945 1277 4004 fuisse

201 4031 325 4087 videtur.
381 4030 514 4087 Naekius
547 4041 662 4100 tamen,
696 4048 762 4087 cum
795 4030 938 4088 incertum
972 4031 1026 4098 sit,
1061 4031 1277 4089 Aristotelesne

201 4115 340 4174 Choerilo
363 4117 513 4185 tribuerit,
543 4116 692 4189 multaque
714 4115 774 4171 alia
796 4115 899 4186 dubia,
928 4115 1002 4171 duos
1029 4116 1277 4175 celebratissimos

200 4219 313 4270 versus,
336 4219 410 4274 quos
428 4201 604 4258 Aristoteles
626 4201 791 4273 (incertum,
815 4200 877 4274 nbi)
900 4199 1149 4268 commemoravit,
1172 4194 1276 4260 incerti

201 4293 305 4362 poetae
328 4287 498 4343 vetustioris
520 4286 611 4343 fuisse
634 4295 732 4360 putat,
763 4294 876 4342 eeteros
899 4285 1030 4344 Choerili
1052 4286 1196 4356 lacensis,
1225 4285 1275 4363 qul

202 4372 406 4428 Alexandrum
436 4371 590 4428 comitatus
618 4380 672 4429 est.
718 4370 786 4427 Duo
813 4370 857 4427 illi
886 4388 989 4427 versus
1017 4369 1047 4428 hi
1077 4378 1159 4429 sunt:
1191 4369 1275 4429 Keir'

202 4448 267 4530 ἔχω,
291 4443 354 4511 ὅσσ’
377 4447 488 4530 ἔφαγον
510 4445 558 4511 sai
581 4444 726 4532 ἐφύβρισα
748 4443 797 4511 καὶ
814 4457 878 4529 μετ’
896 4448 1008 4532 ἔρωτος
1023 4447 1131 4530 Ts‘prre'
1149 4448 1276 4528 ἔπαθον,
