3030 5086
256 458 321 524 tto
647 479 691 523 bu
714 478 845 525 mamus
869 478 939 523 son.

257 645 361 709 damni
390 647 586 710 contraxerit.
637 650 684 709 An
713 645 772 710 hoc
799 663 1037 726 usquequaque,
1067 645 1163 711 aliter
1194 644 1227 708 in
1259 640 1357 707 vita?

255 756 287 810 et
308 765 369 810 uon
393 766 430 811 ex
453 748 587 810 menime
610 756 701 828 parte
723 748 762 811 de
782 755 848 811 tota
865 746 1040 811 iudicabis?
1061 767 1102 812 an
1126 746 1264 811 dubium
1289 750 1350 819 est

256 849 330 929 quin
348 848 448 912 virtus
465 838 510 913 itti
528 849 692 914 maximam
716 858 839 929 partem
864 848 1003 914 obtineat
1020 848 1051 913 in
1069 849 1167 913 rebus
1183 846 1349 923 humanis,

254 957 290 1013 ut
311 949 447 1029 reliquas
470 949 606 1014 obruat?
646 951 776 1015 Audebo
799 950 894 1030 igitur
916 962 1035 1029 cetera,
1058 969 1140 1031 quae
1163 947 1344 1013 secuudum

215 1057 398 1119 beaturem
422 1051 497 1129 siut,
518 1051 608 1115 bone
636 1051 795 1132 appellare
817 1069 874 1116 nec
896 1050 1044 1116 fraudare
1065 1070 1124 1116 suo
1146 1057 1262 1115 vetere
1285 1066 1343 1113 no·

325 1224 346 1270 l.
366 1236 399 1267 an
417 1237 471 1268 vero
490 1221 696 1284 usquequaqueC
750 1226 772 1269 3.
794 1229 885 1284 partem
904 1221 992 1270 emb
1046 1228 1068 1270 t.
1087 1220 1176 1270 aradae
1194 1219 1215 1268 la
1259 1228 1341 1269 σείσω

254 1302 302 1338 om.
323 1288 455 1338 laPCllOr.
494 1294 516 1336 5.
534 1297 589 1337 sarit
607 1288 672 1351 [qu
690 1289 760 1338 ⁸th
796 1291 871 1337 ueteri
886 1304 980 1345 omnes,
1001 1292 1044 1337 Or.

254 1442 372 1516 Quinet.
397 1444 452 1511 53,
484 1445 533 1501 ubi
562 1444 604 1500 sie
631 1432 897 1520 interpungendum
926 1454 984 1501 est:
1013 1448 1175 1519 respirasset
1195 1444 1340 1518 cupiditas

252 1539 334 1603 atque
360 1532 492 1593 auamtim
523 1532 634 1603 mercium
668 1532 775 1603 aliquid
807 1532 858 1586 Ioci
890 1532 988 1585 rationi
1021 1561 1052 1571 -
1087 1530 1225 1589 dedisses.
1264 1528 1336 1587 Ter.

254 1613 312 1670 Ad.
336 1615 373 1675 V,
398 1613 426 1681 9,
451 1610 516 1691 ta]
546 1613 648 1686 Quint.
673 1615 696 1675 Ι,
725 1618 749 1673 1.
774 1616 792 1670 8
816 1626 844 1670 et
873 1615 950 1684 XII,
975 1614 1003 1683 3,
1031 1617 1083 1680 12;
1109 1616 1223 1688 pardum
1248 1617 1339 1669 narde

253 1700 322 1772 quid
348 1717 401 1772 pre
431 1700 516 1755 Rosa.
546 1701 614 1756 Aru.
642 1703 727 1771 115),
762 1700 824 1755 sive
858 1699 936 1772 quod
961 1702 1073 1773 paralum
1106 1716 1124 1754 a
1151 1697 1336 1755 substantivi

252 1783 282 1839 in
317 1782 454 1839 adiectivi
488 1795 621 1840 naturam
657 1785 831 1843 inclinabat.
872 1796 904 1841 ut
937 1785 967 1840 in
1001 1783 1102 1857 paucis
1135 1782 1335 1839 vetustiorum

253 1867 335 1935 loeis,
359 1868 422 1924 sive
445 1869 650 1924 coniunctione
673 1869 798 1942 quadam
821 1868 1081 1933 substantivorum,
1105 1866 1153 1945 [ut
1171 1868 1261 1924 Verr.
1279 1868 1335 1929 tv,

254 1953 293 2010 32
312 1953 433 2009 dicitur:
456 1974 487 2009 ue
504 1956 571 2028 quid
589 1945 654 2028 plus
671 1956 736 2011 nauli
757 1963 786 2010 et
804 1954 883 2010 Lael.
903 1954 941 2009 59
959 1956 1022 2028 plue
1043 1972 1129 2027 aequo
1150 1954 1219 2026 quid
1242 1963 1274 2008 et
1296 1951 1334 2008 ad

252 2039 317 2095 Att.
340 2038 398 2105 ΙΙΙ,
426 2040 507 2106 15,7
532 2040 598 2094 nibil
616 2041 681 2113 plue
703 2051 732 2095 et
755 2038 823 2097 Seu.
848 2038 933 2096 Rbet.
958 2057 985 2112 p.
1005 2039 1065 2095 262
1089 2036 1134 2094 eti.
1160 2037 1248 2094 Burs.
1268 2038 1336 2112 plus

252 2121 408 2199 quiddam}
460 2125 564 2196 ltaque
588 2124 723 2180 Bromius
753 2124 800 2179 hic
824 2125 937 2197 praalum
962 2125 1067 2197 aliquid
1088 2121 1178 2179 scribi
1201 2121 1334 2185 volebat,

252 2208 299 2263 cui
323 2208 477 2264 assentior.
523 2207 577 2285 [Et
604 2226 681 2264 nunc
709 2209 751 2264 sic
779 2206 884 2285 edidi]
927 2208 1025 2264 Etiam
1048 2208 1121 2276 §75
1146 2226 1250 2281 parurn
1281 2224 1335 2281 pro

247 2295 362 2367 paulum
385 2292 525 2368 scriptum
549 2304 593 2348 est
615 2293 644 2348 in
666 2293 726 2349 Erl.
746 2290 816 2373 [nisi
839 2293 880 2349 ibi
903 2293 983 2349 aliud
1006 2287 1132 2370 subest}
1174 2292 1263 2347 Parui
1283 2294 1335 2347 eli·

252 2379 320 2451 quid
341 2379 435 2433 ‹laairui
455 2387 506 2433 aut
525 2381 643 2452 parcelli,
667 2378 745 2451 quod
769 2378 835 2433 aliis
857 2379 887 2433 in
910 2388 1037 2433 mentem
1057 2378 1148 2443 venit,
1172 2394 1231 2432 non
1253 2388 1335 2433 reete

253 2462 374 2527 dicitur3
405 2480 471 2519 nanu
501 2463 669 2536 partitionis
697 2472 726 2518 et
748 2481 902 2519 mensuras
931 2462 1011 2518 notio
1034 2461 1076 2518 ita
1102 2462 1131 2517 in
1155 2460 1334 2536 pronomine

251 2549 359 2621 aliquid
381 2558 434 2616 est,
459 2557 491 2604 ut
514 2548 543 2603 id
566 2548 667 2622 augeri
691 2547 820 2604 minuive
843 2548 956 2615 debeat,
980 2566 1037 2603 non
1058 2545 1290 2603 substantivum.

338 2634 382 2687 Aa
406 2633 453 2689 loc
475 2652 682 2707 usquequaque,
705 2636 832 2688 olitoria
855 2630 941 2709 tutat)
964 2635 1012 2688 An
1036 2632 1091 2687 hoe
1113 2631 1224 2704 ubique
1248 2639 1280 2687 et
1302 2630 1332 2687 in

252 2717 388 2773 omnibus
409 2718 498 2773 rebus
520 2718 551 2774 iit
575 2720 618 2787 (ut
642 2736 689 2774 res
716 2736 734 2774 a
757 2718 871 2792 potiore
894 2726 977 2791 parte
1000 2716 1214 2791 appellentur),
1243 2715 1335 2771 aliter

251 2801 281 2857 in
304 2802 367 2858 vite
388 2802 451 2858 fieri
475 2802 580 2858 debet?
615 2803 650 2858 In
673 2803 756 2859 brevi
780 2813 808 2858 et
825 2803 971 2857 concitate
988 2811 1017 2857 et
1039 2811 1142 2876 aperta
1164 2800 1334 2877 interroga·

251 2887 331 2943 tione
355 2888 442 2962 paulo
465 2887 566 2944 durius
587 2886 691 2944 Cicero
710 2887 830 2942 verbum
852 2887 978 2942 maxime
1001 2885 1163 2942 cotnraunnis
1182 2885 1334 2961 signifiea-

252 2971 341 3028 tionis
364 2972 463 3028 omisit
481 2972 552 3044 (vid.
571 2973 607 3027 ad
629 2973 668 3035 ll,
683 2974 751 3042 88);
775 2973 822 3027 loc
844 2983 941 3027 autem
965 2971 1078 3027 rettulit
1100 2970 1137 3027 ad
1160 2988 1225 3025 eam
1251 2968 1334 3027 affir-

252 3057 426 3124 mationem,
455 3075 530 3130 quae
553 3057 581 3112 ia
606 3057 808 3130 superioribus
831 3056 974 3130 exemplis
997 3066 1026 3111 et
1047 3054 1335 3129 interrogationibus

251 3141 385 3198 involuta
407 3142 494 3205 latet,
524 3142 769 3214 quemadmodum
793 3141 881 3197 Tusc.
905 3142 942 3208 V,
966 3141 1040 3196 115:
1072 3138 1147 3207 Quid
1174 3147 1259 3212 erqo!
1284 3148 1334 3195 eut

251 3227 368 3283 Homero
390 3228 585 3283 delectationem
613 3230 696 3282 aniani
723 3245 756 3282 ae
778 3229 938 3300 voluptatem
965 3236 1013 3281 eret
1034 3229 1160 3297 cuiquam
1183 3225 1264 3280 electe
1285 3225 1332 3281 de·

244 3314 335 3384 suessa
357 3330 483 3385 remquam
506 3313 692 3367 ‹rrbt'trarnrtrt
713 3321 768 3379 aaut,
791 3315 821 3367 ai
841 3314 879 3365 ite
901 3329 929 3366 se
951 3329 995 3366 res
1012 3310 1120 3365 baberet
1137 3310 1183 3380 (ut
1200 3308 1333 3365 delecta·

250 3406 352 3452 rentur
374 3396 475 3468 docti),
500 3402 682 3469 Arraaaqeras
704 3405 759 3451 cet.
795 3396 884 3452 Recte
907 3395 986 3450 bunc
1008 3394 1103 3450 lecum
1123 3393 1226 3450 Lamb.
1243 3410 1333 3449 enar·

250 3481 336 3537 ravit.
371 3481 441 3537 Ern.
464 3492 492 3537 et
516 3480 703 3549 recentiores,
729 3480 846 3536 sublata
868 3490 1013 3535 commate
1036 3487 1332 3554 pedisequamque,

250 3566 424 3622 sententiani
449 3577 626 3624 everterunt.
673 3565 750 3621 Nam
779 3582 972 3639 usquequaque
998 3564 1072 3620 nihil
1100 3572 1144 3619 est
1171 3562 1229 3619 nisi
1260 3566 1336 3619 omni

250 3652 313 3706 laco.
338 3660 364 3705 iu
387 3654 458 3705 ornanti
479 3670 522 3717 re;
546 3669 602 3706 non
627 3650 779 3724 quaeritur
800 3657 912 3718 autern,
936 3667 1004 3704 uum
1028 3649 1058 3704 in
1082 3648 1143 3705 vita
1164 3647 1280 3721 ubique
1303 3657 1334 3704 et

250 3735 279 3791 in
303 3735 439 3791 omnibus
461 3736 549 3791 rebus
569 3735 655 3792 aliter
672 3735 761 3791 statui
780 3734 887 3791 ecdici
906 3734 1022 3802 debeat.
1046 3733 1107 3802 sed,
1129 3751 1199 3789 num
1217 3732 1249 3789 in
1268 3732 1334 3789 vita

250 3821 388 3876 universa
411 3821 497 3876 aliter
519 3831 608 3893 atque
631 3820 666 3875 de
689 3820 777 3888 rebus
800 3819 932 3894 singulis.
981 3818 1075 3875 Paulo
1098 3829 1165 3892 post
1188 3836 1243 3892 pro
1267 3820 1332 3875 reli·

250 3924 320 3978 qam
343 3908 465 3979 (partes)
488 3905 597 3960 rectius
614 3904 719 3963 Cicero
742 3904 897 3979 posuisset.
920 3902 1088 3978 quedGzio
1111 3920 1169 3960 nou
1193 3914 1280 3959 recta
1295 3902 1333 3959 de

249 4007 338 4047 crrrrsa
356 3990 446 4063 (quod
470 4009 512 4046 res
531 3989 682 4063 audiebat)
699 3990 728 4045 in
747 3998 873 4045 mentem
892 3989 981 4049 veuit.
1004 3991 1124 4062 reliqum
1146 4004 1214 4043 nam
1232 3988 1333 4045 virtus

250 4075 376 4149 reliqua.
406 4093 481 4148 quae
505 4085 616 4149 portem
642 4075 770 4148 aliquam
795 4075 943 4139 obtinent,
967 4073 1079 4139 ebruit3
1103 4072 1154 4129 sed
1177 4070 1231 4131 cfr.
1255 4072 1332 4143 §37

249 4162 353 4231 (carrera
376 4162 486 4233 rer-run).

334 4256 435 4301 autera.
465 4266 534 4317 alitae
562 4246 707 4300 aecurnlrau
730 4255 855 4299 incultorum
877 4244 944 4316 sint)
967 4253 1065 4300 cetera
1094 4252 1212 4317 praeter
1234 4243 1334 4300 virtu·

249 4341 323 4395 tenu
348 4349 413 4385 narn
432 4349 467 4384 ea
484 4349 600 4403 quoque
618 4331 683 4404 ipsa
701 4329 860 4385 seeundum
879 4338 1013 4385 naturam
1032 4339 1077 4384 est
1094 4327 1165 4397 (vid.
1180 4327 1247 4398 ad§
1262 4328 1337 4403 84);

249 4415 347 4489 itaque
371 4427 449 4472 recte
474 4417 528 4472 boe
552 4416 672 4471 verbum
696 4414 842 4471 adiectum
866 4426 911 4470 est
932 4433 951 4469 a
973 4413 1053 4472 Crat.
1078 4423 1109 4469 et
1130 4412 1228 4481 viee,
1250 4412 1337 4488 quod
