3030 5086
456 506 501 551 an
524 504 604 551 maa.
626 505 689 551 nna
712 505 748 550 111
770 504 1054 569 ene.1s.(es-se.)
1229 472 1292 553 4‘17

213 674 319 754 magis
341 673 547 754 expetendam
570 679 625 737 aut
645 672 745 753 pluris
767 674 1002 750 aestimandam,
1024 678 1110 739 certe
1130 674 1233 739 minus
1251 674 1295 739 ad
1398 751 1402 758 ¹

216 776 346 842 beamm
379 775 475 839 vitam
508 775 644 856 pertinet
680 774 848 839 multitudo
878 776 1021 856 eorporis
1054 777 1294 841 commodorum.

214 878 271 942 dd
300 875 435 954 Etenim,
462 876 489 941 si
517 882 549 941 et
575 893 687 957 sapere
714 879 919 958 expetendum
948 875 989 941 sit
1016 883 1049 941 et
1073 877 1193 956 velere,
1222 895 1294 943 oon-

288 1119 311 1165 8.
331 1114 413 1162 etenim
430 1111 455 1161 ei
469 1111 549 1162 valere
563 1121 584 1162 et
596 1129 681 1177 sapere
696 1111 771 1177 mapa
785 1112 936 1177 expetendam
949 1113 981 1163 eit
994 1131 1065 1178 qnam
1075 1114 1175 1174 (mediis
1184 1114 1295 1178 omissis)

218 1181 319 1232 LMCR
336 1180 417 1236 letiam
433 1198 519 1245 sapere
537 1181 568 1240 C)
591 1181 673 1231 etenim
694 1181 719 1229 si
740 1190 762 1230 et
785 1197 870 1246 sapere
888 1182 1039 1247 capdendnm
1057 1183 1088 1232 sit
1105 1200 1176 1248 meam
1194 1183 1295 1247 (mediis

215 1250 331 1315 omissis)
347 1250 367 1297 P
402 1248 433 1298 sit
451 1266 500 1301 om.
521 1249 588 1301 ner.

216 1482 312 1542 esset3
334 1473 377 1530 ite
398 1473 538 1548 scriptum
562 1483 607 1530 est
629 1472 672 1550 (in
690 1471 776 1544 Pali,
800 1474 886 1545 Dav,
909 1473 1000 1546 Oxx,
1023 1472 1147 1533 Gaianis
1163 1474 1295 1549 reliquis,

219 1561 289 1616 dum
318 1558 404 1615 modo
427 1576 529 1615 omnes
551 1566 630 1614 reete
653 1557 776 1632 inspecti
800 1558 888 1634 sint):
916 1578 986 1635 quae
1013 1579 1061 1616 noa
1088 1561 1155 1616 bona
1183 1569 1296 1616 natteroe

220 1645 400 1719 appellemus,
428 1642 516 1716 idque
539 1643 666 1702 editores
689 1641 756 1699 inde
779 1660 797 1698 a
819 1642 984 1702 Cratandro
1007 1663 1107 1701 omnes
1130 1652 1296 1702 tenuerunt.

220 1727 437 1804 intellegebant
460 1732 552 1803 prima
579 1737 704 1796 naturae,
735 1736 823 1801 atque
851 1728 892 1785 sic
920 1729 1009 1785 etiam
1040 1728 1128 1785 scribi
1157 1729 1296 1786 volebant

220 1813 397 1883 Lambinus,
421 1812 577 1883 Davisius,
602 1811 752 1882 Bremins,
781 1812 831 1888 qui
859 1813 938 1887 quod
966 1813 1018 1870 illo
1041 1813 1127 1870 modo
1150 1814 1295 1889 negabant

220 1916 345 1973 usquam
362 1898 429 1966 dici,
453 1897 538 1954 obliti
555 1907 638 1954 erant
655 1897 727 1966 eiua,
751 1897 829 1971 quod
841 1899 879 1968 V,
893 1898 931 1955 45
945 1916 964 1954 a
974 1897 1084 1956 Pisone
1096 1898 1296 1973 Peripatetico

215 1983 338 2042 dieitur.
381 1982 441 2042 Sed
463 1982 537 2041 Cato
562 1983 678 2040 Stoicus
700 1982 778 2038 bona
800 2001 836 2039 ea
857 1982 1008 2058 appellare
1030 2001 1088 2040 non
1112 1991 1243 2058 poterat,
1265 1984 1295 2040 in

222 2069 277 2126 bae
300 2068 472 2143 praesertim
495 2086 561 2125 cum
584 2066 790 2142 Peripateticis
814 2069 1029 2134 coutroversia;
1059 2069 1223 2144 appellaret
1245 2087 1296 2126 aa·

221 2151 424 2224 tem-etiamsi
438 2156 530 2227 prima
548 2153 733 2221 scriberetur,
751 2153 888 2226 quoniam
908 2163 1039 2210 maneret
1055 2172 1144 2210 eonem
1161 2155 1295 2210 bonoram.

222 2237 338 2295 Deinde
360 2237 412 2294 illa
430 2238 525 2312 prima
542 2248 664 2294 naturae
682 2246 787 2312 putant
803 2238 966 2311 comparari
985 2256 1049 2295 curn
1068 2238 1200 2313 corporis
1217 2257 1296 2296 com·

222 2323 330 2393 modis,
361 2332 509 2396 tamquam
539 2322 767 2397 praestantiora,
801 2321 883 2396 atqui
911 2323 941 2379 in
969 2322 1071 2397 primis
1098 2332 1221 2380 naturae
1248 2324 1296 2380 vel

223 2408 349 2464 maxime
374 2408 603 2463 numerabantur
624 2408 756 2482 corporis
779 2408 933 2464 commoda
944 2408 973 2484 (ξ
989 2409 1036 2477 17,
1054 2407 1096 2479 II,
1110 2408 1160 2479 34,
1174 2410 1212 2477 V,
1229 2408 1296 2483 18);

222 2493 269 2550 bic
298 2503 395 2549 autem
423 2492 511 2548 ctiam
535 2492 623 2548 latius
646 2501 746 2567 patere
769 2491 901 2568 corporis
923 2493 1143 2550 commodorum
1165 2492 1297 2569 appella·
1339 2487 1341 2493 '

223 2579 342 2639 tionem,
366 2577 517 2652 superiore
539 2577 729 2634 annotatione
752 2575 823 2634 dixi.
860 2578 960 2653 Longe
983 2577 1109 2652 denique
1126 2577 1213 2634 aliam
1233 2596 1297 2635 esse

220 2682 322 2720 veram
336 2661 457 2720 Catonis
475 2662 767 2737 argumentationem,
790 2661 875 2718 initio
893 2662 1050 2721 declaravi.
1086 2661 1298 2720 Coniunctivns

223 2750 387 2823 appellemus
409 2748 531 2803 eandem
551 2747 644 2806 habet
666 2765 794 2813 causam,
818 2765 904 2820 quarn
929 2747 965 2803 ad
989 2751 1003 2816 ξ
1024 2748 1060 2804 17
1080 2747 1174 2822 attigi.
1208 2748 1297 2804 Pote-

221 2841 270 2890 rat
291 2832 366 2890 Cato
389 2831 486 2887 dicere
514 2850 550 2887 ex
579 2851 632 2888 sua
656 2850 780 2906 persona
803 2834 971 2906 appellamus
993 2832 1040 2906 (nt
1062 2841 1125 2889 crat
1147 2832 1175 2888 in
1200 2832 1297 2889 blead.

216 2925 253 2974 et
276 2916 320 2973 El.
341 2914 409 2992 2(?)
432 2917 689 2991 probaveruntqne
714 2916 853 2972 Davisius
876 2927 905 2972 et
927 2917 1086 2990 Bromius),
1109 2917 1160 2973 sed
1183 2926 1295 2992 partem

223 3000 387 3058 benefecit
409 3001 571 3057 sententiae
594 3021 611 3057 a
630 3004 720 3075 placet
743 3001 907 3076 pendentis,
930 3020 989 3075 qua
1007 3001 1172 3059 Stoicorum
1197 3003 1296 3059 decre·

223 3098 285 3143 tum
309 3086 484 3143 continetur.

310 3173 359 3227 44.
381 3174 406 3227 si
426 3181 450 3226 et
472 3190 567 3244 sapere
589 3173 763 3244 expetendum
780 3174 815 3226 ait
831 3181 856 3226 et
872 3172 959 3227 valere
973 3170 1044 3242 oet)
1062 3180 1094 3227 ut
1105 3171 1295 3245 Peripatetici

216 3265 357 3326 ¹censent;
380 3274 446 3311 narn
466 3255 558 3313 Stoici
576 3256 675 3312 valere
698 3274 754 3311 non
778 3255 984 3330 expetendum,
1008 3255 1059 3311 sed
1078 3255 1248 3312 sumendum
1268 3264 1298 3312 et

224 3341 389 3417 eligendum
418 3341 532 3407 dicunt,
564 3350 592 3396 et
620 3358 796 3414 quamquam
826 3349 856 3396 et
877 3358 995 3415 sapere,
1024 3340 1103 3414 qnod
1126 3340 1219 3398 virtus
1241 3350 1295 3409 est,

223 3425 455 3484 aestimationem
484 3425 573 3481 habet
596 3416 709 3499 (ἀξίαν)
733 3434 761 3481 et
784 3424 898 3494 valere,
929 3434 1026 3481 tamen
1055 3425 1106 3481 illa
1133 3425 1297 3500 sapientiae

216 3510 389 3568 aestimatio
416 3529 474 3566 uon
503 3519 627 3585 augetur
653 3510 754 3566 addita
776 3508 954 3566 valetudinis
981 3509 1199 3575 aestimatione,
1228 3510 1298 3583 quia

223 3596 276 3653 illa
303 3615 340 3653 ex
367 3594 426 3651 alio
454 3614 561 3670 genere
589 3604 634 3651 est
664 3613 717 3650 nec
744 3595 835 3670 gradu
865 3603 977 3652 tantum
1006 3603 1035 3652 et
1058 3595 1257 3670 magnitudine
1281 3613 1297 3651 a

218 3680 401 3737 >valetudinis
429 3679 633 3736 aestimatione
661 3678 759 3735 differt
781 3679 809 3755 (ξ
834 3679 897 3753 34).
942 3680 1051 3737 Locum
1075 3681 1176 3737 eodem
1201 3679 1296 3746 modo,

218 3784 282 3840 quo
310 3764 400 3823 nostri
429 3765 544 3821 codices
568 3764 742 3833 deteriores,
771 3765 936 3821 mutilatum
965 3765 1075 3821 habeut
1102 3764 1192 3822 ceteri
1219 3765 1296 3821 eius·

217 3851 288 3907 dem
311 3849 427 3925 generis
449 3847 581 3927 (Davisii
604 3859 634 3905 et
656 3849 749 3917 Oxx.;
773 3849 920 3908 Gruterus
943 3858 1036 3918 tacet,
1060 3848 1153 3908 Gaius
1175 3848 1297 3906 confuse

220 3933 326 4012 tradit)
355 3944 384 3991 et
413 3945 527 3991 veteres
555 3934 698 3990 editiones
721 3934 842 4009 (Mars,
866 3933 962 4002 Crat,
987 3932 1087 4011 Vict.).
1133 3934 1297 3990 Aberrarat

216 4021 324 4078 oculus
347 4019 460 4076 librarii
484 4020 512 4075 in
536 4037 608 4076 voce
630 4021 813 4093 erpetendum,
837 4018 942 4075 deinde
958 4022 1046 4075 valere
1063 4028 1221 4074 retractum
1241 4029 1295 4085 est,

218 4106 274 4162 sed
295 4124 387 4181 pravo
410 4105 484 4162 loco.
520 4104 630 4161 Aldum
644 4104 808 4161 Manutium
831 4103 918 4161 credo
935 4104 1059 4179 primum
1078 4103 1166 4160 tacite
1183 4122 1199 4159 e
1218 4104 1296 4161 bono

221 4190 322 4247 codice
345 4190 440 4248 locum
464 4189 639 4265 explevisse.
673 4189 828 4245 Accedunt
841 4189 918 4263 Spin.
938 4199 967 4245 et
984 4190 1048 4247 cod.
1062 4189 1138 4246 Mor.
1174 4189 1222 4263 (In
1241 4188 1296 4245 boc

217 4274 286 4332 aad.
315 4285 418 4332 contra
446 4285 566 4349 propter
593 4271 750 4349 repetitum
780 4293 875 4349 sapere
896 4273 1066 4330 exciderant
1088 4274 1175 4330 haec:
1202 4276 1296 4343 solam,

223 4378 307 4434 neque
329 4369 416 4416 tannen
440 4393 478 4401 —
502 4380 583 4434 quarn
605 4360 724 4434 sapere)
759 4359 818 4418 Sed
841 4358 918 4433 Spir.
943 4367 976 4416 ut
993 4358 1054 4416 Erl.
1078 4358 1188 4416 omittit
1209 4362 1244 4415 ait
1266 4358 1296 4415 in
1368 4384 1370 4387 ·

219 4452 348 4520 utraque
370 4444 482 4520 protasi
502 4444 541 4520 (si
560 4455 585 4502 et
606 4463 702 4520 sapere
722 4446 898 4519 expetendam
919 4452 963 4502 et:
984 4443 1190 4518 nonamque),
1213 4461 1296 4518 quos,

1059 4563 1090 4608 Ν
