<?xml version="1.0" encoding="UTF-8"?>
<!DOCTYPE html PUBLIC "-//W3C//DTD XHTML 1.0 Transitional//EN"
    "http://www.w3.org/TR/xhtml1/DTD/xhtml1-transitional.dtd">
<html xmlns="http://www.w3.org/1999/xhtml" xml:lang="en" lang="en">
 <head>
  <title>
</title>
<meta http-equiv="Content-Type" content="text/html;charset=utf-8" />
  <meta name='ocr-system' content='tesseract 3.04.00' />
  <meta name='ocr-capabilities' content='ocr_page ocr_carea ocr_par ocr_line ocrx_word'/>
</head>
<body>
  <div class='ocr_page' id='page_1' title='image "./mtulliiciceroni35cicegoog/mtulliiciceroni35cicegoog_0942.png"; bbox 0 0 3030 5086; ppageno 0'>
   <div class='ocr_carea' id='block_1_1' title="bbox 490 485 1292 553">
    <p class='ocr_par' dir='ltr' id='par_1_1' title="bbox 490 485 1292 553">
     <span class='ocr_line' id='line_1_1' title="bbox 490 485 1292 553; baseline 0.004 -4"><span class='ocrx_word' id='word_1_1' title='bbox 490 502 600 549; x_wconf 85' lang='lat' dir='ltr'><strong>runax</strong></span> <span class='ocrx_word' id='word_1_2' title='bbox 621 503 738 550; x_wconf 79' lang='lat' dir='ltr'><strong>sanun</strong></span> <span class='ocrx_word' id='word_1_3' title='bbox 760 504 804 549; x_wconf 86' lang='lat' dir='ltr'><strong>ar</strong></span> <span class='ocrx_word' id='word_1_4' title='bbox 827 503 1015 550; x_wconf 83' lang='lat' dir='ltr'><strong>vuaaoauu.</strong></span> <span class='ocrx_word' id='word_1_5' title='bbox 1228 485 1292 553; x_wconf 86' lang='grc'><strong>853</strong></span> 
     </span>
    </p>
   </div>
   <div class='ocr_carea' id='block_1_2' title="bbox 137 659 1319 4494">
    <p class='ocr_par' dir='ltr' id='par_1_2' title="bbox 219 659 1293 921">
     <span class='ocr_line' id='line_1_2' title="bbox 219 659 1293 750; baseline 0 -18"><span class='ocrx_word' id='word_1_6' title='bbox 219 673 417 732; x_wconf 86' lang='lat' dir='ltr'><strong>Accusativua</strong></span> <span class='ocrx_word' id='word_1_7' title='bbox 432 693 491 733; x_wconf 91' lang='lat' dir='ltr'><strong>non</strong></span> <span class='ocrx_word' id='word_1_8' title='bbox 504 659 731 733; x_wconf 55' lang='lat' dir='ltr'><strong>eatcasua&#39;obli·</strong></span> <span class='ocrx_word' id='word_1_9' title='bbox 784 677 876 749; x_wconf 83' lang='lat' dir='ltr'><strong>Aeque</strong></span> <span class='ocrx_word' id='word_1_10' title='bbox 904 693 957 750; x_wconf 94' lang='lat' dir='ltr'><strong>pro</strong></span> <span class='ocrx_word' id='word_1_11' title='bbox 979 693 1039 732; x_wconf 87' lang='lat' dir='ltr'><strong>cum</strong></span> <span class='ocrx_word' id='word_1_12' title='bbox 1060 677 1194 750; x_wconf 73' lang='lat' dir='ltr'><strong>aequitate</strong></span> <span class='ocrx_word' id='word_1_13' title='bbox 1217 676 1234 732; x_wconf 96' lang='grc'><strong>7</strong></span> <span class='ocrx_word' id='word_1_14' title='bbox 1239 676 1293 743; x_wconf 82' lang='grc'><strong>21;</strong></span> 
     </span>
     <span class='ocr_line' id='line_1_3' title="bbox 261 760 1203 837; baseline 0.001 -22"><span class='ocrx_word' id='word_1_15' title='bbox 261 778 336 834; x_wconf 90' lang='lat' dir='ltr'><strong>quus</strong></span> <span class='ocrx_word' id='word_1_16' title='bbox 349 760 426 829; x_wconf 89' lang='grc'><strong>448;</strong></span> <span class='ocrx_word' id='word_1_17' title='bbox 450 760 487 817; x_wconf 89' lang='lat' dir='ltr'><strong>ad</strong></span> <span class='ocrx_word' id='word_1_18' title='bbox 505 768 596 817; x_wconf 88' lang='lat' dir='ltr'><strong>totam</strong></span> <span class='ocrx_word' id='word_1_19' title='bbox 615 770 731 818; x_wconf 90' lang='lat' dir='ltr'><strong>senten·</strong></span> <span class='ocrx_word' id='word_1_20' title='bbox 826 779 910 835; x_wconf 85' lang='lat' dir='ltr'><strong>aeque</strong></span> <span class='ocrx_word' id='word_1_21' title='bbox 931 769 961 818; x_wconf 84' lang='lat' dir='ltr'><strong>ut</strong></span> <span class='ocrx_word' id='word_1_22' title='bbox 982 760 1107 837; x_wconf 84' lang='lat' dir='ltr'>improb.</span> <span class='ocrx_word' id='word_1_23' title='bbox 1134 761 1203 819; x_wconf 97' lang='grc'><strong>125.</strong></span> 
     </span>
     <span class='ocr_line' id='line_1_4' title="bbox 261 845 1016 921; baseline 0 -19"><span class='ocrx_word' id='word_1_24' title='bbox 261 845 331 902; x_wconf 92' lang='lat' dir='ltr'><strong>tiam</strong></span> <span class='ocrx_word' id='word_1_25' title='bbox 362 845 548 921; x_wconf 87' lang='lat' dir='ltr'><strong>appositione</strong></span> <span class='ocrx_word' id='word_1_26' title='bbox 577 845 732 902; x_wconf 89' lang='lat' dir='ltr'><strong>adiunctus</strong></span> <span class='ocrx_word' id='word_1_27' title='bbox 784 845 922 902; x_wconf 84' lang='lat' dir='ltr'><strong>Aerumna</strong></span> <span class='ocrx_word' id='word_1_28' title='bbox 946 845 1016 903; x_wconf 88' lang='lat'><strong>336.</strong></span> 
     </span>
    </p>

    <p class='ocr_par' dir='ltr' id='par_1_3' title="bbox 261 930 1238 1260">
     <span class='ocr_line' id='line_1_5' title="bbox 262 930 1147 1004; baseline 0.002 -17"><span class='ocrx_word' id='word_1_29' title='bbox 262 931 339 1000; x_wconf 80' lang='lat'>2683</span> <span class='ocrx_word' id='word_1_30' title='bbox 372 949 411 987; x_wconf 86' lang='lat' dir='ltr'><strong>ex</strong></span> <span class='ocrx_word' id='word_1_31' title='bbox 444 930 620 988; x_wconf 76' lang='lat' dir='ltr'><strong>attractione</strong></span> <span class='ocrx_word' id='word_1_32' title='bbox 649 938 731 987; x_wconf 89' lang='lat' dir='ltr'><strong>ortus</strong></span> <span class='ocrx_word' id='word_1_33' title='bbox 783 931 934 987; x_wconf 82' lang='lat' dir='ltr'><strong>Aestimare</strong></span> <span class='ocrx_word' id='word_1_34' title='bbox 955 950 1051 1004; x_wconf 76' lang='lat' dir='ltr'><strong>meque</strong></span> <span class='ocrx_word' id='word_1_35' title='bbox 1074 930 1147 989; x_wconf 90' lang='grc'><strong>359.</strong></span> 
     </span>
     <span class='ocr_line' id='line_1_6' title="bbox 262 1014 1238 1090; baseline 0.001 -18"><span class='ocrx_word' id='word_1_36' title='bbox 262 1016 338 1084; x_wconf 87' lang='grc'><strong>291;</strong></span> <span class='ocrx_word' id='word_1_37' title='bbox 368 1015 554 1072; x_wconf 86' lang='lat' dir='ltr'><strong>accusativus</strong></span> <span class='ocrx_word' id='word_1_38' title='bbox 582 1014 732 1090; x_wconf 89' lang='lat' dir='ltr'><strong>pronomi·</strong></span> <span class='ocrx_word' id='word_1_39' title='bbox 784 1016 955 1087; x_wconf 65' lang='lat' dir='ltr'><strong>Aestimate,</strong></span> <span class='ocrx_word' id='word_1_40' title='bbox 978 1018 1144 1072; x_wconf 72' lang='lat' dir='ltr'><strong>esistimemr</strong></span> <span class='ocrx_word' id='word_1_41' title='bbox 1167 1015 1238 1073; x_wconf 91' lang='grc'><strong>349.</strong></span> 
     </span>
     <span class='ocr_line' id='line_1_7' title="bbox 262 1099 1082 1171; baseline 0.005 -15"><span class='ocrx_word' id='word_1_42' title='bbox 262 1119 330 1156; x_wconf 91' lang='lat' dir='ltr'><strong>num</strong></span> <span class='ocrx_word' id='word_1_43' title='bbox 352 1099 389 1156; x_wconf 89' lang='grc'><strong>35</strong></span> <span class='ocrx_word' id='word_1_44' title='bbox 409 1109 439 1156; x_wconf 93' lang='lat' dir='ltr'><strong>et</strong></span> <span class='ocrx_word' id='word_1_45' title='bbox 461 1101 534 1169; x_wconf 85' lang='lat'>116;</span> <span class='ocrx_word' id='word_1_46' title='bbox 552 1118 649 1157; x_wconf 88' lang='lat' dir='ltr'><strong>accus.</strong></span> <span class='ocrx_word' id='word_1_47' title='bbox 666 1117 730 1157; x_wconf 92' lang='lat' dir='ltr'><strong>cum</strong></span> <span class='ocrx_word' id='word_1_48' title='bbox 784 1100 938 1171; x_wconf 80' lang='lat' dir='ltr'>Albucius,</span> <span class='ocrx_word' id='word_1_49' title='bbox 961 1101 1007 1170; x_wconf 90' lang='grc' dir='ltr'><strong>Τ.,</strong></span> <span class='ocrx_word' id='word_1_50' title='bbox 1032 1101 1082 1160; x_wconf 90' lang='grc'><strong>22.</strong></span> 
     </span>
     <span class='ocr_line' id='line_1_8' title="bbox 261 1185 1164 1260; baseline 0.001 -18"><span class='ocrx_word' id='word_1_51' title='bbox 261 1185 687 1260; x_wconf 82' lang='lat' dir='ltr'><strong>infin.prointin.s010356.</strong></span> <span class='ocrx_word' id='word_1_52' title='bbox 784 1185 863 1242; x_wconf 83' lang='lat' dir='ltr'><strong>Alios</strong></span> <span class='ocrx_word' id='word_1_53' title='bbox 885 1204 942 1242; x_wconf 93' lang='lat' dir='ltr'><strong>non</strong></span> <span class='ocrx_word' id='word_1_54' title='bbox 965 1185 1001 1242; x_wconf 88' lang='lat' dir='ltr'><strong>de</strong></span> <span class='ocrx_word' id='word_1_55' title='bbox 1024 1185 1089 1243; x_wconf 92' lang='lat' dir='ltr'><strong>loco</strong></span> <span class='ocrx_word' id='word_1_56' title='bbox 1114 1188 1164 1244; x_wconf 92' lang='grc'><strong>21.</strong></span> 
     </span>
    </p>

    <p class='ocr_par' dir='ltr' id='par_1_4' title="bbox 219 1269 1294 1514">
     <span class='ocr_line' id='line_1_9' title="bbox 219 1269 1228 1346; baseline 0 -19"><span class='ocrx_word' id='word_1_57' title='bbox 219 1271 266 1328; x_wconf 86' lang='lat' dir='ltr'><strong>Ad</strong></span> <span class='ocrx_word' id='word_1_58' title='bbox 287 1269 317 1327; x_wconf 90' lang='lat' dir='ltr'><strong>in</strong></span> <span class='ocrx_word' id='word_1_59' title='bbox 341 1271 540 1346; x_wconf 90' lang='lat' dir='ltr'><strong>comparando</strong></span> <span class='ocrx_word' id='word_1_60' title='bbox 563 1271 640 1340; x_wconf 75' lang='lat'><strong>4353</strong></span> <span class='ocrx_word' id='word_1_61' title='bbox 665 1270 733 1327; x_wconf 79' lang='lat' dir='ltr'><strong>nibil</strong></span> <span class='ocrx_word' id='word_1_62' title='bbox 782 1271 891 1346; x_wconf 74' lang='lat' dir='ltr'><strong>Aliquis</strong></span> <span class='ocrx_word' id='word_1_63' title='bbox 913 1290 967 1346; x_wconf 89' lang='lat' dir='ltr'><strong>pro</strong></span> <span class='ocrx_word' id='word_1_64' title='bbox 990 1273 1135 1346; x_wconf 82' lang='lat' dir='ltr'><strong>quisquam</strong></span> <span class='ocrx_word' id='word_1_65' title='bbox 1158 1271 1228 1327; x_wconf 92' lang='grc'><strong>290.</strong></span> 
     </span>
     <span class='ocr_line' id='line_1_10' title="bbox 260 1354 1293 1435; baseline 0.001 -23"><span class='ocrx_word' id='word_1_66' title='bbox 260 1356 313 1424; x_wconf 84' lang='lat' dir='ltr'><strong>ad,</strong></span> <span class='ocrx_word' id='word_1_67' title='bbox 342 1356 410 1430; x_wconf 81' lang='lat' dir='ltr'><strong>quid</strong></span> <span class='ocrx_word' id='word_1_68' title='bbox 435 1356 475 1413; x_wconf 85' lang='lat' dir='ltr'><strong>ud</strong></span> <span class='ocrx_word' id='word_1_69' title='bbox 498 1354 551 1424; x_wconf 80' lang='lat'><strong>833</strong></span> <span class='ocrx_word' id='word_1_70' title='bbox 586 1357 626 1413; x_wconf 86' lang='lat' dir='ltr'><strong>ed</strong></span> <span class='ocrx_word' id='word_1_71' title='bbox 652 1365 731 1412; x_wconf 73' lang='lat' dir='ltr'><strong>notre·</strong></span> <span class='ocrx_word' id='word_1_72' title='bbox 782 1356 862 1412; x_wconf 81' lang='lat' dir='ltr'><strong>Alius</strong></span> <span class='ocrx_word' id='word_1_73' title='bbox 900 1354 1040 1435; x_wconf 85' lang='lat' dir='ltr'><strong>omissum</strong></span> <span class='ocrx_word' id='word_1_74' title='bbox 1079 1356 1198 1413; x_wconf 80' lang='lat' dir='ltr'><strong>auditur</strong></span> <span class='ocrx_word' id='word_1_75' title='bbox 1237 1357 1293 1424; x_wconf 87' lang='grc'><strong>40;</strong></span> 
     </span>
     <span class='ocr_line' id='line_1_11' title="bbox 263 1440 1294 1514; baseline 0.002 -18"><span class='ocrx_word' id='word_1_76' title='bbox 263 1460 323 1496; x_wconf 85' lang='lat' dir='ltr'><strong>rum</strong></span> <span class='ocrx_word' id='word_1_77' title='bbox 346 1440 395 1497; x_wconf 93' lang='grc'><strong>67.</strong></span> <span class='ocrx_word' id='word_1_78' title='bbox 825 1442 896 1497; x_wconf 85' lang='lat' dir='ltr'><strong>alius</strong></span> <span class='ocrx_word' id='word_1_79' title='bbox 922 1443 1009 1514; x_wconf 75' lang='lat' dir='ltr'><strong>mupis</strong></span> <span class='ocrx_word' id='word_1_80' title='bbox 1035 1442 1089 1499; x_wconf 84' lang='lat' dir='ltr'><strong>elio</strong></span> <span class='ocrx_word' id='word_1_81' title='bbox 1118 1440 1195 1509; x_wconf 75' lang='lat'><strong>3573</strong></span> <span class='ocrx_word' id='word_1_82' title='bbox 1222 1443 1294 1498; x_wconf 78' lang='lat' dir='ltr'><strong>alites</strong></span> 
     </span>
    </p>

    <p class='ocr_par' dir='ltr' id='par_1_5' title="bbox 217 1523 1295 1771">
     <span class='ocr_line' id='line_1_12' title="bbox 217 1523 1294 1598; baseline 0.001 -16"><span class='ocrx_word' id='word_1_83' title='bbox 217 1524 730 1598; x_wconf 83' lang='lat' dir='ltr'><strong>AdditamentaantiquainCicero·</strong></span> <span class='ocrx_word' id='word_1_84' title='bbox 825 1556 867 1567; x_wconf 92' lang='lat'><em>-</em></span> <span class='ocrx_word' id='word_1_85' title='bbox 889 1527 968 1593; x_wconf 78' lang='lat' dir='ltr'><strong>alius,</strong></span> <span class='ocrx_word' id='word_1_86' title='bbox 991 1525 1063 1583; x_wconf 84' lang='lat' dir='ltr'><strong>haec</strong></span> <span class='ocrx_word' id='word_1_87' title='bbox 1085 1523 1181 1582; x_wconf 86' lang='lat' dir='ltr'><strong>forma</strong></span> <span class='ocrx_word' id='word_1_88' title='bbox 1201 1526 1294 1583; x_wconf 88' lang='lat' dir='ltr'><strong>disso-</strong></span> 
     </span>
     <span class='ocr_line' id='line_1_13' title="bbox 260 1608 1294 1686; baseline 0.002 -20"><span class='ocrx_word' id='word_1_89' title='bbox 260 1610 305 1667; x_wconf 90' lang='lat' dir='ltr'><strong>nis</strong></span> <span class='ocrx_word' id='word_1_90' title='bbox 333 1609 417 1667; x_wconf 90' lang='lat' dir='ltr'><strong>libris</strong></span> <span class='ocrx_word' id='word_1_91' title='bbox 442 1611 518 1679; x_wconf 77' lang='lat'><strong>6403</strong></span> <span class='ocrx_word' id='word_1_92' title='bbox 552 1608 628 1668; x_wconf 83' lang='lat' dir='ltr'><strong>salso</strong></span> <span class='ocrx_word' id='word_1_93' title='bbox 661 1610 731 1668; x_wconf 82' lang='lat' dir='ltr'><strong>ficta</strong></span> <span class='ocrx_word' id='word_1_94' title='bbox 824 1611 887 1667; x_wconf 89' lang='lat' dir='ltr'><strong>luta</strong></span> <span class='ocrx_word' id='word_1_95' title='bbox 916 1610 993 1680; x_wconf 77' lang='lat'><strong>7953</strong></span> <span class='ocrx_word' id='word_1_96' title='bbox 1026 1613 1098 1668; x_wconf 84' lang='lat' dir='ltr'><strong>alius</strong></span> <span class='ocrx_word' id='word_1_97' title='bbox 1126 1643 1165 1654; x_wconf 94' lang='lat'><em>-</em></span> <span class='ocrx_word' id='word_1_98' title='bbox 1193 1613 1294 1686; x_wconf 74' lang='lat' dir='ltr'><strong>aliquis</strong></span> 
     </span>
     <span class='ocr_line' id='line_1_14' title="bbox 261 1694 1295 1771; baseline -0.002 -18"><span class='ocrx_word' id='word_1_99' title='bbox 261 1694 332 1753; x_wconf 89' lang='grc'><strong>759.</strong></span> <span class='ocrx_word' id='word_1_100' title='bbox 824 1715 878 1771; x_wconf 90' lang='lat' dir='ltr'><strong>pro</strong></span> <span class='ocrx_word' id='word_1_101' title='bbox 890 1698 1014 1753; x_wconf 83' lang='lat' dir='ltr'><strong>alius-</strong></span> <span class='ocrx_word' id='word_1_102' title='bbox 1029 1697 1100 1753; x_wconf 82' lang='lat' dir='ltr'><strong>elius</strong></span> <span class='ocrx_word' id='word_1_103' title='bbox 1116 1714 1173 1753; x_wconf 91' lang='lat' dir='ltr'><strong>nou</strong></span> <span class='ocrx_word' id='word_1_104' title='bbox 1186 1695 1295 1753; x_wconf 89' lang='lat' dir='ltr'><strong>dicitur</strong></span> 
     </span>
    </p>

    <p class='ocr_par' dir='ltr' id='par_1_6' title="bbox 216 1781 1293 1926">
     <span class='ocr_line' id='line_1_15' title="bbox 216 1781 1293 1856; baseline -0.001 -18"><span class='ocrx_word' id='word_1_105' title='bbox 216 1781 356 1850; x_wconf 84' lang='lat' dir='ltr'><strong>Adducor‚</strong></span> <span class='ocrx_word' id='word_1_106' title='bbox 379 1783 418 1837; x_wconf 83' lang='lat' dir='ltr'><strong>ita</strong></span> <span class='ocrx_word' id='word_1_107' title='bbox 439 1799 496 1837; x_wconf 84' lang='lat' dir='ltr'><strong>esse</strong></span> <span class='ocrx_word' id='word_1_108' title='bbox 518 1790 570 1839; x_wconf 89' lang='lat' dir='ltr'><strong>aut</strong></span> <span class='ocrx_word' id='word_1_109' title='bbox 594 1789 622 1836; x_wconf 89' lang='lat' dir='ltr'><strong>ut</strong></span> <span class='ocrx_word' id='word_1_110' title='bbox 638 1785 677 1838; x_wconf 85' lang='lat' dir='ltr'><strong>ita</strong></span> <span class='ocrx_word' id='word_1_111' title='bbox 695 1783 730 1837; x_wconf 82' lang='lat' dir='ltr'><strong>sit</strong></span> <span class='ocrx_word' id='word_1_112' title='bbox 825 1782 903 1850; x_wconf 76' lang='lat'><strong>4543</strong></span> <span class='ocrx_word' id='word_1_113' title='bbox 925 1781 993 1839; x_wconf 73' lang='lat' dir='ltr'><strong>nittt</strong></span> <span class='ocrx_word' id='word_1_114' title='bbox 1014 1783 1143 1856; x_wconf 81' lang='lat' dir='ltr'><strong>(aliquid)</strong></span> <span class='ocrx_word' id='word_1_115' title='bbox 1162 1782 1239 1840; x_wconf 82' lang='lat' dir='ltr'><strong>aliud</strong></span> <span class='ocrx_word' id='word_1_116' title='bbox 1259 1781 1293 1837; x_wconf 84' lang='lat' dir='ltr'><strong>ab</strong></span> 
     </span>
     <span class='ocr_line' id='line_1_16' title="bbox 261 1865 974 1926; baseline 0.006 -4"><span class='ocrx_word' id='word_1_117' title='bbox 261 1865 310 1923; x_wconf 85' lang='lat'><strong>33.</strong></span> <span class='ocrx_word' id='word_1_118' title='bbox 794 1918 797 1924; x_wconf 88' lang='grc'><em>,</em></span> <span class='ocrx_word' id='word_1_119' title='bbox 824 1868 878 1924; x_wconf 82' lang='lat' dir='ltr'><strong>alio</strong></span> <span class='ocrx_word' id='word_1_120' title='bbox 901 1866 974 1926; x_wconf 91' lang='grc'><strong>559.</strong></span> 
     </span>
    </p>

    <p class='ocr_par' dir='ltr' id='par_1_7' title="bbox 137 1950 1294 2027">
     <span class='ocr_line' id='line_1_17' title="bbox 137 1950 1294 2027; baseline 0.001 -20"><span class='ocrx_word' id='word_1_121' title='bbox 137 1956 140 1963; x_wconf 92' lang='grc'><strong>’</strong></span> <span class='ocrx_word' id='word_1_122' title='bbox 217 1950 293 2009; x_wconf 85' lang='lat' dir='ltr'><strong>Adeo</strong></span> <span class='ocrx_word' id='word_1_123' title='bbox 317 1950 387 2007; x_wconf 88' lang='grc'><strong>210.</strong></span> <span class='ocrx_word' id='word_1_124' title='bbox 783 1951 1002 2021; x_wconf 76' lang='lat' dir='ltr'><strong>Alter—ulter,</strong></span> <span class='ocrx_word' id='word_1_125' title='bbox 1025 1951 1098 2008; x_wconf 91' lang='lat' dir='ltr'><strong>baec</strong></span> <span class='ocrx_word' id='word_1_126' title='bbox 1120 1950 1215 2008; x_wconf 83' lang='lat' dir='ltr'><strong>forma</strong></span> <span class='ocrx_word' id='word_1_127' title='bbox 1233 1951 1294 2027; x_wconf 88' lang='lat' dir='ltr'><strong>dis·</strong></span> 
     </span>
    </p>

    <p class='ocr_par' dir='ltr' id='par_1_8' title="bbox 217 2035 1016 2105">
     <span class='ocr_line' id='line_1_18' title="bbox 217 2035 1016 2105; baseline -0.003 -11"><span class='ocrx_word' id='word_1_128' title='bbox 217 2036 364 2105; x_wconf 67' lang='lat' dir='ltr'><strong>Adhaesia</strong></span> <span class='ocrx_word' id='word_1_129' title='bbox 387 2053 446 2091; x_wconf 91' lang='lat' dir='ltr'><strong>non</strong></span> <span class='ocrx_word' id='word_1_130' title='bbox 465 2035 655 2105; x_wconf 73' lang='lat' dir='ltr'><strong>adhaesitatio,</strong></span> <span class='ocrx_word' id='word_1_131' title='bbox 679 2037 730 2092; x_wconf 90' lang='grc'><strong>44.</strong></span> <span class='ocrx_word' id='word_1_132' title='bbox 825 2037 922 2093; x_wconf 80' lang='lat' dir='ltr'><strong>soluta</strong></span> <span class='ocrx_word' id='word_1_133' title='bbox 946 2037 1016 2094; x_wconf 91' lang='grc'><strong>796.</strong></span> 
     </span>
    </p>

    <p class='ocr_par' dir='ltr' id='par_1_9' title="bbox 217 2120 1294 2453">
     <span class='ocr_line' id='line_1_19' title="bbox 217 2120 1294 2198; baseline -0.001 -19"><span class='ocrx_word' id='word_1_134' title='bbox 217 2123 315 2179; x_wconf 80' lang='lat' dir='ltr'><strong>Adbuc</strong></span> <span class='ocrx_word' id='word_1_135' title='bbox 337 2138 395 2176; x_wconf 92' lang='lat' dir='ltr'><strong>non</strong></span> <span class='ocrx_word' id='word_1_136' title='bbox 419 2138 473 2195; x_wconf 91' lang='lat' dir='ltr'><strong>pro</strong></span> <span class='ocrx_word' id='word_1_137' title='bbox 492 2131 635 2196; x_wconf 81' lang='lat' dir='ltr'><strong>praeterea</strong></span> <span class='ocrx_word' id='word_1_138' title='bbox 651 2120 730 2196; x_wconf 90' lang='lat' dir='ltr'><strong>apud</strong></span> <span class='ocrx_word' id='word_1_139' title='bbox 782 2121 971 2198; x_wconf 87' lang='lat' dir='ltr'><strong>Ambiguites</strong></span> <span class='ocrx_word' id='word_1_140' title='bbox 989 2122 1019 2179; x_wconf 90' lang='lat' dir='ltr'><strong>in</strong></span> <span class='ocrx_word' id='word_1_141' title='bbox 1037 2139 1173 2179; x_wconf 86' lang='lat' dir='ltr'><strong>sermone</strong></span> <span class='ocrx_word' id='word_1_142' title='bbox 1188 2121 1294 2178; x_wconf 87' lang='lat' dir='ltr'><strong>Latino</strong></span> 
     </span>
     <span class='ocr_line' id='line_1_20' title="bbox 259 2204 897 2280; baseline -0.003 -16"><span class='ocrx_word' id='word_1_143' title='bbox 259 2204 411 2264; x_wconf 82' lang='lat' dir='ltr'><strong>Ciceronis</strong></span> <span class='ocrx_word' id='word_1_144' title='bbox 423 2205 640 2279; x_wconf 85' lang='lat' dir='ltr'><strong>aequalea587;</strong></span> <span class='ocrx_word' id='word_1_145' title='bbox 659 2224 730 2280; x_wconf 90' lang='lat' dir='ltr'><strong>qua·</strong></span> <span class='ocrx_word' id='word_1_146' title='bbox 826 2206 897 2263; x_wconf 89' lang='grc'><strong>252.</strong></span> 
     </span>
     <span class='ocr_line' id='line_1_21' title="bbox 259 2289 1294 2368; baseline 0 -20"><span class='ocrx_word' id='word_1_147' title='bbox 259 2300 344 2349; x_wconf 86' lang='lat' dir='ltr'><strong>tenna</strong></span> <span class='ocrx_word' id='word_1_148' title='bbox 362 2289 508 2367; x_wconf 84' lang='lat' dir='ltr'><strong>significet</strong></span> <span class='ocrx_word' id='word_1_149' title='bbox 523 2293 564 2349; x_wconf 84' lang='lat' dir='ltr'><strong>ud</strong></span> <span class='ocrx_word' id='word_1_150' title='bbox 579 2292 649 2348; x_wconf 81' lang='lat' dir='ltr'><strong>illud</strong></span> <span class='ocrx_word' id='word_1_151' title='bbox 666 2301 730 2348; x_wconf 86' lang='lat' dir='ltr'><strong>tem·</strong></span> <span class='ocrx_word' id='word_1_152' title='bbox 782 2292 827 2348; x_wconf 81' lang='lat' dir='ltr'><strong>Aa</strong></span> <span class='ocrx_word' id='word_1_153' title='bbox 849 2292 879 2348; x_wconf 94' lang='lat' dir='ltr'><strong>in</strong></span> <span class='ocrx_word' id='word_1_154' title='bbox 902 2291 1090 2368; x_wconf 87' lang='lat' dir='ltr'><strong>adiungenda</strong></span> <span class='ocrx_word' id='word_1_155' title='bbox 1107 2289 1294 2348; x_wconf 80' lang='lat' dir='ltr'><strong>conclusione</strong></span> 
     </span>
     <span class='ocr_line' id='line_1_22' title="bbox 256 2374 1293 2453; baseline -0.001 -19"><span class='ocrx_word' id='word_1_156' title='bbox 256 2397 320 2452; x_wconf 80' lang='lat' dir='ltr'><strong>pus,</strong></span> <span class='ocrx_word' id='word_1_157' title='bbox 345 2375 417 2433; x_wconf 92' lang='grc'><strong>629.</strong></span> <span class='ocrx_word' id='word_1_158' title='bbox 825 2395 878 2452; x_wconf 91' lang='lat' dir='ltr'><strong>per</strong></span> <span class='ocrx_word' id='word_1_159' title='bbox 902 2375 1141 2453; x_wconf 80' lang='lat' dir='ltr'><strong>interrogationis</strong></span> <span class='ocrx_word' id='word_1_160' title='bbox 1168 2374 1293 2433; x_wconf 83' lang='lat' dir='ltr'><strong>sormam</strong></span> 
     </span>
    </p>

    <p class='ocr_par' dir='ltr' id='par_1_10' title="bbox 214 2443 1294 2620">
     <span class='ocr_line' id='line_1_23' title="bbox 214 2443 1294 2536; baseline 0.002 -20"><span class='ocrx_word' id='word_1_161' title='bbox 214 2450 386 2536; x_wconf 75' lang='grc' dir='ltr'><strong>Ἀδιάφορα</strong></span> <span class='ocrx_word' id='word_1_162' title='bbox 398 2460 470 2529; x_wconf 86' lang='grc'><strong>429,</strong></span> <span class='ocrx_word' id='word_1_163' title='bbox 481 2444 628 2530; x_wconf 74' lang='grc' dir='ltr'><strong><em>καθάπαξ</em></strong></span> <span class='ocrx_word' id='word_1_164' title='bbox 640 2443 728 2517; x_wconf 75' lang='lat' dir='ltr'><strong>ddcci-</strong></span> <span class='ocrx_word' id='word_1_165' title='bbox 827 2463 881 2530; x_wconf 93' lang='grc'><strong>16;</strong></span> <span class='ocrx_word' id='word_1_166' title='bbox 902 2462 937 2518; x_wconf 90' lang='lat' dir='ltr'><strong>ad</strong></span> <span class='ocrx_word' id='word_1_167' title='bbox 950 2462 1022 2532; x_wconf 77' lang='lat' dir='ltr'><strong>eins,</strong></span> <span class='ocrx_word' id='word_1_168' title='bbox 1035 2461 1086 2535; x_wconf 94' lang='lat' dir='ltr'><strong>qui</strong></span> <span class='ocrx_word' id='word_1_169' title='bbox 1098 2469 1166 2518; x_wconf 92' lang='lat' dir='ltr'><strong>ante</strong></span> <span class='ocrx_word' id='word_1_170' title='bbox 1178 2461 1294 2518; x_wconf 87' lang='lat' dir='ltr'><strong>locatus</strong></span> 
     </span>
     <span class='ocr_line' id='line_1_24' title="bbox 259 2545 1292 2620; baseline 0.004 -21"><span class='ocrx_word' id='word_1_171' title='bbox 259 2561 341 2620; x_wconf 80' lang='lat' dir='ltr'><strong>popu</strong></span> <span class='ocrx_word' id='word_1_172' title='bbox 366 2545 438 2604; x_wconf 91' lang='grc'><strong>431.</strong></span> <span class='ocrx_word' id='word_1_173' title='bbox 824 2556 878 2618; x_wconf 77' lang='lat' dir='ltr'><strong>est,</strong></span> <span class='ocrx_word' id='word_1_174' title='bbox 902 2547 1065 2604; x_wconf 90' lang='lat' dir='ltr'><strong>orationem</strong></span> <span class='ocrx_word' id='word_1_175' title='bbox 1088 2547 1213 2603; x_wconf 87' lang='lat' dir='ltr'><strong>relatum</strong></span> <span class='ocrx_word' id='word_1_176' title='bbox 1238 2548 1292 2616; x_wconf 90' lang='grc'><strong>61;</strong></span> 
     </span>
    </p>

    <p class='ocr_par' dir='ltr' id='par_1_11' title="bbox 216 2628 1295 3302">
     <span class='ocr_line' id='line_1_25' title="bbox 216 2628 1295 2706; baseline 0.003 -20"><span class='ocrx_word' id='word_1_177' title='bbox 216 2628 406 2686; x_wconf 89' lang='lat' dir='ltr'><strong>Adiectivum</strong></span> <span class='ocrx_word' id='word_1_178' title='bbox 436 2630 620 2687; x_wconf 89' lang='lat' dir='ltr'><strong>substantive</strong></span> <span class='ocrx_word' id='word_1_179' title='bbox 650 2630 729 2706; x_wconf 91' lang='lat' dir='ltr'><strong>posi·</strong></span> <span class='ocrx_word' id='word_1_180' title='bbox 824 2632 854 2688; x_wconf 93' lang='lat' dir='ltr'><strong>in</strong></span> <span class='ocrx_word' id='word_1_181' title='bbox 872 2630 1068 2688; x_wconf 79' lang='lat' dir='ltr'><strong>affirmatione</strong></span> <span class='ocrx_word' id='word_1_182' title='bbox 1083 2631 1295 2706; x_wconf 88' lang='lat' dir='ltr'><strong>antecapienda</strong></span> 
     </span>
     <span class='ocr_line' id='line_1_26' title="bbox 259 2714 1233 2792; baseline 0.003 -23"><span class='ocrx_word' id='word_1_183' title='bbox 259 2723 319 2769; x_wconf 93' lang='lat' dir='ltr'><strong>tum</strong></span> <span class='ocrx_word' id='word_1_184' title='bbox 338 2731 403 2770; x_wconf 91' lang='lat' dir='ltr'><strong>cum</strong></span> <span class='ocrx_word' id='word_1_185' title='bbox 422 2715 480 2771; x_wconf 91' lang='lat' dir='ltr'><strong>alio</strong></span> <span class='ocrx_word' id='word_1_186' title='bbox 497 2714 644 2772; x_wconf 88' lang='lat' dir='ltr'><strong>adiectivo</strong></span> <span class='ocrx_word' id='word_1_187' title='bbox 658 2716 728 2785; x_wconf 90' lang='grc'><strong>234,</strong></span> <span class='ocrx_word' id='word_1_188' title='bbox 826 2717 903 2785; x_wconf 84' lang='grc'><strong>675;</strong></span> <span class='ocrx_word' id='word_1_189' title='bbox 925 2737 962 2774; x_wconf 86' lang='lat' dir='ltr'><strong>an</strong></span> <span class='ocrx_word' id='word_1_190' title='bbox 984 2721 1046 2792; x_wconf 81' lang='lat' dir='ltr'><strong>quis</strong></span> <span class='ocrx_word' id='word_1_191' title='bbox 1068 2719 1139 2774; x_wconf 81' lang='lat' dir='ltr'><strong>alius</strong></span> <span class='ocrx_word' id='word_1_192' title='bbox 1163 2718 1233 2775; x_wconf 90' lang='grc'><strong>316.</strong></span> 
     </span>
     <span class='ocr_line' id='line_1_27' title="bbox 259 2797 1293 2870; baseline 0.003 -15"><span class='ocrx_word' id='word_1_193' title='bbox 259 2797 312 2855; x_wconf 77' lang='lat' dir='ltr'><strong>cfr.</strong></span> <span class='ocrx_word' id='word_1_194' title='bbox 326 2798 382 2867; x_wconf 85' lang='grc'><strong>22;</strong></span> <span class='ocrx_word' id='word_1_195' title='bbox 406 2818 442 2854; x_wconf 85' lang='lat' dir='ltr'><strong>ex</strong></span> <span class='ocrx_word' id='word_1_196' title='bbox 466 2799 612 2856; x_wconf 86' lang='lat' dir='ltr'><strong>adiectivo</strong></span> <span class='ocrx_word' id='word_1_197' title='bbox 636 2801 728 2856; x_wconf 92' lang='lat' dir='ltr'><strong>nomi·</strong></span> <span class='ocrx_word' id='word_1_198' title='bbox 781 2801 1002 2870; x_wconf 78' lang='lat' dir='ltr'><strong>Auucoluthom</strong></span> <span class='ocrx_word' id='word_1_199' title='bbox 1015 2801 1073 2857; x_wconf 91' lang='lat' dir='ltr'><strong>vid.</strong></span> <span class='ocrx_word' id='word_1_200' title='bbox 1083 2801 1186 2860; x_wconf 84' lang='lat' dir='ltr'><strong>Oratio</strong></span> <span class='ocrx_word' id='word_1_201' title='bbox 1199 2801 1293 2858; x_wconf 90' lang='lat' dir='ltr'><strong>minus</strong></span> 
     </span>
     <span class='ocr_line' id='line_1_28' title="bbox 260 2883 1124 2961; baseline 0.005 -22"><span class='ocrx_word' id='word_1_202' title='bbox 260 2883 305 2939; x_wconf 91' lang='lat' dir='ltr'><strong>nis</strong></span> <span class='ocrx_word' id='word_1_203' title='bbox 329 2883 441 2958; x_wconf 90' lang='lat' dir='ltr'><strong>proprii</strong></span> <span class='ocrx_word' id='word_1_204' title='bbox 462 2884 646 2959; x_wconf 89' lang='lat' dir='ltr'><strong>intellegitur</strong></span> <span class='ocrx_word' id='word_1_205' title='bbox 662 2885 730 2941; x_wconf 88' lang='lat' dir='ltr'><strong>aub-</strong></span> <span class='ocrx_word' id='word_1_206' title='bbox 825 2885 980 2961; x_wconf 76' lang='lat' dir='ltr'><strong>diligenter</strong></span> <span class='ocrx_word' id='word_1_207' title='bbox 1003 2895 1124 2943; x_wconf 87' lang='lat' dir='ltr'><strong>structa.</strong></span> 
     </span>
     <span class='ocr_line' id='line_1_29' title="bbox 260 2968 1064 3046; baseline 0 -20"><span class='ocrx_word' id='word_1_208' title='bbox 260 2968 419 3026; x_wconf 86' lang='lat' dir='ltr'><strong>stantivum</strong></span> <span class='ocrx_word' id='word_1_209' title='bbox 445 2968 494 3039; x_wconf 85' lang='lat'><strong>38,</strong></span> <span class='ocrx_word' id='word_1_210' title='bbox 516 2969 586 3025; x_wconf 90' lang='grc'><strong>629.</strong></span> <span class='ocrx_word' id='word_1_211' title='bbox 621 2969 731 3026; x_wconf 87' lang='lat' dir='ltr'><strong>Adiec·</strong></span> <span class='ocrx_word' id='word_1_212' title='bbox 782 2971 968 3046; x_wconf 84' lang='lat' dir='ltr'><strong>Anepuestum</strong></span> <span class='ocrx_word' id='word_1_213' title='bbox 993 2972 1064 3029; x_wconf 91' lang='grc'><strong>170.</strong></span> 
     </span>
     <span class='ocr_line' id='line_1_30' title="bbox 260 3053 1138 3130; baseline 0 -21"><span class='ocrx_word' id='word_1_214' title='bbox 260 3053 321 3110; x_wconf 91' lang='lat' dir='ltr'><strong>tiva</strong></span> <span class='ocrx_word' id='word_1_215' title='bbox 343 3053 372 3109; x_wconf 94' lang='lat' dir='ltr'><strong>in</strong></span> <span class='ocrx_word' id='word_1_216' title='bbox 396 3073 480 3110; x_wconf 74' lang='lat' dir='ltr'><strong>anem</strong></span> <span class='ocrx_word' id='word_1_217' title='bbox 504 3054 580 3124; x_wconf 73' lang='lat'>5883</span> <span class='ocrx_word' id='word_1_218' title='bbox 609 3054 730 3111; x_wconf 91' lang='lat' dir='ltr'><strong>adiecti·</strong></span> <span class='ocrx_word' id='word_1_219' title='bbox 782 3055 946 3130; x_wconf 87' lang='lat' dir='ltr'><strong>Anaphora</strong></span> <span class='ocrx_word' id='word_1_220' title='bbox 971 3056 1043 3126; x_wconf 90' lang='grc'><strong>233,</strong></span> <span class='ocrx_word' id='word_1_221' title='bbox 1068 3055 1138 3111; x_wconf 89' lang='grc'><strong>673.</strong></span> 
     </span>
     <span class='ocr_line' id='line_1_31' title="bbox 259 3139 1293 3216; baseline 0.001 -22"><span class='ocrx_word' id='word_1_222' title='bbox 259 3157 326 3195; x_wconf 90' lang='lat' dir='ltr'><strong>vum</strong></span> <span class='ocrx_word' id='word_1_223' title='bbox 342 3158 360 3194; x_wconf 89' lang='lat' dir='ltr'><strong>a</strong></span> <span class='ocrx_word' id='word_1_224' title='bbox 372 3139 558 3196; x_wconf 87' lang='lat' dir='ltr'><strong>substantivo</strong></span> <span class='ocrx_word' id='word_1_225' title='bbox 571 3139 731 3197; x_wconf 86' lang='lat' dir='ltr'><strong>notabilius</strong></span> <span class='ocrx_word' id='word_1_226' title='bbox 781 3141 972 3216; x_wconf 86' lang='lat' dir='ltr'><strong>Anastrophe</strong></span> <span class='ocrx_word' id='word_1_227' title='bbox 985 3139 1213 3216; x_wconf 85' lang='lat' dir='ltr'><strong>praepositionis</strong></span> <span class='ocrx_word' id='word_1_228' title='bbox 1223 3139 1293 3198; x_wconf 90' lang='grc'><strong>542.</strong></span> 
     </span>
     <span class='ocr_line' id='line_1_32' title="bbox 259 3223 1169 3302; baseline 0.003 -22"><span class='ocrx_word' id='word_1_229' title='bbox 259 3223 421 3281; x_wconf 88' lang='lat' dir='ltr'><strong>diiunctum</strong></span> <span class='ocrx_word' id='word_1_230' title='bbox 447 3227 517 3283; x_wconf 89' lang='grc'><strong>767.</strong></span> <span class='ocrx_word' id='word_1_231' title='bbox 782 3228 893 3285; x_wconf 81' lang='lat' dir='ltr'><strong>Animal</strong></span> <span class='ocrx_word' id='word_1_232' title='bbox 913 3245 968 3302; x_wconf 90' lang='lat' dir='ltr'><strong>pro</strong></span> <span class='ocrx_word' id='word_1_233' title='bbox 991 3227 1074 3282; x_wconf 80' lang='lat' dir='ltr'><strong>bestia</strong></span> <span class='ocrx_word' id='word_1_234' title='bbox 1098 3225 1169 3283; x_wconf 87' lang='grc'><strong>534.</strong></span> 
     </span>
    </p>

    <p class='ocr_par' dir='ltr' id='par_1_12' title="bbox 216 3308 1294 3379">
     <span class='ocr_line' id='line_1_33' title="bbox 216 3308 1294 3379; baseline 0.003 -14"><span class='ocrx_word' id='word_1_235' title='bbox 216 3308 387 3367; x_wconf 72' lang='lat' dir='ltr'><strong>aminiculo</strong></span> <span class='ocrx_word' id='word_1_236' title='bbox 409 3319 439 3366; x_wconf 91' lang='lat' dir='ltr'><strong>et</strong></span> <span class='ocrx_word' id='word_1_237' title='bbox 457 3312 634 3369; x_wconf 82' lang='lat' dir='ltr'><strong>adminiculor</strong></span> <span class='ocrx_word' id='word_1_238' title='bbox 658 3312 727 3368; x_wconf 93' lang='grc'><strong>674.</strong></span> <span class='ocrx_word' id='word_1_239' title='bbox 781 3313 895 3368; x_wconf 79' lang='lat' dir='ltr'><strong>Animus</strong></span> <span class='ocrx_word' id='word_1_240' title='bbox 912 3314 1044 3368; x_wconf 83' lang='lat' dir='ltr'><strong>etcnlma</strong></span> <span class='ocrx_word' id='word_1_241' title='bbox 1062 3311 1138 3379; x_wconf 75' lang='lat'><strong>6723</strong></span> <span class='ocrx_word' id='word_1_242' title='bbox 1157 3313 1242 3367; x_wconf 80' lang='lat' dir='ltr'><strong>enimi</strong></span> <span class='ocrx_word' id='word_1_243' title='bbox 1251 3311 1294 3368; x_wconf 78' lang='lat' dir='ltr'><strong>be·</strong></span> 
     </span>
    </p>

    <p class='ocr_par' dir='ltr' id='par_1_13' title="bbox 216 3395 1319 3470">
     <span class='ocr_line' id='line_1_34' title="bbox 216 3395 1319 3470; baseline 0.001 -19"><span class='ocrx_word' id='word_1_244' title='bbox 216 3396 348 3452; x_wconf 80' lang='lat' dir='ltr'><strong>Admiror</strong></span> <span class='ocrx_word' id='word_1_245' title='bbox 368 3398 395 3451; x_wconf 84' lang='lat' dir='ltr'><strong>in</strong></span> <span class='ocrx_word' id='word_1_246' title='bbox 418 3398 509 3470; x_wconf 78' lang='lat' dir='ltr'><strong>ulique</strong></span> <span class='ocrx_word' id='word_1_247' title='bbox 534 3397 582 3455; x_wconf 89' lang='grc'><strong>12.</strong></span> <span class='ocrx_word' id='word_1_248' title='bbox 823 3401 938 3454; x_wconf 80' lang='lat' dir='ltr'><strong>alierum</strong></span> <span class='ocrx_word' id='word_1_249' title='bbox 949 3396 1019 3466; x_wconf 83' lang='lat' dir='ltr'><strong>ibd.;</strong></span> <span class='ocrx_word' id='word_1_250' title='bbox 1031 3398 1116 3453; x_wconf 80' lang='lat' dir='ltr'><strong>animi</strong></span> <span class='ocrx_word' id='word_1_251' title='bbox 1125 3415 1210 3453; x_wconf 82' lang='lat' dir='ltr'><strong>causa</strong></span> <span class='ocrx_word' id='word_1_252' title='bbox 1223 3395 1293 3453; x_wconf 89' lang='grc'><strong>240.</strong></span> <span class='ocrx_word' id='word_1_253' title='bbox 1318 3439 1319 3444; x_wconf 45' lang='grc'><strong>.</strong></span> 
     </span>
    </p>

    <p class='ocr_par' dir='ltr' id='par_1_14' title="bbox 216 3479 1291 3558">
     <span class='ocr_line' id='line_1_35' title="bbox 216 3479 1291 3558; baseline 0.002 -23"><span class='ocrx_word' id='word_1_254' title='bbox 216 3479 363 3536; x_wconf 79' lang='lat' dir='ltr'><strong>Admissus</strong></span> <span class='ocrx_word' id='word_1_255' title='bbox 387 3481 415 3537; x_wconf 93' lang='grc'><strong>8.</strong></span> <span class='ocrx_word' id='word_1_256' title='bbox 781 3482 908 3540; x_wconf 87' lang='lat' dir='ltr'><strong>Animus</strong></span> <span class='ocrx_word' id='word_1_257' title='bbox 939 3499 1099 3558; x_wconf 89' lang='lat' dir='ltr'><strong>corporeus</strong></span> <span class='ocrx_word' id='word_1_258' title='bbox 1127 3480 1291 3540; x_wconf 85' lang='lat' dir='ltr'><strong>Stoicorum</strong></span> 
     </span>
    </p>

    <p class='ocr_par' dir='ltr' id='par_1_15' title="bbox 216 3565 1063 3640">
     <span class='ocr_line' id='line_1_36' title="bbox 216 3565 1063 3640; baseline 0.002 -19"><span class='ocrx_word' id='word_1_259' title='bbox 216 3565 364 3640; x_wconf 82' lang='lat' dir='ltr'><strong>Adopti0;</strong></span> <span class='ocrx_word' id='word_1_260' title='bbox 376 3566 406 3622; x_wconf 91' lang='lat' dir='ltr'><strong>iu</strong></span> <span class='ocrx_word' id='word_1_261' title='bbox 418 3584 454 3621; x_wconf 91' lang='lat' dir='ltr'><strong>ea</strong></span> <span class='ocrx_word' id='word_1_262' title='bbox 466 3566 663 3640; x_wconf 81' lang='lat' dir='ltr'><strong>emancipatio</strong></span> <span class='ocrx_word' id='word_1_263' title='bbox 676 3566 726 3625; x_wconf 88' lang='grc'><strong>53.</strong></span> <span class='ocrx_word' id='word_1_264' title='bbox 824 3567 970 3624; x_wconf 88' lang='lat' dir='ltr'><strong>sententia</strong></span> <span class='ocrx_word' id='word_1_265' title='bbox 993 3566 1063 3623; x_wconf 86' lang='grc'><strong>535.</strong></span> 
     </span>
    </p>

    <p class='ocr_par' dir='ltr' id='par_1_16' title="bbox 216 3649 1293 4323">
     <span class='ocr_line' id='line_1_37' title="bbox 216 3649 1128 3728; baseline 0 -22"><span class='ocrx_word' id='word_1_266' title='bbox 216 3649 728 3726; x_wconf 87' lang='lat' dir='ltr'><strong>Adverbialocaliapropronomine</strong></span> <span class='ocrx_word' id='word_1_267' title='bbox 780 3653 887 3709; x_wconf 72' lang='lat' dir='ltr'><strong>Anum</strong></span> <span class='ocrx_word' id='word_1_268' title='bbox 910 3671 1033 3728; x_wconf 87' lang='lat' dir='ltr'><strong>maguus</strong></span> <span class='ocrx_word' id='word_1_269' title='bbox 1057 3651 1128 3709; x_wconf 87' lang='grc'><strong>314.</strong></span> 
     </span>
     <span class='ocr_line' id='line_1_38' title="bbox 258 3735 1293 3813; baseline 0 -22"><span class='ocrx_word' id='word_1_270' title='bbox 258 3743 288 3791; x_wconf 89' lang='lat' dir='ltr'><strong>et</strong></span> <span class='ocrx_word' id='word_1_271' title='bbox 299 3735 517 3810; x_wconf 85' lang='lat' dir='ltr'><strong>praepositione</strong></span> <span class='ocrx_word' id='word_1_272' title='bbox 531 3736 607 3805; x_wconf 84' lang='grc'><strong>525;</strong></span> <span class='ocrx_word' id='word_1_273' title='bbox 624 3736 727 3792; x_wconf 88' lang='lat' dir='ltr'><strong>adver·</strong></span> <span class='ocrx_word' id='word_1_274' title='bbox 781 3737 858 3803; x_wconf 70' lang='lat' dir='ltr'><strong>Ante.</strong></span> <span class='ocrx_word' id='word_1_275' title='bbox 878 3737 907 3794; x_wconf 93' lang='lat' dir='ltr'><strong>id</strong></span> <span class='ocrx_word' id='word_1_276' title='bbox 925 3748 979 3809; x_wconf 81' lang='lat' dir='ltr'><strong>est,</strong></span> <span class='ocrx_word' id='word_1_277' title='bbox 996 3756 1123 3813; x_wconf 86' lang='lat' dir='ltr'><strong>prorsum</strong></span> <span class='ocrx_word' id='word_1_278' title='bbox 1136 3738 1293 3810; x_wconf 78' lang='lat' dir='ltr'><strong>(uorwdrts)</strong></span> 
     </span>
     <span class='ocr_line' id='line_1_39' title="bbox 258 3819 895 3890; baseline 0.002 -14"><span class='ocrx_word' id='word_1_279' title='bbox 258 3819 373 3876; x_wconf 82' lang='lat' dir='ltr'><strong>bionum</strong></span> <span class='ocrx_word' id='word_1_280' title='bbox 405 3821 626 3878; x_wconf 88' lang='lat' dir='ltr'><strong>terminationes</strong></span> <span class='ocrx_word' id='word_1_281' title='bbox 651 3821 728 3890; x_wconf 86' lang='grc'><strong>754;</strong></span> <span class='ocrx_word' id='word_1_282' title='bbox 824 3823 895 3880; x_wconf 89' lang='grc'><strong>668.</strong></span> 
     </span>
     <span class='ocr_line' id='line_1_40' title="bbox 258 3904 1293 3981; baseline 0.002 -21"><span class='ocrx_word' id='word_1_283' title='bbox 258 3904 429 3962; x_wconf 85' lang='lat' dir='ltr'><strong>adverbium</strong></span> <span class='ocrx_word' id='word_1_284' title='bbox 453 3906 491 3961; x_wconf 87' lang='lat' dir='ltr'><strong>ab</strong></span> <span class='ocrx_word' id='word_1_285' title='bbox 514 3905 660 3963; x_wconf 90' lang='lat' dir='ltr'><strong>adiectivo</strong></span> <span class='ocrx_word' id='word_1_286' title='bbox 683 3925 728 3963; x_wconf 89' lang='lat' dir='ltr'><strong>se·</strong></span> <span class='ocrx_word' id='word_1_287' title='bbox 780 3907 948 3965; x_wconf 84' lang='lat' dir='ltr'><strong>Antiochus</strong></span> <span class='ocrx_word' id='word_1_288' title='bbox 978 3906 1167 3964; x_wconf 86' lang='lat' dir='ltr'><strong>Ascalonites</strong></span> <span class='ocrx_word' id='word_1_289' title='bbox 1200 3905 1293 3981; x_wconf 79' lang='lat' dir='ltr'><strong>prael.</strong></span> 
     </span>
     <span class='ocr_line' id='line_1_41' title="bbox 258 3990 1292 4066; baseline 0.004 -21"><span class='ocrx_word' id='word_1_290' title='bbox 258 3998 393 4064; x_wconf 89' lang='lat' dir='ltr'><strong>paratum</strong></span> <span class='ocrx_word' id='word_1_291' title='bbox 427 3990 617 4066; x_wconf 81' lang='lat' dir='ltr'><strong>singulariter</strong></span> <span class='ocrx_word' id='word_1_292' title='bbox 650 3992 727 4061; x_wconf 85' lang='grc'><strong>524;</strong></span> <span class='ocrx_word' id='word_1_293' title='bbox 823 3993 906 4058; x_wconf 78' lang='lat' dir='ltr'>LXI,</span> <span class='ocrx_word' id='word_1_294' title='bbox 930 4010 1034 4048; x_wconf 89' lang='lat' dir='ltr'><strong>comm.</strong></span> <span class='ocrx_word' id='word_1_295' title='bbox 1058 3992 1136 4061; x_wconf 88' lang='grc'><strong>485;</strong></span> <span class='ocrx_word' id='word_1_296' title='bbox 1160 4010 1224 4050; x_wconf 87' lang='lat' dir='ltr'><strong>exc.</strong></span> <span class='ocrx_word' id='word_1_297' title='bbox 1246 3991 1292 4049; x_wconf 89' lang='lat' dir='ltr'><strong>IV</strong></span> 
     </span>
     <span class='ocr_line' id='line_1_42' title="bbox 257 4074 1293 4135; baseline 0.002 -5"><span class='ocrx_word' id='word_1_298' title='bbox 257 4074 430 4132; x_wconf 86' lang='lat' dir='ltr'><strong>adverbium</strong></span> <span class='ocrx_word' id='word_1_299' title='bbox 445 4095 502 4132; x_wconf 91' lang='lat' dir='ltr'><strong>non</strong></span> <span class='ocrx_word' id='word_1_300' title='bbox 521 4076 556 4132; x_wconf 91' lang='lat' dir='ltr'><strong>de</strong></span> <span class='ocrx_word' id='word_1_301' title='bbox 575 4075 661 4133; x_wconf 92' lang='lat' dir='ltr'><strong>modo</strong></span> <span class='ocrx_word' id='word_1_302' title='bbox 679 4095 727 4133; x_wconf 87' lang='lat' dir='ltr'><strong>ac·</strong></span> <span class='ocrx_word' id='word_1_303' title='bbox 823 4077 922 4134; x_wconf 88' lang='lat' dir='ltr'><strong>multia</strong></span> <span class='ocrx_word' id='word_1_304' title='bbox 945 4077 1027 4134; x_wconf 88' lang='lat' dir='ltr'><strong>locis.</strong></span> <span class='ocrx_word' id='word_1_305' title='bbox 1072 4076 1144 4134; x_wconf 84' lang='lat' dir='ltr'><strong>Eius</strong></span> <span class='ocrx_word' id='word_1_306' title='bbox 1166 4076 1293 4135; x_wconf 85' lang='lat' dir='ltr'><strong>fortasse</strong></span> 
     </span>
     <span class='ocr_line' id='line_1_43' title="bbox 258 4159 1292 4236; baseline 0.001 -20"><span class='ocrx_word' id='word_1_307' title='bbox 258 4159 347 4217; x_wconf 90' lang='lat' dir='ltr'><strong>tionis</strong></span> <span class='ocrx_word' id='word_1_308' title='bbox 378 4162 455 4230; x_wconf 91' lang='grc'><strong>576;</strong></span> <span class='ocrx_word' id='word_1_309' title='bbox 496 4161 667 4218; x_wconf 86' lang='lat' dir='ltr'><strong>adverbium</strong></span> <span class='ocrx_word' id='word_1_310' title='bbox 698 4170 729 4218; x_wconf 90' lang='lat' dir='ltr'><strong>et</strong></span> <span class='ocrx_word' id='word_1_311' title='bbox 822 4162 966 4236; x_wconf 86' lang='lat' dir='ltr'><strong>quaedam</strong></span> <span class='ocrx_word' id='word_1_312' title='bbox 976 4162 1085 4222; x_wconf 88' lang='lat' dir='ltr'><strong>Stoicis</strong></span> <span class='ocrx_word' id='word_1_313' title='bbox 1097 4161 1292 4230; x_wconf 79' lang='lat' dir='ltr'><strong>tributa4993</strong></span> 
     </span>
     <span class='ocr_line' id='line_1_44' title="bbox 258 4245 1292 4323; baseline 0.001 -22"><span class='ocrx_word' id='word_1_314' title='bbox 258 4245 436 4302; x_wconf 89' lang='lat' dir='ltr'><strong>adiectivum</strong></span> <span class='ocrx_word' id='word_1_315' title='bbox 461 4247 629 4322; x_wconf 86' lang='lat' dir='ltr'><strong>copulatum</strong></span> <span class='ocrx_word' id='word_1_316' title='bbox 656 4246 727 4304; x_wconf 92' lang='grc'><strong>763.</strong></span> <span class='ocrx_word' id='word_1_317' title='bbox 822 4248 885 4304; x_wconf 91' lang='lat' dir='ltr'><strong>eius</strong></span> <span class='ocrx_word' id='word_1_318' title='bbox 896 4248 1060 4305; x_wconf 88' lang='lat' dir='ltr'><strong>sententiae</strong></span> <span class='ocrx_word' id='word_1_319' title='bbox 1073 4266 1126 4323; x_wconf 91' lang='lat' dir='ltr'><strong>pro</strong></span> <span class='ocrx_word' id='word_1_320' title='bbox 1139 4246 1292 4321; x_wconf 89' lang='lat' dir='ltr'><strong>Peripate·</strong></span> 
     </span>
    </p>

    <p class='ocr_par' dir='ltr' id='par_1_17' title="bbox 215 4331 1292 4494">
     <span class='ocr_line' id='line_1_45' title="bbox 215 4331 1292 4407; baseline 0.004 -21"><span class='ocrx_word' id='word_1_321' title='bbox 215 4331 377 4402; x_wconf 77' lang='lat' dir='ltr'><strong>Aemilius,</strong></span> <span class='ocrx_word' id='word_1_322' title='bbox 407 4332 448 4388; x_wconf 92' lang='lat' dir='ltr'><strong>M.</strong></span> <span class='ocrx_word' id='word_1_323' title='bbox 472 4331 618 4407; x_wconf 83' lang='lat' dir='ltr'><strong>Lepidus,</strong></span> <span class='ocrx_word' id='word_1_324' title='bbox 648 4339 728 4389; x_wconf 93' lang='lat' dir='ltr'><strong>tutor</strong></span> <span class='ocrx_word' id='word_1_325' title='bbox 822 4333 888 4391; x_wconf 91' lang='lat' dir='ltr'><strong>ticis</strong></span> <span class='ocrx_word' id='word_1_326' title='bbox 906 4333 977 4405; x_wconf 91' lang='grc'><strong>494,</strong></span> <span class='ocrx_word' id='word_1_327' title='bbox 997 4334 1068 4402; x_wconf 81' lang='grc'><strong>820,</strong></span> <span class='ocrx_word' id='word_1_328' title='bbox 1092 4342 1153 4390; x_wconf 92' lang='lat' dir='ltr'><strong>toto</strong></span> <span class='ocrx_word' id='word_1_329' title='bbox 1172 4332 1249 4388; x_wconf 94' lang='lat' dir='ltr'><strong>libro</strong></span> <span class='ocrx_word' id='word_1_330' title='bbox 1263 4333 1292 4390; x_wconf 90' lang='lat' dir='ltr'><strong>V</strong></span> 
     </span>
     <span class='ocr_line' id='line_1_46' title="bbox 257 4415 1290 4494; baseline 0.001 -22"><span class='ocrx_word' id='word_1_331' title='bbox 257 4415 389 4493; x_wconf 83' lang='lat' dir='ltr'><strong>Aegypti</strong></span> <span class='ocrx_word' id='word_1_332' title='bbox 413 4417 483 4474; x_wconf 91' lang='grc'><strong>716.</strong></span> <span class='ocrx_word' id='word_1_333' title='bbox 821 4438 850 4494; x_wconf 87' lang='lat' dir='ltr'><strong>p.</strong></span> <span class='ocrx_word' id='word_1_334' title='bbox 860 4419 929 4489; x_wconf 79' lang='lat'><strong>6273</strong></span> <span class='ocrx_word' id='word_1_335' title='bbox 942 4418 1031 4476; x_wconf 89' lang='lat' dir='ltr'><strong>etiam</strong></span> <span class='ocrx_word' id='word_1_336' title='bbox 1044 4417 1290 4493; x_wconf 87' lang='lat' dir='ltr'><strong>apudStobaenm</strong></span> 
     </span>
    </p>
   </div>
   <div class='ocr_carea' id='block_1_3' title="bbox 0 0 1520 5086">
    <p class='ocr_par' dir='ltr' id='par_1_18' title="bbox 0 0 1520 5086">
     <span class='ocr_line' id='line_1_47' title="bbox 0 0 1520 5086; baseline 0 0"><span class='ocrx_word' id='word_1_337' title='bbox 0 0 1520 5086; x_wconf 95' lang='lat' dir='ltr'><strong> </strong></span> 
     </span>
    </p>
   </div>
  </div>
 </body>
</html>
