3030 5086
322 450 385 513 une
714 468 757 511 nn
782 467 912 513 sinnius
936 467 1007 512 nos.

323 634 448 700 crevit
475 635 671 714 tantisper
699 654 739 699 se
766 635 890 698 urinus
918 633 1089 698 iniuriae
1122 652 1189 698 suo
1223 643 1320 698 nato
1351 630 1417 696 fa·

323 755 410 800 cere
432 736 481 811 (ut
503 736 548 798 ait
569 736 665 816 ipse),
699 737 784 799 dum
813 734 885 800 liat
912 737 1043 813 miser,
1076 735 1217 800 iuimicus
1245 735 1318 817 ipse
1350 733 1417 798 sibi

324 838 483 917 putandus
499 845 555 900 est,
600 838 651 901 29.
675 838 737 902 Sed
754 838 807 901 alii
824 838 931 901 dolore
950 845 1120 916 moventur,
1143 836 1196 901 alii
1213 835 1416 918 cupiditate;

323 939 484 1002 iracundia
506 938 599 1003 etiam
622 939 709 1003 multi
732 940 904 1003 eliciuntur
926 945 970 1015 et,
1001 958 1069 1003 eum
1097 940 1128 1002 in
1157 939 1240 1003 mala
1268 939 1416 1003 scientes

286 1039 463 1117 birruunt,
491 1048 556 1103 tum
586 1059 619 1104 se
642 1041 758 1122 optime
780 1041 837 1104 sibi
861 1040 1022 1105 cerrsulere
1044 1041 1245 1105 arbitrantur.
1291 1041 1417 1121 ltaque

325 1142 431 1205 dieunt
453 1160 509 1205 nce
531 1142 688 1205 dubitant:

368 1243 460 1307 Mihi
484 1243 538 1307 sie
560 1257 617 1306 est
640 1263 746 1321 usus;
769 1244 841 1307 tibi
864 1252 905 1307 ut
926 1262 1021 1323 epus
1044 1252 1103 1307 est
1124 1243 1243 1322 facte,
1265 1241 1366 1307 face.

326 1344 387 1423 Qui
414 1345 473 1425 ipsi
497 1344 555 1408 sibi
579 1345 692 1409 bellurn
715 1345 914 1422 indixissent,
942 1345 1073 1408 cruciari
1096 1346 1177 1422 diae,
1207 1352 1317 1409 noctes
1342 1351 1417 1407 tor·-

325 1446 412 1525 queri
436 1446 557 1524 vellent,
581 1466 637 1510 nec
661 1466 734 1511 vero
758 1466 828 1511 sese
845 1447 905 1527 ipsi
922 1454 1108 1511 accusarent
1125 1446 1164 1511 ob
1181 1465 1249 1510 earn
1266 1463 1417 1522 causam,

399 1655 418 1698 1.
437 1657 526 1697 tantum
542 1667 587 1713 per
603 1669 628 1698 se
648 1650 724 1698 ruinas
735 1651 757 1698 Ε
784 1650 870 1698 raotell
886 1659 959 1714 paeto
970 1652 1012 1698 (lu.
1050 1655 1071 1697 Ξ,
1090 1650 1139 1713 apsi
1153 1647 1234 1697 adil}
1252 1649 1304 1710 iim
1325 1664 1379 1698 om.
1392 1646 1417 1698 C

326 1722 350 1768 3.
370 1724 469 1766 estem.
491 1718 511 1765 ll
549 1724 570 1768 5,
590 1726 660 1766 rorent
681 1719 722 1768 [Ο
758 1727 835 1767 tomen
853 1737 878 1765 se
899 1718 987 1767 lll'Cll
1021 1718 1068 1766 cibi
1083 1719 1172 1767 omli
1209 1721 1230 1769 7,
1248 1717 1312 1767 ar'C
1352 1733 1418 1765 me

326 1792 361 1832 eat
379 1785 528 1845 dchlttn·
571 1795 593 1834 et
610 1803 668 1850 opem
688 1787 709 1834 1⁴]
735 1791 785 1848 ¹tac
803 1787 858 1849 equi
874 1787 980 1849 Esace:
995 1789 1045 1847 sac
1063 1786 1151 1849 (erC)
1169 1785 1230 1835 velut
1248 1785 1297 1846 (vel
1316 1784 1351 1845 P)
1372 1785 1423 1848 qni

326 1852 460 1903 LPcuor.
498 1859 519 1902 Β,
538 1854 563 1901 sr'
575 1862 631 1918 (pro
644 1855 733 1917 subilli
751 1855 859 1918 sibiipsi
872 1857 893 1903 ll
911 1854 992 1902 bellam
1007 1854 1081 1903 edil„
1119 1860 1141 1903 9.
1160 1854 1275 1903 accusari
1284 1852 1378 1903 tollent
1394 1852 1418 1902 L

321 2026 442 2099 pertundi
462 2027 576 2099 alcredi),
602 2046 654 2083 nee
678 2029 811 2094 videbat,
841 2028 1045 2084 Menedemum
1075 2046 1132 2083 non
1163 2046 1201 2083 ex
1228 2045 1334 2084 eorum
1362 2045 1420 2102 ge·

327 2128 396 2166 nere
419 2129 492 2179 esse,
515 2113 564 2185 qui
589 2113 712 2169 exitium
735 2114 934 2187 quaererent.)

414 2196 463 2252 29.
487 2216 547 2253 cum
561 2231 596 2239 —
612 2202 727 2258 irrrtrcnt,
751 2198 820 2272 trata)
843 2208 898 2253 inm
915 2202 1012 2272 eperum,
1036 2216 1103 2253 cunr.
1139 2195 1189 2253 Sic
1211 2204 1291 2253 recte
1312 2194 1419 2254 Gaius

327 2280 414 2335 etiarn
433 2299 469 2336 ex
483 2282 561 2356 Spin.
576 2279 629 2361 [B]
644 2292 673 2338 et
685 2282 764 2340 Gnd.
780 2284 813 2349 23
837 2282 978 2339 edebatur
996 2281 1072 2337 enim
1091 2292 1187 2337 tumen.
1220 2282 1281 2338 Pro
1298 2284 1419 2338 irratam

327 2364 415 2420 etiam
439 2366 513 2441 Upp
542 2378 569 2423 et
594 2367 670 2425 Pall.
695 2371 854 2442 praeter4
883 2377 913 2423 et
935 2366 1078 2441 quaedam
1102 2366 1247 2423 editiones
1270 2384 1286 2422 e
1310 2366 1417 2441 prima

327 2461 418 2507 ricard.
454 2451 540 2523 Quod
564 2453 711 2526 sequitur:
734 2455 825 2510 dicant
843 2472 889 2509 nec
906 2454 1028 2508 (lucidant
1046 2451 1165 2522 (dicere,
1183 2451 1284 2517 idest,
1304 2451 1417 2508 dicunt

328 2553 384 2591 non
409 2535 588 2610 dubitantes)
618 2538 762 2594 inutiliter·
790 2537 966 2594 coniecturis
994 2544 1137 2593 tentatum
1161 2545 1213 2593 est.
1258 2536 1345 2594 Dicit
1368 2536 1418 2593 sic

327 2620 406 2693 apud
434 2621 605 2678 Terentium
636 2623 826 2679 Menedemus
856 2632 911 2678 act.
941 2623 954 2679 1
984 2640 1025 2679 se.
1059 2626 1071 2678 l
1103 2641 1131 2678 v.
1157 2621 1206 2677 28.
1257 2622 1313 2677 Eat
1343 2641 1418 2678 ensem

328 2704 416 2760 etiam
440 2703 481 2782 [B
504 2705 548 2783 et]
571 2708 687 2764 codices
711 2708 853 2764 Terentii.

419 2790 473 2857 Qui
483 2795 536 2865 ipsi
547 2794 600 2849 sila·
610 2794 704 2849 bellam
716 2795 883 2857 iradiciaseat,
895 2824 931 2834 -
942 2794 1047 2862 vellent)
1056 2791 1216 2864 Postquam
1225 2790 1296 2847 Piso
1308 2800 1417 2848 osten·

328 2874 380 2943 dit,
398 2884 457 2937 cosi
475 2877 524 2949 qui
539 2877 627 2952 vulgo
640 2878 750 2934 inimici
768 2878 824 2952 ipsi
839 2877 894 2933 sibi
908 2878 1081 2944 habeantur,
1099 2895 1157 2931 non
1175 2894 1240 2932 esse
1251 2875 1417 2943 eiusmodi,

328 2959 474 3035 significat
496 2962 690 3019 condicionali
714 2963 857 3031 oratione,
881 2962 984 3036 quales
1000 2961 1043 3018 illi
1060 2959 1153 3017 futuri
1173 2960 1289 3027 inerint,
1312 2961 1417 3034 siqui

328 3063 432 3120 reapse
455 3046 510 3103 sibi
533 3047 645 3104 inimici
665 3057 763 3103 essent
781 3048 896 3122 sibique
915 3047 1023 3104 bellurn
1041 3046 1226 3103 indixissent.
1261 3046 1286 3103 Ii
1304 3055 1417 3103 noctes

329 3129 449 3204 diesque
473 3133 602 3206 torqueri
626 3133 735 3189 vellent
759 3151 812 3188 nec
835 3151 881 3202 se,
909 3142 942 3188 ut
964 3131 1155 3188 Menedemus
1177 3129 1263 3197 facit,
1286 3148 1416 3189 aecusa-

328 3224 394 3271 reut
416 3226 470 3272 cet.
516 3217 703 3275 Sanaverunt
725 3219 802 3274 hunc
824 3219 919 3274 locum
945 3217 1006 3273 Erl.
1029 3227 1059 3272 et
1081 3216 1159 3292 Spin.
1182 3212 1251 3295 [B];
1279 3234 1350 3273 narn
1374 3216 1415 3273 de

328 3300 434 3356 ceteris
452 3302 537 3358 bonis
555 3314 678 3359 tacetur.
713 3303 883 3360 Deteriores
906 3303 1032 3367 codices,
1055 3301 1156 3358 addita
1172 3318 1244 3357 voce
1262 3302 1314 3372 (-
1327 3304 1416 3375 foce:

328 3387 398 3441 velud
410 3391 458 3459 qai
467 3389 521 3460 ipsi
532 3391 608 3463 eet),
625 3390 800 3444 sententiam
813 3406 933 3463 prorsus
946 3406 1062 3462 pessum
1076 3386 1228 3457 dederunt.
1251 3385 1318 3443 Nisi
1330 3385 1416 3444 forte

329 3469 402 3525 haee
424 3473 569 3529 sententia
592 3485 636 3530 est
658 3492 693 3529 ac
716 3492 773 3529 non
797 3473 893 3529 inanis
911 3473 1067 3528 verboram
1086 3471 1239 3546 strepitus:
1264 3471 1325 3538 „Hi
1351 3490 1414 3529 non

329 3573 398 3611 vere
422 3556 477 3630 ipsi
501 3558 557 3613 sibi
580 3559 691 3614 inimici
714 3568 796 3626 sunt3
828 3557 968 3631 itaque(l)
991 3557 1033 3613 sie
1056 3556 1229 3630 loquuntur,
1252 3556 1335 3613 velut
1358 3557 1416 3632 qui

329 3640 386 3714 ipsi
409 3641 464 3697 sibi
489 3642 596 3698 bellum
621 3644 815 3700 indixissent“
835 3644 876 3715 (id
900 3653 953 3711 est,
978 3642 1058 3698 velut
1077 3641 1127 3715 qui
1148 3641 1204 3716 ipsi
1221 3641 1277 3698 sibi
1294 3641 1415 3701 inimici

329 3737 441 3793 essent3
465 3727 535 3784 Piso
552 3728 633 3795 dicit,
657 3748 708 3785 eos
725 3729 766 3784 sie
784 3728 874 3803 loqui,
893 3739 926 3784 ut
942 3737 1094 3802 appareat,
1113 3745 1163 3783 eos
1180 3726 1236 3783 sibi
1254 3726 1415 3785 consulere

330 3810 418 3884 velle)
443 3825 491 3878 „et
514 3813 594 3869 velut
623 3814 672 3887 qui
700 3833 731 3869 se
755 3833 811 3869 non
835 3820 1027 3870 accusarent“
1052 3815 1131 3882 (nam
1155 3812 1351 3869 haecomnia
1372 3812 1414 3869 ad

329 3898 398 3952 ceint
420 3896 524 3954 referri
548 3917 666 3955 neeesse
685 3911 742 3965 est;
765 3900 847 3972 atqui
865 3899 921 3956 hoe
937 3899 1002 3973 ipso
1016 3897 1220 3954 Menedemum
1239 3898 1322 3973 argui
1336 3898 1414 3956 Piso

330 4066 423 4124 Gaius
446 4069 545 4126 nescio
563 4071 632 4143 quid
650 4070 779 4127 offensus
797 4080 851 4138 est,
875 4070 926 4126 sed
950 4087 1003 4125 nec
1021 4069 1125 4124 vitium
1144 4067 1217 4124 vidit
1236 4085 1414 4125 neccaram

329 4152 504 4226 scripturam
528 4173 558 4210 se
581 4155 611 4210 in
635 4157 695 4211 stria
718 4156 868 4212 codicibus
891 4155 999 4210 habere
1024 4153 1179 4210 intellexit.
1214 4152 1345 4224 (Guda
1370 4156 1417 4211 vel

329 4257 399 4310 <pace
421 4244 487 4312 ipsi}
517 4240 584 4295 Bas·
608 4260 664 4295 om.
688 4245 736 4313 qni
742 4260 748 4308 ;
777 4242 894 4299 Marsus
919 4242 987 4296 velut
1009 4246 1088 4296 etiam
1111 4242 1179 4312 qni.)
1223 4238 1318 4295 Paulo
1343 4251 1415 4313 post

329 4342 386 4378 sese
403 4325 483 4394 (ante
501 4328 581 4398 creola)
599 4336 627 4380 et
649 4326 729 4381 rebus
751 4329 808 4381 ertia
831 4333 860 4380 el
883 4327 947 4381 leuen
963 4335 1003 4381 est
1019 4343 1056 4380 ex
1075 4324 1119 4380 ed.
1138 4324 1233 4398 prima
1251 4323 1288 4379 ad
1308 4324 1416 4399 plures

329 4407 403 4464 alias
431 4419 594 4488 propagata
617 4421 715 4473 erant;
744 4409 801 4465 duo
829 4420 978 4485 postrema
1005 4408 1134 4467 correxit
1157 4407 1251 4467 Gaius
1279 4426 1295 4465 e
1323 4410 1416 4469 codd.
