3030 5086
214 491 304 557 LXX
516 484 690 554 auhsum
712 510 757 556 aa
780 509 1001 557 conmoratus.

222 692 390 729 oontmutrsm
409 675 582 729 accusationis
603 678 821 741 significationem
840 681 958 728 criminis
982 682 1084 743 proprie
1106 679 1203 730 obiecti
1222 680 1312 741 signi·

224 763 310 813 iiootio
329 763 402 825 {quod
420 766 556 824 arquereot
574 766 632 814 cett
648 765 785 813 notissimo
800 763 903 812 dicandi
917 775 1012 825 gonsre
1026 764 1185 827 adiungitur,
1204 764 1237 814 de
1255 774 1312 826 quo

225 852 283 910 post
301 847 366 896 aiios
386 848 492 910 exposui
510 849 536 896 in
557 846 671 897 Gramm.
690 848 745 898 Lat.
765 845 864 908 eoois
883 854 934 896 not.
950 846 974 906 2,
994 852 1102 899 monstri
1122 849 1222 911 aliquid
1242 846 1311 897 sob-

226 945 284 981 esse
306 937 379 994 putat
401 936 426 980 et
449 930 528 981 scribi
553 930 636 981 iubet:
661 945 717 980 cum
739 944 796 979 eom
815 932 976 979 Macedonum
998 931 1074 993 leuati
1095 932 1167 995 opud
1188 936 1311 981 senatun

223 1014 346 1077 pecunias
360 1020 506 1077 praetorem
523 1015 614 1076 ccpr’rse
631 1020 773 1076 scaterent,
791 1029 893 1064 coucam
911 1026 974 1073 cst..
994 1017 1117 1066 violentia
1136 1014 1309 1066 intolerabili.

226 1099 331 1150 [totondi
351 1099 465 1149 remedio
483 1112 561 1161 quam
580 1099 656 1149 iactis
674 1100 787 1149 coaetus
807 1101 876 1149 Batti
896 1102 1013 1162 exempto
1031 1106 1131 1159 utatur,
1149 1100 1212 1152 noio
1230 1112 1309 1150 cont·

226 1196 378 1233 memorare.
415 1184 450 1233 Nc
469 1183 514 1232 iilo
533 1183 639 1246 quidem
657 1183 726 1241 loco,
750 1188 793 1245 qui
816 1188 898 1247 possit
915 1184 1011 1247 aliquid
1032 1187 1191 1249 suspicionis
1206 1185 1309 1235 habere

226 1270 319 1326 rideri,
343 1268 370 1327 V,
389 1268 421 1319 87
441 1273 486 1317 aut
508 1266 601 1317 abessa
620 1273 731 1331 possunt
748 1276 792 1317 aut
811 1266 865 1318 alio
884 1270 960 1318 mocio
984 1283 998 1318 a
1017 1269 1121 1320 librario
1139 1270 1227 1320 addita
1247 1281 1308 1319 esso

224 1352 385 1414 (praesertim
404 1352 452 1401 hac
471 1351 566 1401 torma:
590 1358 613 1400 et
634 1364 707 1414 coepe
725 1345 883 1424 ἀθαμβίαν)
901 1352 1027 1403 vocabula
1047 1356 1143 1405 Graeca
1162 1354 1308 1405 Democriti

224 1439 338 1499 propria,
362 1449 521 1499 prorsusque
539 1438 710 1486 Ciceroniauo
734 1440 760 1486 in
779 1438 820 1487 his
840 1437 913 1487 libris
932 1450 1003 1488 more
1027 1442 1052 1488 in
1073 1452 1155 1488 unum
1174 1438 1309 1489 conflatur

225 1524 370 1571 sententiae
388 1528 413 1571 et
432 1521 544 1570 Graecae
562 1520 743 1583 appellationis
762 1522 930 1583 significatio,
954 1525 1028 1584 quasi
1047 1523 1157 1572 dicatur:
1181 1523 1207 1572 iri
1232 1525 1307 1573 enim

226 1606 269 1653 iiie
288 1618 423 1654 summum
443 1606 540 1654 bonum
556 1608 629 1667 ponit
643 1609 719 1667 atqua
737 1599 875 1677 crinisatas
893 1612 917 1655 st
935 1619 1013 1669 saepe
1030 1600 1176 1678 άθαμβὶαν
1190 1606 1309 1670 appellat

226 1690 285 1745 (rici.
306 1703 329 1751 p.
343 1688 418 1749 3ilt5
442 1701 489 1738 nec
513 1691 538 1737 in
558 1690 599 1737 iris
620 1689 692 1737 tibris
712 1690 792 1740 uitam
811 1691 889 1741 hahet
905 1692 1077 1741 offensionem
1100 1694 1204 1742 rarioris
1223 1703 1307 1741 roca·

227 1774 280 1822 boii
300 1774 390 1823 Graeci
409 1776 561 1836 interposito
579 1773 658 1821 idest
677 1777 852 1836 interpretatio
871 1775 947 1838 paulo
965 1777 1043 1826 otiam
1060 1775 1195 1826 minusad
1211 1787 1308 1825 rerum

227 1860 322 1907 limata.
360 1859 491 1909 Librarius
514 1853 661 1929 ἀθαμβίαι·
683 1859 757 1907 aiiter
780 1858 951 1913 (substantivo
973 1859 1130 1918 abstractae,
1153 1873 1234 1923 qaam
1259 1872 1309 1922 ap·

226 1942 335 2005 poliant,
363 1942 572 2005 significationis}
600 1946 782 2005 interpretatus
810 1950 885 1994 essct.
931 1945 1006 1994 iitror
1033 1950 1119 1994 autam
1146 1946 1308 1995 ciceronem

229 2028 326 2085 „doctis
344 2028 522 2090 philosophis“
543 2028 606 2077 hacc
625 2040 752 2090 exponere
770 2028 833 2085 dioi;
859 2031 962 2091 scripsit
981 2042 1032 2078 non
1051 2032 1227 2093 peritissimus
1248 2031 1308 2091 ipss
1354 2038 1359 2045 ·

226 2116 339 2161 tiraeoas
358 2112 537 2175 philosophias
556 2114 596 2170 iis,
616 2115 659 2174 qui
678 2115 769 2174 primis
788 2116 844 2162 eius
863 2113 1000 2163 elementis
1019 2114 1102 2163 imbui
1120 2112 1228 2164 rslieat.
