3030 5086
463 478 469 489 ἱ
512 415 556 461 nn
578 413 659 461 usn.
683 414 746 459 urs.
769 414 780 458 1
802 414 874 461 cnu-
896 415 919 461 r.
937 413 1002 479 (ss.)
1255 397 1295 461 51

214 596 255 647 ut
275 583 412 664 aliquam
440 601 478 648 ex
499 600 538 648 eo
561 582 736 663 perciperet
758 599 891 662 corpore
913 581 1120 683 uoluptatem,
1147 587 1202 644 snt
1228 599 1298 646 cum

217 684 342 750 latinis
369 684 462 749 tertio
488 683 652 749 consulatu
678 682 854 748 condixisse
887 684 975 764 opud
999 683 1140 747 Veserim
1168 691 1299 764 propter

218 787 424 869 voluptatem
469 786 561 865 Quod
581 802 657 850 vero
679 784 780 849 securi
808 784 964 865 percussit
985 783 1096 863 filium,
1124 786 1300 866 privavisse

294 977 315 1021 l.
334 972 440 1037 eorpon's
457 971 598 1035 voluptutem
617 972 645 1020 M
680 970 822 1037 uoluptatem
840 988 937 1035 corpore
951 972 995 1021 (lr.
1033 978 1056 1020 2.
1074 973 1209 1035 confiterere
1224 970 1300 1021 Vesu-

219 1040 323 1090 or'urrsc
361 1046 384 1092 8.
401 1041 545 1105 pernossent
563 1051 663 1097 omnea'
677 1040 720 1090 Or.
753 1041 905 1104 privasseE

1189 1098 1219 1125 f
1231 1108 1238 1129 ¹.

221 1216 285 1272 dits
307 1216 348 1271 rei
371 1227 472 1291 gestae
495 1223 566 1269 noto
588 1223 673 1270 extre
695 1213 826 1287 reliques
854 1213 996 1269 orationis
1019 1123 1188 1283 obs
1258 1224 1297 1273 tn.

221 1302 328 1375 Itaque
351 1299 556 1372 requirebatur
579 1298 756 1355 indicativus
779 1316 837 1355 non
860 1299 956 1354 minus
979 1298 1026 1354 hic
1050 1318 1137 1372 quam
1160 1341 1190 1356 .-
1271 1280 1297 1361 1,

221 1387 279 1455 lv,
299 1385 354 1442 49:
378 1385 441 1457 Eoo
463 1403 495 1440 ne
522 1385 688 1457 Ibrquotum
709 1386 816 1457 quodem
838 1386 922 1453 illum,
945 1387 994 1457 qui
1015 1386 1064 1440 Itoo
1085 1403 1225 1457 coquomen
1247 1388 1298 1439 iu·

221 1475 328 1528 sente.
361 1473 461 1526 iratum
494 1472 616 1524 existimo
646 1468 727 1526 Gallo
760 1479 880 1542 torquem
912 1470 1071 1525 uermes.
1122 1473 1223 1542 Atque
1251 1468 1301 1524 hio

220 1573 383 1613 concursus
406 1553 605 1611 memorabilis
627 1554 707 1610 illius
729 1554 785 1610 loci
810 1564 839 1611 et
861 1554 970 1610 codicis
993 1553 1053 1610 Erl.
1077 1551 1155 1633 [cum
1181 1554 1219 1615 B,
1248 1553 1299 1610 ed·

221 1651 360 1697 versante
383 1649 479 1696 tamen
504 1634 559 1717 A‚]
586 1638 616 1696 id
644 1639 731 1696 etiam
761 1638 878 1697 efficere
907 1639 1008 1705 debet,
1037 1649 1069 1696 ut
1096 1640 1125 1695 in
1154 1639 1301 1695 similibus

220 1725 297 1782 Iocis
325 1723 437 1798 aliquid
459 1724 567 1780 rationi
590 1724 751 1792 tribuatur,
780 1724 859 1797 quod
883 1725 1111 1800 Wesenbergius
1132 1724 1201 1780 iure
1229 1723 1300 1780 fecit

221 1811 254 1868 in
278 1819 494 1886 programmate
517 1809 553 1866 de
576 1818 650 1866 orat.
673 1808 815 1867 Caeliana
837 1829 865 1884 p.
891 1810 942 1874 15,
975 1810 1010 1865 de
1036 1810 1118 1866 Brut.
1143 1811 1181 1865 57
1206 1819 1236 1864 et
1259 1808 1298 1865 79

221 1895 383 1955 Schuetsio
405 1895 584 1962 assentiens;
606 1895 637 1951 iu
660 1904 733 1951 orat
757 1894 793 1950 ds
812 1895 881 1969 imp.
902 1896 1007 1968 Pomp.
1022 1896 1050 1963 5,
1074 1894 1124 1951 ubi
1147 1894 1211 1969 ipsa
1234 1912 1300 1969 per·

220 1999 315 2037 sonae
337 1979 513 2053 significatio
536 1980 703 2036 continetur
725 1980 871 2036 sententia
892 1979 1031 2046 relative,
1054 1979 1149 2036 emico
1171 1997 1231 2035 non
1254 1996 1301 2035 as·

220 2067 343 2123 sentior.
388 2064 559 2123 Cavendum
583 2073 696 2130 eutem,
727 2083 763 2120 ne
786 2064 854 2138 quis
874 2083 925 2121 sos
948 2064 1036 2120 etism
1060 2065 1141 2121 locos
1162 2062 1299 2139 ettin'gat,

220 2152 252 2207 in
282 2150 389 2224 quibus
417 2149 491 2206 latet
516 2149 618 2222 eliqua
650 2159 701 2206 ant
728 2167 834 2206 causus
863 2159 915 2205 aut
943 2149 1083 2206 contrarii
1112 2149 1300 2224 significatio,

220 2236 305 2292 velut
327 2253 381 2310 pro
404 2234 500 2291 Flacc.
521 2235 560 2290 33
578 2234 640 2307 (ubi
658 2234 728 2292 hoc:
751 2238 800 2308 qui
820 2236 857 2291 L.
878 2235 979 2291 Flocco
995 2237 1151 2291 successerit
1173 2243 1231 2290 est:
1253 2237 1303 2308 qui

222 2332 312 2377 utinen
333 2321 423 2376 eodem
444 2321 500 2376 loco
515 2321 614 2391 J'uerit)
637 2329 666 2375 et
688 2320 725 2376 ad
751 2323 815 2376 Att.
839 2321 919 2389 xit,
944 2320 999 2392 21,
1027 2323 1039 2375 1
1066 2320 1222 2392 (Caesaris,
1253 2320 1303 2393 qui

223 2416 281 2462 tam
298 2409 437 2480 praetorio
459 2407 514 2461 loco
535 2406 655 2477 darent).
747 2472 751 2483 ι

310 2509 420 2564 corpore
440 2488 615 2565 oolreptotem)
644 2491 809 2567 Voluptatem
831 2509 941 2564 corpore
960 2489 1054 2547 Gzius
1076 2489 1203 2546 etribus
1224 2489 1300 2557 suis;

222 2584 347 2648 quartus
369 2575 496 2630 habebat
520 2577 678 2649 ooltcptotem
700 2578 829 2648 corporis.
864 2574 978 2631 Vitiose
1001 2574 1174 2631 dissolvitur
1196 2574 1301 2630 verbo·

221 2678 289 2716 rum
319 2677 475 2734 compages
503 2659 634 2716 ablativo
662 2660 692 2715 in
720 2659 856 2716 ultimum
884 2659 979 2716 locum
1008 2660 1133 2729 reiecto,
1165 2670 1195 2715 et
1222 2660 1301 2733 quod

222 2755 381 2802 soeusatur
402 2743 504 2801 eodem
528 2762 587 2801 vox
610 2744 655 2800 bis
678 2744 708 2800 in
731 2744 788 2800 fine
811 2745 974 2800 sententiae
997 2745 1103 2819 posits,
1127 2762 1247 2819 prorsus
1270 2745 1301 2800 in

221 2829 355 2886 eiusdem
378 2829 505 2885 notionis
528 2830 704 2904 repetitione
726 2829 768 2885 sic
791 2829 861 2904 poni
884 2829 979 2889 debet.
1031 2830 1108 2889 Dav.
1134 2849 1149 2885 e
1172 2830 1257 2885 Perr.
1284 2832 1297 2885 l

221 2927 256 2970 st
284 2914 303 2971 3
331 2923 466 2970 annotat:
500 2932 610 2988 corpore
638 2918 788 2989 percuperet
815 2917 984 2989 voluptutem.
1037 2914 1157 2972 Scilicet
1186 2914 1301 2971 scribes

222 3000 441 3056 coniunxerunt
466 3018 499 3054 er
520 3018 550 3055 eo
571 3018 689 3073 corpore.
736 3000 861 3055 Delsodi
885 2999 1020 3055 vocabuli
1044 2999 1126 3055 nulla
1147 3009 1192 3054 est
1214 2999 1301 3063 rstio,

222 3103 290 3142 cum
315 3084 370 3140 hoc
392 3084 487 3158 ipsum
502 3084 607 3142 Cicero
629 3097 752 3158 premat,
776 3084 992 3159 corporis-esse
1009 3084 1090 3140 illam
1109 3084 1300 3159 voluptatem.

222 3169 287 3229 cfr.
311 3169 348 3226 N.
371 3169 409 3226 D.
434 3170 459 3225 Ι.
488 3172 556 3227 lll.
850 3237 852 3245 γ

288 3257 386 3311 'tertio
413 3257 553 3310 consulatu
580 3257 730 3328 coufltrisss
757 3255 833 3328 oprtet
864 3252 991 3331 Veserim)
1019 3272 1046 3312 s.
1072 3254 1133 3310 340
1161 3273 1187 3309 s.
1211 3252 1244 3312 C.
1273 3272 1301 3309 n.

221 3357 292 3396 cum
315 3339 429 3414 college
450 3339 485 3396 P.
509 3339 616 3407 Decio,
648 3339 696 3412 qui
726 3339 755 3394 in
785 3358 819 3395 eo
842 3338 956 3413 proelio
984 3358 1015 3395 se
1039 3339 1171 3398 devovit.
1203 3337 1302 3407 „haud

222 3424 329 3500 procul
352 3423 501 3480 radicibus
518 3424 642 3480 Vesuvii
666 3424 783 3489 montis,
807 3443 865 3497 qua
882 3424 931 3480 via
953 3424 990 3494 sd
1009 3424 1143 3482 Veserim
1167 3422 1301 3480 ferebat“

170 3524 176 3536 ·
221 3508 524 3581 (Liv.vl11,s‚19).
557 3509 691 3566 Veserim
715 3509 837 3565 fluvium
856 3509 911 3579 (sic
928 3509 1061 3583 appellet
1072 3509 1177 3567 Victor
1194 3509 1229 3564 de
1247 3508 1302 3564 vir.

221 3593 316 3652 illust.
333 3594 371 3650 26
391 3604 420 3650 et
434 3594 486 3666 28)
510 3593 538 3650 in
562 3593 617 3650 hec
640 3593 808 3650 narratione
831 3613 932 3650 omnes
955 3595 1116 3663 nominant,
1140 3612 1214 3667 quos
1232 3611 1303 3649 enu-

222 3689 320 3735 merat
341 3679 465 3736 Beierus
488 3679 525 3735 sd
548 3677 609 3737 Cic.
633 3677 690 3737 Off.
716 3679 779 3736 III.
807 3679 881 3746 112,
909 3679 981 3735 olibi
1004 3697 1100 3737 nemo.
1153 3680 1302 3747 Vesuvium,

222 3763 323 3820 notius
345 3782 461 3831 nomen,
485 3763 670 3820 subiciebant
692 3764 750 3821 duo
768 3762 837 3820 Gzii
859 3764 943 3821 codd.
968 3774 998 3818 et
1020 3772 1135 3820 veteres
1158 3763 1301 3836 quaedem

222 3849 290 3906 edd.
326 3849 431 3922 Itaque
454 3849 483 3904 in
508 3868 565 3923 mg.
585 3848 665 3906 Crat,
691 3858 719 3905 et
742 3868 757 3904 e
782 3848 845 3905 cod.
859 3848 939 3906 vict.
964 3868 1065 3904 verum
1088 3858 1256 3906 annotatur.

309 3937 398 3990 securi
414 3932 563 4010 percussit)
586 3934 688 3989 eodem
712 3933 791 3990 bello
814 3942 882 3989 onte
905 3952 1047 4008 pugnam3
1071 3934 1136 3990 Liv.
1160 3932 1247 4000 V111,
1272 3934 1301 4002 7,

219 4018 303 4077 Gell.
327 4019 384 4087 lx,
411 4018 459 4087 18,
483 4019 521 4076 sl.
567 4022 669 4075 Ausus
686 4038 749 4075 sum
767 4018 815 4074 hic
832 4018 895 4073 sine
912 4018 997 4075 codd.
1017 4016 1096 4094 [cod.
1114 4016 1204 4092 Glog.
1223 4017 1302 4091 spud

221 4103 375 4160 Baitsrum
400 4103 483 4160 nulls
504 4104 665 4160 auctoritas
688 4101 747 4179 est]
764 4103 954 4159 indicativum
973 4103 1139 4165 restituere,
1163 4112 1196 4158 nt
1212 4102 1302 4176 paulo

218 4199 292 4244 ante
320 4206 385 4245 cum
414 4188 476 4246 Erl.
528 4189 587 4246 Res
615 4208 652 4245 ex
682 4188 807 4244 historia
833 4185 965 4262 sum'pta,
995 4189 1030 4244 de
1059 4206 1117 4261 que
1144 4187 1302 4255 iudicetur,

218 4273 289 4349 ipsa
312 4273 398 4348 plane
422 4274 555 4330 seiuncta
577 4284 621 4329 est
644 4273 681 4329 ab
705 4273 756 4330 illo
780 4275 898 4340 videtum
929 4290 963 4328 sc
985 4292 1022 4329 ne
1045 4273 1087 4329 sic
1110 4272 1227 4347 quidem
1252 4272 1302 4329 de·
1384 4274 1389 4283 '

217 4357 305 4415 feodi
327 4359 546 4417 coniunctivum
570 4359 728 4414 verborum
752 4358 824 4414 ordo
847 4358 931 4426 sinit,
960 4370 993 4414 ut
1019 4359 1098 4414 ultre
1120 4376 1208 4415 veros
1230 4358 1303 4414 tineo

1062 4472 1094 4519 ⁴*
