3030 5086
298 473 362 538 204
691 493 737 538 ne
760 494 890 541 suemus
913 495 986 541 sou.

298 659 359 725 inti
370 661 480 741 primis
491 680 512 725 a
524 669 635 724 natura
647 661 738 726 datis.
773 661 914 744 Callipho
932 665 972 727 ad
985 663 1129 728 virtutem
1141 663 1217 729 nihil
1233 662 1382 729 adiunxit

299 762 359 827 nisi
371 763 575 844 voluptatem
592 762 751 827 Diodorus
764 763 950 829 vacuitatem
962 765 1087 830 doloris
1115 764 1211 831 **His
1222 766 1378 844 omnibus,

369 973 391 1083 b
404 965 537 1084 Ιραίἰὲζήοη
552 963 640 1031 (L)Or.
684 971 706 1017 2.
725 966 849 1017 Dr'odonu
868 968 956 1018 om.L
992 968 1021 1017 iis
1041 969 1116 1018 Luta
1150 969 1270 1019 Lacenae
1287 978 1377 1020 noum

299 1050 349 1084 non
388 1047 445 1088 not
490 1051 508 1087 r.

300 1210 353 1267 IV.
381 1211 433 1278 14;
468 1209 666 1285 Speusippus,
697 1211 897 1280 Xenocrates,
926 1210 1106 1268 Aristoteles
1139 1230 1296 1286 numquam
1335 1210 1379 1268 sic

298 1294 390 1352 locuti
413 1304 495 1363 sunt3
519 1294 678 1370 explicatio
701 1305 808 1364 autem,
833 1295 863 1351 in
887 1314 945 1369 qua
967 1305 1036 1352 sunt
1053 1299 1146 1371 ptimo
1168 1307 1290 1368 naturae,
1314 1304 1379 1353 tota

299 1380 441 1438 Antiochi
464 1391 522 1449 est3
546 1381 604 1437 vid.
631 1381 754 1436 Excurs.
809 1415 815 1428 ·

389 1467 513 1540 Callipho
536 1499 575 1508 -
599 1465 752 1541 Diodorus)
777 1465 844 1522 vid.
873 1465 910 1522 ad
939 1468 1024 1535 519.
1070 1465 1109 1523 Hi
1137 1467 1254 1540 quidem
1283 1467 1380 1524 multo

299 1551 387 1608 etium
412 1551 504 1626 magis
526 1551 695 1626 discrepent
716 1550 839 1609 abillis.
863 1569 938 1624 quae
956 1561 1103 1626 posuerat,
1127 1551 1239 1627 primis,
1263 1551 1292 1608 in
1311 1551 1379 1626 qui·

300 1638 355 1693 bus
378 1637 514 1711 voluptas
537 1636 656 1694 omniuo
679 1655 737 1693 non
761 1647 832 1692 eret.
876 1639 906 1693 A
930 1638 1064 1694 Manutio
1087 1637 1125 1693 sd
1143 1637 1291 1695 Bremium
1316 1636 1382 1693 edi·

299 1732 360 1778 tum
385 1732 443 1779 est:
473 1723 612 1778 Diodorus
639 1725 692 1778 uisi
717 1725 874 1778 vacuitatem
903 1724 1016 1783 doloris,
1044 1732 1148 1779 contre
1175 1723 1260 1782 codd.
1283 1721 1380 1794 (Gzii,

300 1808 379 1865 Oxx.
392 1803 460 1882 ξχψ.
484 1807 546 1863 sine
565 1807 654 1862 dubio
672 1807 759 1862 etiam
778 1807 817 1870 E:
836 1805 922 1863 Grut.
942 1817 971 1863 et
989 1808 1063 1865 Dav.
1085 1826 1142 1864 uon
1159 1808 1380 1881 attenderunt);

300 1903 329 1948 et
352 1892 477 1948 debebat
500 1901 560 1948 tutu
584 1892 641 1948 dici
665 1894 731 1948 stibii
752 1896 811 1948 ruisi.

385 1979 439 2033 His
461 1979 591 2044 omuibus,
615 1996 682 2051 quos
704 1979 771 2043 diri,
795 1976 866 2047 cet.)
891 1978 973 2033 Haec
996 1978 1100 2042 verba,
1124 1985 1158 2033 ut
1178 1995 1256 2034 nunc
1278 1986 1383 2034 cetera

300 2073 376 2125 suut,
400 2062 639 2138 inexplicabilem
662 2063 773 2119 habent
789 2060 1001 2119 difficultatem.
1046 2062 1123 2119 Nam
1142 2063 1267 2138 primum
1286 2080 1382 2120 conse·

300 2158 409 2222 qrceutes
425 2147 467 2221 (id
485 2157 538 2214 est,
559 2149 748 2204 consentanei
766 2148 874 2204 eliisei
894 2147 1093 2221 praecedenti)
1107 2148 1149 2204 sic
1166 2147 1283 2219 dicitur,
1302 2157 1381 2204 tem·

300 2252 397 2307 quum,
417 2233 520 2307 positis
534 2233 636 2289 borum
651 2233 891 2307 philosophorum
906 2233 1008 2307 primis
1020 2242 1152 2297 naturae,
1170 2252 1247 2290 nunc
1259 2233 1382 2290 demum

300 2318 404 2376 Cicero
433 2319 587 2392 adiungat,
616 2319 652 2374 iis
681 2326 892 2392 consequentes
915 2337 978 2374 esse
1001 2318 1084 2376 fines.
1130 2318 1224 2392 Atqui
1252 2319 1310 2375 iaru
1340 2317 1383 2375 de

300 2405 407 2460 finibus
420 2403 503 2460 dixit.
539 2405 643 2476 Itaque
661 2403 733 2459 baec
750 2403 896 2459 sententia
912 2403 1079 2479 generalem
1098 2403 1213 2460 laudem
1231 2403 1382 2473 continet3

301 2491 343 2546 sic
365 2509 527 2563 consequeus
549 2490 683 2545 absolute
706 2489 813 2545 dicitur
836 2508 889 2564 pro
913 2507 961 2549 eo,
990 2489 1020 2546 iu
1044 2507 1102 2563 quo
1125 2488 1189 2564 ipso
1211 2489 1383 2547 constantia

293 2585 444 2650 appareat
466 2592 520 2630 nec
543 2574 701 2648 quidquam
725 2584 882 2649 repugnet.
911 2574 990 2648 quod
1013 2574 1170 2630 barbarum
1194 2584 1253 2643 est;
1281 2593 1382 2649 neque

302 2661 374 2716 satis
398 2660 532 2716 Bremius
555 2659 688 2716 attendit.
713 2659 765 2715 illa
786 2657 929 2714 adhibens
952 2659 1103 2734 exempla,
1133 2659 1163 2715 in
1186 2659 1294 2734 quibus
1316 2678 1383 2717 con·

301 2767 414 2821 sequeus
432 2755 476 2801 est
493 2749 625 2820 superseri
640 2747 811 2801 consentiens.
845 2744 883 2800 Et
899 2744 973 2801 haee
995 2745 1060 2800 laus
1082 2744 1119 2800 nd
1138 2763 1188 2801 eos
1205 2745 1303 2811 etiam,
1325 2745 1382 2820 qui

302 2842 474 2906 sequuntur,
498 2831 634 2906 pertinet,
658 2840 690 2887 ut
707 2830 779 2886 mire
802 2839 951 2903 tamquam
976 2829 1078 2885 hurum
1102 2830 1222 2905 propria
1240 2841 1379 2906 ponatur.

303 2918 360 2977 Sed
379 2917 498 2993 gravius
516 2916 602 2972 illud:
626 2915 727 2975 dativi,
751 2916 800 2989 qui
819 2915 1011 2971 subiciuntur.
1035 2917 1186 2991 Aristippo,
1207 2915 1305 2973 Stoicis
1321 2926 1380 2974 eet.

302 3004 468 3060 necessario
496 3021 548 3075 per
578 3002 791 3076 appositionem
816 3001 858 3056 sic
880 3000 1041 3057 adhaerent
1064 3001 1162 3057 verbis
1185 3002 1227 3057 lu's
1248 3002 1381 3071 omnibns,

301 3097 334 3145 ut
346 3087 514 3165 siugulatim
529 3087 708 3154 ostendatur,
728 3086 777 3160 qui
795 3086 854 3142 siut
871 3086 914 3141 illi
932 3103 1033 3142 omnes
1051 3095 1080 3141 et
1098 3086 1148 3160 qui
1166 3095 1382 3161 consequentes

301 3175 344 3231 illi
368 3174 440 3229 fines
458 3174 615 3240 bonoruni;
640 3184 670 3228 ut
689 3182 836 3245 tamquam
857 3171 965 3227 diversi
984 3170 1190 3248 adiunguntur,
1214 3171 1276 3229 fieri
1295 3172 1381 3229 nullo

301 3261 389 3317 modo
413 3267 509 3333 potest
526 3277 578 3332 per
596 3258 738 3314 sermonis
756 3267 900 3313 naturam.
935 3256 973 3313 Et
990 3266 1086 3313 tamen
1106 3248 1274 3332 repugnent
1286 3259 1381 3314 verba

301 3365 368 3420 quos
388 3346 461 3416 *dici
506 3344 661 3401 Postremo
689 3343 718 3399 in
748 3341 954 3417 Peripateticis
984 3354 1012 3397 et
1036 3342 1223 3399 Academicis
1251 3343 1380 3418 primurn

301 3430 406 3489 Cicero
429 3428 575 3504 principis
596 3438 719 3485 naturae
743 3427 915 3495 nominavit,
939 3427 1043 3483 deiude
1067 3428 1139 3483 fines
1162 3428 1311 3495 adiunxit,
1336 3438 1379 3498 ut,

302 3517 379 3590 quod
403 3525 466 3571 erat
488 3515 686 3588 propositum.
716 3512 873 3570 cohaerere
897 3532 934 3569 ee
955 3513 1131 3571 ostenderet..
1177 3512 1212 3570 In
1236 3513 1296 3583 his,
1327 3512 1380 3588 qni

206 3603 210 3611 '
301 3610 472 3675 sequuntur,
496 3591 577 3656 ncilla
600 3599 719 3655 omnino
742 3598 945 3673 significantur
967 3598 1071 3672 prima,
1095 3599 1145 3654 sed
1169 3607 1281 3655 tautum
1304 3598 1381 3657 fines

301 3698 463 3762 ponuntur.
493 3696 526 3741 ut
554 3703 590 3740 ne
612 3684 716 3740 umbra
739 3683 855 3756 quidem
885 3684 948 3739 eius
975 3684 1198 3739 convenientiae
1226 3693 1380 3759 appareat,

301 3792 388 3847 quam
413 3770 517 3828 Cicero
540 3770 694 3826 ostendere
718 3769 843 3824 volebat.
890 3770 1001 3825 Horum
1026 3769 1154 3825 omnium
1178 3770 1380 3827 incommodo·

301 3877 365 3914 rum
389 3875 447 3912 uua
470 3866 513 3911 est
531 3856 649 3915 levatio,
673 3866 705 3910 ut
722 3863 894 3922 statuamus,
918 3865 986 3909 ante
1004 3855 1094 3910 verba
1112 3856 1153 3909 bis
1170 3855 1288 3910 ornatibus
1304 3873 1379 3912 non·

301 3942 383 3998 nulla
406 3942 560 3999 excidisse.
584 3941 690 4014 quibus
714 3940 817 3998 Cicero
841 3940 928 3995 simili
952 3937 1048 3994 forma
1069 3950 1157 4013 atque
1181 3958 1270 4015 supra
1287 3941 1381 4012 (Pole-

302 4031 373 4083 moni
390 4038 413 4083 ct
431 4029 616 4082 Aristotelian
631 4030 721 4100 puisun
742 4029 798 4080 risa
815 4035 876 4081 satit
894 4029 963 4096 cet.)
980 4025 1098 4084 dixerit,
1121 4044 1197 4098 quae
1214 4025 1264 4081 alii
1282 4026 1382 4100 prima

301 4113 483 4187 posuissent:
507 4124 567 4168 tum
592 4112 753 4167 rectissime
772 4110 1027 4183 (quemadmodmu
1047 4120 1128 4166 ante:
1152 4112 1230 4183 Erpo
1252 4120 1382 4168 recteest

301 4200 368 4271 cet.)
387 4198 586 4253 subiciebatur
603 4197 638 4252 de
656 4197 776 4252 tinibus:
801 4197 842 4252 lu'u
864 4197 992 4254 curtulum,
1017 4216 1083 4269 poros
1100 4198 1168 4263 clari,
1191 4206 1382 4270 consequentes

302 4283 503 4355 (consentanei
527 4283 576 4339 iis.
607 4301 681 4355 quae
710 4282 807 4356 posita
835 4293 901 4336 sunt
931 4281 1036 4354 primu)
1060 4292 1122 4336 sum
1142 4283 1214 4353 fines
1242 4282 1380 4338 honorum.

303 4369 339 4424 Et
363 4368 488 4424 sortasse
512 4369 598 4424 etium
623 4367 804 4426 (brnendem
830 4379 856 4421 et
882 4368 1093 4441 Hieronymum
1118 4367 1296 4436 nominaret,
1326 4366 1382 4424 sed

301 4453 348 4509 hic
371 4453 500 4529 exempli
524 4472 611 4510 causa
629 4454 708 4509 solos
728 4452 912 4527 Aristippum
937 4464 965 4507 et
990 4453 1105 4509 Stoicos
1122 4453 1213 4527 pouit.
1247 4452 1380 4509 Tantum
