3030 5086
497 500 541 546 ar
566 499 645 547 uae.
668 500 731 546 ure.
753 501 789 545 111
812 500 1022 561 claraus.)
1233 482 1298 575 443

222 669 312 735 reddi
339 668 452 750 possit3
486 685 562 750 ergo
595 674 630 731 ut
657 667 752 733 etiam
778 667 981 749 probabiliter
1008 668 1071 732 acti
1097 666 1179 732 ratio
1207 667 1297 733 reddi

222 770 335 852 possit3
369 775 550 835 astantem
577 767 726 848 officium,
756 770 840 850 quod
866 769 912 833 ita
938 767 1053 833 iactum
1081 776 1143 847 est,
1172 776 1208 833 ut
1230 769 1298 834 eius

171 912 176 920 ·
222 871 295 937 iacti
315 870 488 952 probabilis
511 871 591 935 ratio
615 870 704 935 reddi
727 870 842 952 possit;
867 888 904 935 en
927 889 989 952 quo
1008 870 1206 950 intellegitur,
1229 869 1297 935 ofli-

222 972 302 1037 cium
324 972 460 1037 medium
482 972 632 1054 quiddam
655 990 740 1050 esse,
767 973 851 1052 quud
874 991 975 1054 neque
996 972 1027 1036 in
1049 972 1139 1036 bunia
1161 978 1298 1054 ponatur

293 1196 314 1242 1.
332 1207 386 1256 erqo
407 1219 434 1228 -
455 1191 518 1241 ratio
536 1191 607 1241 reddi
619 1191 697 1257 poerit
711 1193 745 1251 (v.
757 1195 783 1254 2)
801 1206 850 1241 om.
870 1192 921 1242 MC
957 1199 980 1243 ⁴.
1000 1190 1120 1255 quoddam
1137 1206 1232 1250 omnes,
1253 1191 1296 1243 Or.

224 1380 443 1457 distinguuntur
464 1398 511 1437 res
529 1381 641 1438 mediae
658 1381 689 1437 in
706 1397 829 1455 corpore
847 1389 876 1437 et
895 1390 980 1437 extra
997 1381 1071 1437 sitae
1089 1382 1133 1454 (ut
1149 1380 1297 1451 valetudo,

224 1474 258 1523 ut
277 1465 415 1541 pecuma)
437 1474 467 1522 et
489 1466 566 1522 actio
589 1467 626 1522 ad
649 1484 685 1522 ea
707 1474 857 1539 spectans,
887 1466 971 1522 utin
994 1465 1068 1522 illis:
1096 1475 1135 1522 eet
1156 1468 1297 1539 quiddam,

225 1551 298 1626 quod
316 1553 380 1607 aeui
400 1570 457 1607 esse
473 1554 562 1625 possit
578 1551 669 1624 (quod
687 1550 802 1606 videtur
824 1550 973 1625 pertinere
995 1550 1032 1607 ad
1054 1569 1102 1607 rea
1118 1551 1298 1625 commodas)

225 1644 268 1692 et:
300 1655 381 1708 aqere
407 1637 513 1709 aliquid
545 1646 569 1692 et
595 1639 690 1709 fucere
717 1654 827 1691 eorum
855 1637 943 1709 (quae
976 1654 1023 1692 res
1050 1636 1220 1693 commodae
1253 1636 1298 1692 in·

225 1720 324 1796 tellegi
346 1728 508 1793 nequeunt,
537 1738 612 1792 quae
635 1739 693 1777 non
721 1720 868 1795 aguntur).
914 1720 985 1796 Ipsa
1007 1738 1120 1776 summa
1143 1739 1297 1796 argumen-

225 1804 345 1863 tationis
367 1804 450 1862 varie
477 1805 656 1879 concipitur,
685 1815 761 1874 tum,
789 1804 820 1860 in
847 1805 936 1862 rebus
964 1805 1068 1861 mediis
1095 1824 1152 1862 ecoe
1179 1806 1299 1863 omnino

225 1889 353 1948 officium
370 1890 419 1962 (de
436 1892 575 1946 existentia
592 1888 704 1964 officii),
728 1890 806 1962 quod
823 1889 908 1946 initio
926 1889 1108 1964 propositum
1127 1900 1172 1947 est
1188 1895 1243 1959 et§
1258 1891 1297 1947 59

224 1974 327 2051 primis
343 1975 458 2031 duabus
475 1973 714 2031 conclusionibus
729 1973 864 2043 efficitur,
888 1984 960 2043 tum,
984 1975 1096 2031 versari
1112 1975 1143 2031 id
1161 1975 1191 2031 in
1209 1976 1298 2032 rebus

226 2058 328 2117 mediis
351 2059 399 2130 (de
421 2063 534 2115 materia
561 2068 591 2115 et
612 2059 678 2116 loco
701 2058 817 2133 officii),
846 2067 924 2127 tum,
952 2059 1048 2133 ipsum
1077 2077 1140 2115 ease
1169 2061 1298 2117 medium

225 2146 272 2216 (de
294 2145 444 2218 qualitate),
469 2162 592 2217 quorum
611 2145 668 2200 duo
685 2154 834 2219 postrema
852 2144 971 2200 omnino
988 2162 1046 2200 non
1064 2144 1298 2219 distinguuntur3

224 2241 253 2287 et
269 2238 368 2286 tamen
386 2227 534 2285 differunt.
567 2228 720 2285 Nonnulla
737 2229 766 2285 in
784 2229 838 2285 hac
855 2247 887 2285 re
903 2227 1030 2285 fortasse
1042 2227 1194 2286 Ciceronis
1212 2231 1300 2306 culpa

225 2322 278 2372 est.
308 2310 409 2393 [Quod
421 2314 547 2370 Iacobus
559 2314 588 2370 in
602 2313 710 2370 Philol.
725 2314 769 2371 VI
781 2333 808 2387 p.
822 2314 883 2369 492
896 2313 995 2370 omnia
1005 2314 1093 2370 haec:
1115 2313 1300 2390 Quoniamque

224 2403 251 2456 ia
272 2402 306 2456 iis
328 2399 408 2455 rebue
431 2431 470 2440 -
493 2418 539 2455 nec
562 2402 589 2454 in
611 2404 752 2455 contrariis
775 2399 903 2466 damnat,
926 2399 990 2455 sine
1011 2399 1073 2455 ulla
1090 2400 1299 2473 probabilitate

225 2494 338 2560 partem
361 2484 466 2540 ceteris
489 2484 627 2539 innexam
651 2501 704 2539 nec
726 2483 831 2540 scholii
848 2483 1077 2548 additamentive
1094 2503 1130 2541 ne
1149 2485 1298 2542 minimam

222 2569 339 2644 quidem
357 2568 579 2625 similitudinem
598 2569 753 2624 habentem
772 2569 926 2625 detruncat
943 2587 997 2625 nec
1019 2577 1116 2626 tamen
1137 2570 1297 2644 quidquam

222 2653 398 2728 assequitur.
442 2654 614 2710 Assentitur
636 2663 733 2710 tamen
757 2653 894 2709 Baiterus
916 2654 946 2709 in
969 2653 1013 2709 ed.
1039 2649 1122 2732 mim]

306 2758 368 2812 erqo
390 2749 419 2794 ut
440 2742 523 2794 etiam
537 2739 713 2813 probabiliter
734 2741 789 2794 aeti
809 2741 880 2794 ratio
902 2741 982 2795 reddi
996 2738 1097 2813 possit)
1115 2739 1299 2797 Exciderunt

221 2823 294 2880 haec
316 2822 407 2880 verbe
428 2835 550 2898 propter
572 2823 696 2880 similem
721 2823 933 2879 sententiarum
957 2824 1068 2880 exitum
1089 2824 1176 2880 etiam
1198 2824 1227 2880 in
1245 2821 1296 2895 Εξ,

220 2908 267 2968 ΕΙ.
290 2908 318 2978 2,
342 2907 422 2966 Gud.
448 2911 472 2965 l.
520 2910 652 2965 Haerent
674 2909 850 2983 interpretes
872 2916 902 2964 et
923 2908 954 2964 in
977 2908 1118 2965 adverbio
1141 2916 1171 2964 at
1191 2909 1221 2964 in
1244 2913 1299 2966 acti

220 2993 352 3058 nomine.
382 2993 460 3065 quod
489 2992 582 3050 Gaius
611 2993 704 3062 delet;
738 2993 899 3048 Lambinus
927 2992 1030 3048 etalii
1054 2994 1203 3067 probabilia
1224 2997 1299 3067 sacti

220 3078 416 3146 substituunt3
440 3080 482 3150 (at
504 3078 533 3133 in
551 3080 625 3151 facti
646 3078 807 3135 Lambinus
824 3078 940 3133 codices
959 3080 1104 3151 testatur).
1139 3077 1198 3137 Sed
1216 3090 1296 3136 recte

220 3165 310 3220 verba
343 3164 451 3219 habere
481 3163 624 3219 videntur.
680 3163 813 3219 Primum
846 3162 876 3218 in
909 3162 982 3236 ipsis
1013 3163 1116 3232 rebus,
1151 3173 1296 3237 quatenus

220 3248 349 3322 nondum
372 3248 408 3304 de
430 3247 516 3303 nobis
538 3249 694 3322 agentibus
717 3247 877 3322 cogitatur,
908 3247 1061 3321 probabile
1090 3247 1202 3320 aliquid
1231 3268 1295 3306 esse

220 3332 342 3401 dicitur,
369 3333 453 3389 cuius
480 3333 556 3389 ratio
584 3333 667 3389 reddi
696 3333 803 3407 possit3
837 3332 942 3388 deinde
971 3333 1073 3388 eadem
1100 3334 1295 3406 probabilitas

218 3417 395 3476 transfertur
416 3418 453 3474 ad
476 3428 605 3474 nostram
629 3419 659 3473 in
683 3417 728 3474 bie
750 3419 838 3475 rebus
861 3417 1004 3474 actionem
1022 3417 1087 3490 (cfr.
1107 3418 1295 3493 paulopost:

219 3513 257 3560 eat
273 3513 360 3560 auum
377 3506 433 3558 eiua
448 3506 552 3575 pemeria
574 3510 666 3560 actio
689 3522 794 3576 quoque
810 3503 970 3577 quaedam);
994 3503 1093 3575 itaque
1111 3513 1200 3559 aetum
1223 3504 1294 3561 dici·

218 3597 280 3659 tur,
308 3605 366 3644 non
382 3590 504 3660 sactum,
529 3596 558 3643 et
581 3588 608 3643 ei
630 3588 748 3645 additur
770 3588 956 3654 adverbium
985 3596 1014 3644 et
1037 3597 1099 3644 tota
1120 3588 1193 3644 heac
1216 3608 1293 3663 pars,

219 3673 254 3730 de
276 3691 335 3747 quo
357 3673 454 3729 minus
476 3673 652 3747 interpretes
674 3673 861 3743 laborarunt,
889 3672 1004 3730 confert
1031 3672 1143 3745 aliquid
1165 3674 1202 3729 ad
1224 3691 1293 3730 con-

218 3757 389 3816 elusionem.

303 3845 419 3917 osficium
441 3844 556 3898 medium
578 3844 710 3915 quiddam
732 3861 802 3911 ease,
825 3838 914 3918 quod)
935 3831 971 3898 rii
993 3838 1126 3915 καθῆκον
1148 3834 1223 3897 εἶναι
1245 3835 1293 3913 μέ-

218 3943 271 3984 σον
292 3946 329 3984 τι.
364 3928 449 3984 Hanc
472 3928 549 3983 enim
573 3927 747 3983 sententiam
772 3944 845 3993 esse,
869 3945 926 3983 non
944 3925 1039 3982 illam:
1063 3918 1137 3980 εἶναι
1159 3909 1293 4000 καθῆκόν

216 4031 245 4069 τι
266 4005 374 4088 μέσον,
402 4030 468 4069 curn
493 4013 648 4068 verborum
679 4011 751 4067 ordo
774 4011 902 4067 ostendit
924 4009 1062 4083 (debebat
1092 4011 1170 4067 enim
1198 4010 1292 4066 altero

218 4099 304 4156 modo
327 4097 399 4155 dici:
428 4099 542 4153 inedium
570 4098 707 4170 quoddam
730 4098 847 4169 offitium
868 4096 951 4166 ease),
981 4104 1042 4151 tum
1065 4093 1095 4149 id
1117 4095 1291 4164 certissime,

217 4185 295 4258 quod
317 4185 401 4258 officii
420 4185 502 4239 medii
522 4181 719 4257 appellatione
737 4181 811 4238 Cato
829 4198 924 4253 neque
947 4198 1017 4236 usus
1039 4186 1084 4235 est
1106 4190 1173 4236 ante
1196 4198 1292 4254 neque

217 4268 246 4323 in
273 4278 337 4326 toto
365 4269 421 4325 hoc
449 4267 514 4324 loco
544 4266 646 4324 utitur.
692 4267 796 4340 Itaque
824 4267 939 4322 medium
965 4264 1097 4339 quiddam
1125 4265 1291 4322 necessario

217 4351 320 4427 scripsi
343 4354 385 4425 (id
408 4363 467 4421 est,
496 4372 550 4408 rem
573 4353 712 4425 quandam
734 4352 874 4424 mediam);
902 4349 991 4406 ceteri
1020 4366 1122 4406 omnes
1144 4350 1291 4423 quoddam.

217 4433 285 4491 Vid.
308 4437 392 4506 adl,
419 4438 466 4494 18.
