3030 5086
516 407 560 454 ar
582 405 664 453 unu.
687 406 750 452 ura.
771 406 785 451 1
806 405 880 451 cae.
900 408 922 455 a.
942 406 1006 468 (aa.)
1258 388 1298 453 ot

220 584 281 640 aut
312 576 375 640 ista
407 576 576 640 didicisset
627 574 669 638 Et
700 575 784 655 quod
817 573 978 654 quaeritur
1007 592 1116 656 saepe,
1149 593 1205 639 aur
1238 583 1301 638 tam

222 678 313 743 multi
336 678 399 743 sint
420 677 574 759 Epicurei,
600 682 674 741 sunt
693 677 773 740 aliae
795 694 917 758 quoque
939 695 1062 755 causae,
1084 677 1140 740 sed
1163 676 1300 740 miultitu-

222 780 329 844 dinem
357 779 436 845 haec
463 779 595 843 maxime
622 778 731 855 allicit,
759 778 843 858 quod
870 778 916 842 ita
942 785 1055 861 putant
1082 777 1142 842 dici
1169 777 1209 842 ab
1237 778 1300 856 illo,

222 891 312 947 recta
333 889 365 946 et
386 881 519 946 honesta
535 898 616 960 quae
633 881 704 959 sint,
727 899 765 944 ea
787 877 890 944 facere
911 880 1061 961 ipseper
1083 898 1118 944 se
1138 879 1299 958 laetitiam,

220 983 257 1046 id
279 989 336 1059 est,
360 983 558 1064 voluptatem.
603 981 754 1046 Homines
776 981 885 1062 optimi
906 1001 968 1047 non
990 982 1179 1059 intellegunt,
1201 987 1300 1044 totam
1318 983 1338 1047 5

222 1084 377 1149 rationem
399 1082 506 1162 everti,
528 1083 555 1147 si
577 1083 622 1147 ita
644 1102 695 1147 res
718 1102 752 1148 se
767 1083 892 1149 habeat.
925 1084 1006 1149 Nam
1023 1083 1051 1148 si
1068 1082 1299 1162 concederetur,

294 1292 316 1339 2.
343 1296 398 1337 aaut
424 1232 543 1335 IstiCR
594 1285 697 1348 Epicuri
721 1286 789 1337 ECR
841 1292 865 1336 3.
891 1286 935 1335 loc
963 1249 1061 1340 ΙνΙΙΙΟτ.Ι
1109 1295 1178 1351 putat
1203 1286 1299 1336 PMCR

222 1364 247 1404 4.
267 1354 388 1404 madum
407 1355 429 1404 E
465 1359 487 1403 6.
505 1371 531 1404 aa
549 1371 587 1403 rea
606 1354 745 1405 LPMCor,
1235 1384 1247 1397 ‚

222 1547 400 1602 Metrodorus
422 1545 515 1619 posui.
560 1545 687 1602 Prorsus
711 1544 788 1600 enim
811 1556 944 1620 apertum
969 1555 1029 1614 est,
1060 1544 1138 1600 iuter
1160 1533 1299 1619 Epicurus

223 1640 254 1686 et
277 1640 326 1686 out
347 1635 499 1704 quicquum,
522 1633 571 1703 qni
591 1641 639 1686 out
661 1640 767 1705 superet
789 1631 940 1704 antiquum
966 1630 1141 1704 Epicureum
1166 1629 1298 1686 nomina·

225 1725 287 1772 tum
322 1733 394 1773 esse.
452 1714 591 1772 Ceterum
625 1725 764 1790 expectes
797 1734 855 1772 non
889 1734 992 1779 eoram,
1026 1715 1076 1772 sed
1107 1718 1232 1785 tatonem,
1266 1723 1299 1771 ut

221 1799 363 1876 Epicurei
387 1796 666 1879 demonstrentur.]'

310 1905 359 1941 cur
380 1895 434 1941 totu
456 1888 533 1941 multi
553 1885 619 1959 aiat)
644 1885 813 1942 Leviculum
837 1904 966 1940 errorem
984 1885 1186 1957 (summme.
1209 1884 1299 1940 tacite

221 1970 363 2038 correxit,
383 1970 487 2027 deiude
507 1971 582 2026 Dav.
615 1971 737 2027 Rectum
763 1970 865 2026 habuit
882 1970 969 2026 etiam
989 1969 1065 2044 Spir.
1085 1969 1149 2047 [B]
1184 1969 1299 2026 Deinde

221 2055 290 2112 laec
312 2059 426 2111 mamare
448 2056 561 2128 (causa)
584 2056 682 2131 recepi
706 2056 743 2111 ob
766 2056 971 2112 auctoritatem
995 2051 1090 2135 [Aa]
1114 2055 1185 2122 Erl,
1210 2054 1298 2129 Spin,

221 2138 358 2198 Gudqt.
403 2141 457 2197 Est
478 2141 567 2197 etiam
591 2140 620 2197 in
644 2140 717 2211 On.¹
725 2160 750 2216 χ.
795 2142 841 2197 De
864 2140 929 2215 ipsa
944 2138 982 2196 're
1006 2140 1057 2196 cfr.
1081 2142 1169 2197 'l‘usa
1192 2141 1248 2208 IV,
1269 2141 1298 2209 7,

220 2227 276 2282 nbi
304 2224 408 2293 Cicero
436 2236 515 2282 recte
543 2226 624 2282 addit
652 2224 768 2282 facilem
798 2226 970 2299 disciplinae
1000 2225 1117 2282 minime
1145 2226 1299 2282 abstrusae

221 2311 431 2386 cognitionem.
465 2310 669 2369 Conveniebat
687 2311 807 2385 Epicuri
827 2311 982 2384 disciplina
999 2311 1105 2367 animia
1122 2329 1139 2366 a
1156 2310 1299 2386 religione

221 2396 336 2453 avernie
355 2404 385 2451 et
406 2396 437 2452 in
460 2397 575 2470 perdita
598 2415 628 2452 re
652 2396 769 2470 publica
791 2406 820 2452 et
843 2397 973 2453 moribus
995 2397 1085 2452 otium
1109 2395 1299 2464 sectantibus,

221 2499 284 2538 non
306 2480 470 2537 veritatem.

310 2570 347 2622 t'ta
365 2576 465 2641 putant
486 2565 553 2638 dia)
583 2565 633 2622 ste
655 2568 721 2641 (pro
740 2567 833 2641 putot)
861 2566 938 2624 Dav.
963 2566 992 2622 in
1017 2566 1061 2622 El.
1086 2567 1103 2622 2
1128 2566 1185 2640 legi
1207 2580 1298 2621 anno-

222 2660 283 2721 tat,
317 2649 410 2710 Gaius
439 2652 468 2706 in
492 2649 572 2708 Gud.
602 2655 612 2706 l
646 2661 675 2707 et
705 2651 772 2708 Bas.
802 2652 876 2722 (Erl.
905 2651 1014 2707 oblitus
1043 2659 1086 2707 est
1115 2661 1144 2707 et
1171 2649 1298 2708 fortasse

222 2737 313 2792 etiam
334 2736 441 2811 Spir.);
464 2746 510 2792 est
533 2736 574 2790 ita
596 2735 625 2791 in
650 2755 707 2811 mg.
728 2736 808 2794 Crat.
834 2732 973 2815 [etnssp
998 2739 1023 2792 V
1028 2736 1076 2794 iot.
1096 2736 1163 2792 cod.
1182 2738 1298 2810 putam't.

222 2820 349 2896 Recepit
366 2831 467 2896 putant
489 2820 634 2885 Orelliua,
659 2822 752 2877 citans
775 2822 863 2888 Tuae.
887 2822 941 2887 lv,
967 2823 994 2878 6.
1040 2822 1130 2877 Recte
1153 2821 1188 2876 de
1213 2820 1297 2879 Cice·

221 2906 306 2962 ronis
328 2925 383 2963 usu
405 2907 555 2982 praecepit
578 2906 732 2980 Zumptius
756 2907 855 2976 §ssbb
900 2906 935 2962 In
959 2905 1010 2962 illo
1033 2916 1130 2962 autem
1155 2905 1298 2962 Tuscula-

222 3009 327 3047 narum
356 2991 421 3048 loeo
451 2992 529 3065 quod
558 2990 692 3047 Klotzius
720 2993 884 3047 invitabatur
913 2991 954 3047 sic
982 3001 1094 3058 tuetur,
1126 3002 1158 3046 ut
1185 2992 1237 3047 sit:
1270 3010 1298 3047 ea

221 3079 317 3132 warde
343 3080 510 3150 eiupeloden,
540 3097 567 3133 es
588 3079 664 3149 joad
691 3081 746 3132 etue
774 3078 933 3149 Eirtludrmq
960 3086 1039 3146 stott,
1075 3075 1147 3132 nihil
1178 3095 1305 3150 prorsus,

222 3162 353 3236 proficit3
387 3163 497 3219 nullius
531 3160 606 3218 enim
637 3163 718 3218 verbi
749 3162 846 3219 Latini
881 3161 999 3235 passiva
1033 3163 1128 3218 forma
1156 3162 1298 3235 imperso-

222 3247 329 3302 naliter
353 3248 485 3321 ponitnr,
514 3248 570 3304 nisi
599 3248 676 3320 qttod
699 3257 751 3304 aut
773 3247 990 3304 intransitivum
1022 3258 1065 3304 est
1093 3260 1143 3302 aut
1172 3266 1225 3321 pro
1254 3246 1298 3302 in·

221 3332 378 3388 transitivo
412 3333 481 3406 poni
510 3344 607 3406 potest
637 3337 681 3405 (ut
710 3354 783 3401 orno,
818 3333 897 3405 otoo).
949 3330 998 3408 [In
1027 3352 1077 3400 eo,
1112 3333 1190 3405 quod
1218 3333 1232 3389 I
1261 3332 1297 3388 de

221 3417 306 3474 Orat.
340 3419 396 3473 186
426 3418 578 3474 scribitur:
607 3429 786 3493 posteaquam
819 3429 858 3474 eat
890 3420 989 3473 editum.
1022 3417 1115 3489 (nullo
1143 3418 1296 3491 subiecto),

219 3502 286 3558 iure
309 3501 482 3560 Schuetziua
506 3503 615 3562 haesit.
640 3522 692 3560 nec
715 3503 906 3560 dubitandum
932 3503 1062 3572 videtur,
1092 3503 1161 3576 quin
1186 3502 1297 3576 aliquid

218 3587 316 3643 subsit
340 3586 463 3664 mendi]

308 3675 390 3728 atita
421 3693 463 3729 res
491 3694 519 3730 se
542 3672 652 3746 lubeat)
677 3675 742 3730 Hoc
764 3674 865 3730 ordine
889 3669 976 3729 etiaim
1001 3670 1097 3750 [Aa]
1121 3673 1184 3728 eod.
1207 3672 1296 3742 Vict,

218 3757 318 3831 Spin,
347 3757 426 3815 Gud.
454 3762 466 3814 l
498 3760 575 3833 apud
604 3757 721 3815 Gaium.
772 3758 887 3832 Sequor
915 3758 1048 3814 codicum
1075 3757 1296 3832 praestantiam,

216 3842 352 3918 regulam
377 3853 485 3899 certam
510 3863 568 3900 non
591 3844 669 3900 novi.
704 3845 769 3900 Hoc
792 3843 893 3899 ordine
916 3844 948 3900 ΙΙ
966 3842 1001 3898 de
1014 3842 1095 3901 Orat.
1113 3843 1184 3911 271,
1207 3842 1245 3898 N.
1258 3842 1295 3897 D.

215 3927 262 3993 II,
287 3928 326 3983 23
350 3938 379 3983 et
401 3929 459 4000 ΙΙΙ,
483 3930 522 3985 89
546 3929 596 4004 (ex
619 3929 737 4004 optimis
761 3929 865 4001 codd),
890 3929 983 3985 Aead.
1008 3928 1049 3991 II,
1075 3929 1124 3988 54,
1155 3928 1245 4002 Legg.
1270 3926 1295 3995 1,

219 4013 261 4070 36
287 4013 348 4085 (sed
374 4014 537 4088 postposito
560 4015 625 4087 aie),
654 4014 747 4070 altero
776 4013 900 4069 fortasse
931 4014 1018 4069 etiam
1050 4013 1181 4087 saepius,
1211 4021 1243 4068 ut
1265 4012 1297 4070 11

218 4098 258 4154 de
282 4097 364 4156 Orat.
389 4100 439 4167 ⁶23,
463 4098 528 4156 Cat.
556 4099 604 4165 65,
629 4100 717 4155 Tusc.
731 4101 768 4166 V,
794 4100 843 4165 63,
867 4099 904 4154 ad
927 4101 990 4154 Att.
1014 4098 1053 4154 ΙΙ.
1079 4099 1127 4161 22,
1155 4101 1180 4155 1.
1205 4097 1295 4172 Legg.

216 4185 244 4246 Ι,
271 4185 320 4239 58.
364 4184 462 4240 Aliter
485 4185 653 4258 implicatur
675 4185 746 4240 ordo
770 4183 975 4239 adverbiorum
999 4183 1237 4257 transpositione,
1261 4183 1297 4239 de

217 4287 280 4342 qua
302 4287 376 4341 quae
400 4269 476 4325 dixit
499 4270 634 4326 Handius
656 4270 743 4326 Tura.
767 4270 814 4326 ΙΙΙ
839 4290 865 4343 p.
886 4269 956 4327 498,
981 4287 1081 4342 parum
1106 4268 1189 4324 firma
1211 4286 1295 4343 repe-

217 4353 342 4411 rientur.
366 4354 389 4409 si
413 4354 450 4409 ad
473 4355 553 4429 ipsos
577 4354 657 4410 locos
680 4365 785 4411 exacta
807 4354 924 4410 fuerint.
