3030 5086
268 444 332 509 314
659 463 704 509 nn
726 461 856 510 sturnus
879 462 950 508 nou.

268 630 366 696 serint
388 629 481 708 milia,
503 636 539 695 ut
560 629 696 696 omnium
715 630 852 695 sidemm
875 631 994 708 eodem,
1015 631 1099 695 unde
1114 629 1256 710 protecta
1272 631 1344 710 sint,

267 731 386 798 fiatad
409 750 503 797 unum
526 738 649 811 tempus
671 731 818 797 reversio.
852 731 963 796 Nullus
986 741 1034 796 est
1049 732 1145 812 igitur·
1161 732 1345 814 cuiusquam

269 833 336 899 dies
358 833 480 898 natalis.
527 836 588 907 ,At
608 832 771 898 habetur.“
817 833 859 898 Et
880 851 938 913 ego
960 833 993 898 id
1015 833 1132 900 scilicet
1153 834 1343 901 nesciebant

267 935 330 1001 Scd
352 943 388 1000 ut
408 936 457 1015 sit,
480 935 614 1001 etiamne
635 940 861 1017 postmortem
883 935 1023 1001 coletur?
1045 936 1140 1017 idque
1156 942 1343 1003 testamento

228 1037 390 1120 boavebit
416 1037 456 1117 is,
491 1037 544 1118 qui
571 1035 661 1102 nobis
688 1037 779 1118 quasi
807 1037 965 1103 oraculum
993 1037 1138 1118 ediderit,
1170 1038 1246 1104 nihil
1272 1045 1345 1120 post

265 1146 398 1204 mortem
424 1140 466 1203 ad
494 1157 550 1204 nos
573 1139 752 1220 pertinere?
796 1138 882 1204 Haec
910 1158 972 1204 non
999 1147 1091 1205 erant
1112 1141 1192 1220 eius,
1221 1141 1274 1221 qui
1295 1141 1343 1206 in·

267 1241 474 1308 numerabiles
485 1241 620 1306 mundos
631 1239 831 1322 infinitasque
842 1240 993 1321 regiones,
1009 1260 1142 1323 quarum
1159 1242 1244 1308 nulla
1261 1248 1345 1308 esset

267 1362 333 1419 ora,
356 1343 441 1408 nulla
462 1342 649 1421 extremitas
672 1350 774 1409 mente
795 1344 1038 1426 peragravisset.
1083 1344 1259 1425 Numquid
1281 1344 1344 1410 tale

267 1445 486 1512 Democritus?
529 1444 573 1511 Ut
599 1445 676 1510 alios
706 1445 863 1525 omittam,
892 1445 975 1510 hunc
1002 1445 1141 1527 appello,
1175 1463 1266 1526 quem
1293 1443 1345 1510 ille

340 1658 359 1702 l.
379 1658 401 1698 et
418 1647 558 1698 omniamC
611 1653 633 1700 2.
652 1647 780 1698 eralir'usE
832 1654 855 1701 3.
875 1658 897 1699 et
914 1649 972 1715 (pro
990 1649 1066 1712 at)E
1109 1647 1208 1716 [acilt'ect
1226 1664 1275 1699 om.
1295 1648 1342 1715 ΑΙ]

267 1735 308 1784 ago
325 1716 414 1768 acr'lt‘eet
432 1716 458 1766 td
475 1715 615 1766 numitor.
633 1715 685 1766 scil.
704 1735 745 1783 epo
764 1717 828 1769 auc
881 1723 904 1766 5.
924 1717 988 1767 vobis
1007 1718 1029 1766 lt]
1062 1725 1229 1782 postmortem
1248 1725 1344 1781 transp.

268 1793 325 1853 post
339 1786 457 1851 perlabere
478 1783 575 1852 [t](P)‚
599 1792 657 1850 post
674 1787 758 1835 aoaR
811 1789 834 1836 7.
856 1786 949 1835 esaeE
1002 1790 1025 1837 8,
1050 1785 1119 1852 [liora
1137 1786 1171 1853 Δ]
1208 1786 1345 1837 επνωιᾱω

268 1872 339 1920 wem
356 1863 430 1905 mente
448 1853 532 1903 aonia
568 1870 621 1903 aum
640 1853 742 1918 quedl]
777 1853 874 1906 taltaC
910 1858 933 1904 9.
951 1862 976 1904 at
995 1854 1084 1904 oran

266 2027 363 2086 forma
374 2026 539 2085 necessario
551 2027 706 2103 significat,
723 2027 861 2097 dubitari,
879 2046 916 2084 an
933 2045 1093 2102 numquam
1110 2027 1142 2084 id
1153 2025 1285 2085 futurum
1296 2026 1344 2084 sit.

268 2111 330 2174 Cfr.
355 2113 392 2169 ad
416 2115 493 2182 574.
540 2114 683 2187 Apparet,
707 2112 866 2189 significari
890 2132 1026 2190 magnum
1050 2113 1133 2170 illum
1155 2130 1264 2169 annum
1282 2111 1345 2169 sive

268 2199 460 2267 mundanum,
495 2217 582 2272 quem
612 2207 727 2255 veteres
761 2198 879 2272 quidam
910 2206 1070 2274 praeeunte
1099 2197 1225 2255 Platone
1254 2196 1344 2268 (Tim.

267 2304 295 2360 p.
310 2284 348 2340 39
373 2285 410 2353 D,
434 2283 495 2342 Cic.
519 2284 554 2343 tle
578 2283 666 2342 Univ.
689 2301 713 2340 c.
733 2284 763 2356 9)
786 2283 943 2341 commenti
966 2291 1064 2354 erant,
1087 2281 1241 2340 duodecim
1264 2281 1347 2339 milia

267 2378 431 2445 nongentos
454 2368 668 2443 quinquaginta
690 2378 830 2442 quattuor
846 2387 938 2426 annos
955 2368 1067 2426 solares
1091 2367 1344 2443 complectentem,

252 2455 319 2529 -qui
349 2464 409 2511 tum
438 2453 514 2510 effici
537 2454 711 2528 putabatur,
741 2472 807 2510 cum
830 2454 902 2512 solis
930 2463 960 2511 et
982 2454 1069 2510 lunae
1096 2461 1126 2510 et
1148 2452 1278 2527 quinque
1300 2470 1346 2509 er·

262 2539 395 2597 ,rentium
425 2539 461 2595 ad
490 2539 611 2595 eandem
640 2538 717 2595 inter
738 2557 770 2595 se
793 2539 1042 2614 comparationem
1065 2537 1189 2612 (idest,
1217 2537 1255 2594 ad
1277 2556 1346 2595 ean·

269 2625 335 2682 dem
366 2625 442 2681 inter
474 2642 505 2680 ss
534 2623 665 2681 locorum
699 2633 729 2681 et
762 2623 985 2681 intervallorum
1017 2624 1174 2697 rationem)
1203 2621 1346 2681 coniectis

268 2709 398 2774 omnium
422 2708 525 2784 spatiis
549 2717 627 2765 esset
648 2707 727 2766 iacta
750 2708 919 2778 conversio;
942 2708 1016 2782 (cie.
1034 2709 1072 2767 N.
1084 2710 1122 2765 D.
1144 2709 1187 2779 11,
1200 2709 1256 2778 513
1278 2707 1345 2765 add

267 2793 372 2871 fragm.
396 2793 547 2850 Hortensii
570 2793 649 2869 apud
671 2794 845 2869 scriptorem
867 2794 977 2870 dialogi
1000 2795 1036 2851 de
1059 2794 1178 2853 Orator.
1201 2811 1228 2852 c.
1256 2795 1293 2851 16
1317 2801 1347 2850 et

268 2898 362 2938 souin.
387 2878 518 2953 Scipion.
543 2883 558 2948 ξ
579 2880 618 2935 24
643 2879 693 2938 Or.
739 2880 876 2937 Aliorum
904 2880 1079 2955 scriptorum
1108 2879 1189 2937 locos
1217 2879 1345 2936 Linden-

268 2964 388 3042 brogius
416 2964 453 3021 ad
481 2963 634 3023 Censorio.
663 2985 687 3021 c.
714 2965 751 3022 18
779 2964 919 3040 collegit).
974 2964 1022 3022 Aa
1048 2985 1130 3022 unum
1157 2974 1260 3039 tempus
1287 2972 1346 3023 ast:

267 3070 319 3108 uno
341 3061 365 3107 et
387 3052 477 3107 eodem
499 3053 623 3125 terrrporr‘s
642 3061 750 3125 puncto.

353 3136 391 3215 td,
409 3137 507 3192 scilieet
534 3134 695 3210 nesciebam)
718 3135 779 3194 Cur
801 3134 891 3210 igitur
917 3134 1008 3192 tantis
1031 3133 1171 3211 physicae
1194 3133 1345 3192 doctrinae

267 3220 441 3296 ambagibus
464 3220 623 3296 Epicurum
652 3220 690 3277 ad
719 3237 903 3277 communem
931 3238 1042 3277 morem
1070 3229 1101 3276 et
1122 3218 1290 3295 opinionem
1313 3235 1345 3276 se

267 3306 536 3365 accommodantem
555 3304 719 3381 impugnas,
742 3323 777 3362 ao
799 3323 858 3363 non
881 3305 910 3362 id
932 3305 997 3381 agis
1020 3305 1131 3379 paucis,
1154 3303 1234 3379 quod
1256 3322 1345 3381 agen·

268 3391 337 3448 dum
365 3398 424 3461 est,
457 3391 493 3447 de
521 3390 652 3448 vanitate
680 3387 827 3447 bominis?
871 3387 922 3470 [Id
947 3392 1046 3448 scilicet
1073 3390 1162 3447 etiam
1190 3383 1234 3448 A'
1261 3398 1292 3447 et
1319 3389 1345 3446 B

267 3476 458 3550 edideratque
481 3475 628 3535 Gruterus
651 3476 799 3550 ceterique
822 3484 891 3532 ante
914 3470 1046 3554 Gaium]

353 3564 402 3635 qui
426 3561 515 3635 nobis)
539 3561 665 3618 Manutii
693 3572 722 3618 et
744 3560 882 3636 deinceps
904 3560 955 3618 alii
978 3561 1096 3635 quidam
1120 3557 1234 3635 (Grut.)
1256 3559 1345 3618 tacite

267 3647 340 3704 vobis
362 3645 557 3721 scripserunt3
581 3647 705 3704 alterum
719 3645 860 3703 Davisius
879 3665 895 3702 e
912 3646 1007 3704 tribus
1019 3647 1114 3716 Para,
1139 3644 1224 3717 Ball,
1248 3645 1345 3703 Mead.

267 3724 389 3806 (Εξχψ),
413 3730 506 3789 Gaius
528 3751 544 3788 e
569 3731 692 3801 „trinis“
717 3731 778 3789 suis
800 3731 1001 3815 restituerunt.
1040 3731 1181 3790 Codicum
1206 3731 1346 3808 exiguum

267 3817 297 3874 in
320 3815 376 3872 hac
398 3835 429 3873 re
453 3828 632 3874 momentum
656 3827 708 3873 est.
746 3817 806 3876 Sed
822 3815 927 3875 Cicero
940 3817 1099 3892 Epicurum
1123 3816 1250 3874 irridens
1266 3834 1345 3874 com·

267 3901 383 3960 modius
405 3902 448 3959 sio
470 3902 615 3976 loquitur,
646 3912 793 3977 tamquam
823 3903 878 3959 hoc
900 3902 951 3959 ille
974 3902 1124 3959 oraculum
1148 3902 1228 3959 omni
1251 3903 1345 3960 homi·

267 4006 336 4044 num
359 3986 460 4063 generi
478 3987 611 4045 ediderit.
641 3990 721 4060 (Post
737 3997 845 4044 mortem
861 3989 901 4044 ad
916 4008 963 4045 aeos
975 3998 1047 4064 pert.
1071 3986 1140 4046 Gaii
1158 4005 1260 4044 omnes
1273 3983 1345 4068 [13];

267 4083 300 4130 ut
312 4072 347 4142 R,
366 4072 431 4131 edd.
446 4072 559 4147 aliquot
573 4081 641 4129 ante
654 4071 758 4140 Grut.;
778 4073 802 4130 is
821 4072 924 4130 tacite:
942 4075 1009 4130 nebit
1024 4074 1063 4131 ad
1079 4093 1106 4132 a.
1121 4082 1192 4147 pert.
1205 4092 1236 4147 p.
1254 4075 1345 4146 mort)

352 4168 436 4214 merite
450 4157 661 4233 peraqraciseet)
675 4158 799 4234 Opinor,
817 4158 954 4218 Ciceroni
971 4160 1160 4216 obversatum
1171 4166 1224 4215 aut
1234 4155 1346 4217 Graeci

266 4242 420 4319 scriptoris
442 4244 539 4301 locum
562 4243 687 4300 similem
705 4244 875 4301 Lucretiani
897 4244 927 4301 in
950 4244 1016 4302 libr.
1033 4246 1048 4303 I
1066 4263 1094 4302 v.
1115 4245 1154 4299 74
1172 4261 1237 4318 sqq.
1259 4245 1346 4317 (omaro

267 4332 457 4386 imraeaeum
482 4332 687 4404 peragravit
715 4341 820 4386 ruente
847 4333 1035 4405 amitaeque)
1063 4338 1115 4387 aut
1142 4329 1220 4386 hunc
1247 4329 1344 4405 ipsum

268 4413 486 4485 Lucretianum,
509 4433 595 4489 quem
618 4415 731 4490 legerat
754 4415 803 4487 (ad
826 4414 883 4488 Qu.
906 4415 955 4473 Fr.
977 4416 1018 4486 II,
1046 4417 1092 4486 lt,
1116 4414 1157 4486 3).
