3030 5086
464 490 508 535 nr
531 489 611 535 nnn.
634 489 697 534 ms.
719 488 744 533 11
766 487 839 534 oto.
859 491 900 536 rs.
914 489 1047 552 (ar-sa.)
1227 471 1289 535 297

1202 565 1212 589 .

217 677 330 739 corpus
353 659 431 722 bene
453 656 653 721 constitutum
676 656 718 719 sit
739 663 770 720 et
791 655 833 720 sit
854 655 1057 736 exploratum,
1078 657 1123 721 ita
1143 655 1290 720 futurum.

217 764 265 824 An
294 761 325 825 id
355 758 547 839 exploratum
576 758 718 838 cuiquam
745 764 960 838 potestesse,
989 759 1143 838 quomodo
1172 777 1206 823 se
1233 758 1292 822 hoc

216 862 393 926 habiturum
411 860 453 924 sit
469 878 591 941 corpuS,
608 878 669 923 non
688 859 757 923 dico
774 861 815 924 ad
832 878 956 937 annum,
973 861 1029 924 sed
1046 861 1086 924 ad
1104 860 1291 940 vesperum?

216 962 314 1028 Dolor
341 963 451 1044 igitur,
484 962 516 1026 id
544 967 606 1041 est,
640 979 792 1024 summum
822 961 936 1025 malum
969 968 1125 1026 metuetur
1157 980 1291 1042 semper,

217 1064 339 1130 etiamsi
367 1083 426 1128 non
456 1064 570 1142 aderit3
598 1064 659 1126 iam
688 1063 769 1127 enim
796 1063 910 1128 adesse
937 1063 1060 1144 poterit.
1105 1064 1166 1143 Qui
1187 1063 1330 1143 potesib

216 1166 310 1248 igitur
331 1164 526 1230 habitarem
549 1164 641 1228 beata
663 1165 726 1228 vita
749 1165 860 1228 summi
881 1165 954 1228 mali
976 1167 1098 1229 metus?
1137 1167 1187 1230 93.
1211 1166 1290 1229 Tra·
1314 1201 1317 1207 -

218 1269 312 1346 ditur,
334 1265 444 1347 inquit,
468 1265 508 1330 ab
530 1266 667 1346 Epicuro
690 1266 770 1330 ratio
793 1266 977 1347 neglegendi
999 1266 1125 1331 doloris.
1170 1267 1237 1331 Iam
1258 1266 1291 1330 id

216 1371 319 1451 ipsum
331 1369 511 1446 absurdum,
528 1367 694 1432 maximum
705 1367 820 1432 malum
842 1368 972 1449 neglegi
1001 1369 1062 1433 Sed
1073 1387 1153 1449 quae
1164 1368 1291 1432 tandem

287 1613 310 1655 Ξ.
329 1623 380 1655 sese
397 1605 529 1653 debiturum
548 1604 713 1654 LPMCROr.
764 1609 785 1654 8,
806 1621 928 1669 vesperam
945 1605 1066 1656 LPMCR
1116 1612 1138 1656 t.
1159 1605 1185 1654 id
1200 1620 1249 1655 om.
1269 1605 1291 1653 E

220 1680 241 1727 7,
260 1675 320 1723 euim
339 1673 395 1740 (pro
414 1674 499 1737 inquit)
518 1673 540 1720 E
576 1673 623 1721 iam
641 1672 676 1722 od
693 1673 768 1738 pirum
786 1673 808 1722 Ε
827 1675 874 1722 ianr
893 1674 968 1738 ipsum
986 1675 1069 1733 ceteri,
1090 1674 1133 1724 0r.

218 1882 355 1956 deinceps
385 1881 488 1950 tacite,
523 1881 579 1936 nisi
612 1881 691 1954 quod
725 1880 804 1939 Oxx.
828 1875 888 1957 ξχψ
922 1880 1080 1938 ostendunt
1113 1882 1292 1938 deteriorum

218 1967 349 2024 codicum
373 1965 631 2040 conspirationem.
671 1965 756 2037 (Cod.
781 1967 855 2023 Mor.
879 1967 958 2022 aliter
979 1967 1119 2040 Epicurus
1142 1963 1188 2046 [nt
1210 1962 1292 2045 A¹].)

303 2053 433 2125 qreonrodo
450 2070 507 2107 sese
523 2047 579 2130 [sic
595 2052 664 2109 edit.
686 2049 833 2130 superior]
851 2052 1003 2107 namtarum
1019 2055 1054 2107 sit
1069 2051 1181 2129 corpus)
1193 2051 1257 2110 Pal.
1276 2055 1288 2108 l

217 2139 348 2211 qrsornodo
370 2156 397 2193 se
419 2138 484 2192 baec
506 2137 567 2192 iob.
600 2136 704 2192 Potest
726 2155 763 2193 ex
786 2138 842 2193 hoo
859 2145 889 2193 et
899 2136 961 2192 Erl.
980 2132 1010 2214 [e
1033 2155 1091 2210 quo
1114 2136 1186 2194 mihi
1209 2147 1292 2194 nota-

218 2232 265 2279 tur
287 2242 315 2279 se
337 2217 376 2300 Ν]
398 2222 429 2277 in
453 2230 579 2278 mentem
599 2222 708 2291 venire,
731 2221 916 2278 scribendum
940 2240 1018 2278 esse:
1041 2224 1172 2295 quornodo
1194 2242 1222 2279 se
1244 2223 1293 2279 boc

218 2309 280 2367 hob.
298 2312 332 2364 ait
348 2326 454 2381 corpus,
477 2307 506 2362 id
529 2315 583 2376 est,
607 2307 671 2377 hoc,
695 2307 772 2380 qnod
790 2306 931 2363 videmus.
966 2303 1031 2386 [Sic
1049 2307 1186 2364 Baiterus
1208 2307 1238 2363 in
1262 2309 1291 2364 A

218 2393 305 2449 scribi
329 2401 467 2460 testatur3
490 2392 590 2464 itaque
612 2391 737 2462 restitui,
761 2402 792 2449 nt
815 2392 874 2448 iile.
919 2393 944 2448 B
967 2411 995 2448 se
1016 2388 1082 2470 tin]

302 2480 341 2534 od
361 2478 513 2552 vesperam)
536 2476 586 2535 Sic
609 2477 696 2534 etiarn
721 2477 797 2552 Spir.
821 2472 875 2557 [B]
898 2485 928 2533 et
949 2485 1103 2553 praeterea
1125 2475 1202 2536 CCC
1225 2477 1293 2550 (etsi

218 2563 254 2618 de
266 2557 281 2629 ξ
293 2565 418 2635 tacetur)
436 2570 465 2618 et
476 2581 501 2637 χ,
520 2573 552 2618 nt
569 2580 656 2636 saepe
670 2562 789 2630 Cicer0;
807 2563 837 2618 in
855 2562 943 2620 Catil.
964 2571 1060 2618 tamen
1073 2563 1115 2631 11,
1129 2564 1145 2618 6
1165 2563 1291 2633 codices,

217 2657 357 2721 qnantum
376 2648 476 2716 scitur,
500 2666 637 2721 vesperam
654 2648 790 2705 retinent.
826 2649 898 2703 Mox
916 2665 970 2721 pro
986 2649 1017 2703 id
1033 2657 1072 2703 est
1088 2647 1136 2721 (de
1154 2666 1212 2721 quo
1230 2647 1289 2705 vid.

216 2733 253 2788 ad
277 2738 291 2801 ξ
311 2735 341 2806 6)
364 2741 477 2788 tanturn
506 2742 545 2788 est
572 2732 682 2788 habent
709 2732 796 2788 etism
827 2731 904 2806 Spir.
928 2730 984 2809 [B]
1012 2742 1041 2788 et
1064 2731 1143 2790 Gud.
1162 2733 1194 2800 23
1227 2751 1292 2789 see·

216 2818 336 2892 pissime
360 2824 475 2873 erratur
497 2816 527 2872 in
550 2817 606 2873 hoc
629 2817 811 2891 compendio.
857 2817 952 2873 Panlo
976 2828 1056 2891 post,
1085 2816 1136 2873 ubi
1158 2826 1217 2874 est:
1245 2821 1294 2892 qni

212 2912 302 2976 potest
323 2905 419 2974 t'pr'tor,
448 2901 585 2957 Bremius
612 2912 699 2957 aretem
722 2920 775 2976 pro
798 2905 879 2974 ipitur
906 2901 995 2958 scribi
1024 2902 1166 2968 malebat;
1197 2919 1293 2975 neque

217 2988 294 3043 enim
323 2988 398 3042 hanc
427 2986 644 3042 conclusionem
668 3005 741 3042 esse.
785 2985 844 3044 Sed
872 3004 960 3059 saepe
988 2995 1149 3041 extremam
1179 2995 1291 3060 partem

216 3072 382 3147 argumenti
410 3072 452 3128 sic
480 3071 532 3127 illa
554 3072 700 3146 particula
721 3079 871 3140 notamus,
900 3080 932 3126 ut
960 3070 1046 3126 simul
1074 3071 1293 3128 conclusionem

216 3157 308 3212 latere
331 3157 520 3232 significetur,
544 3165 576 3212 ut
598 3157 659 3212 hic:
682 3158 787 3230 Itaque
810 3156 924 3212 tollitur
941 3155 998 3211 isto
1016 3156 1102 3212 modo
1118 3156 1206 3212 beata
1222 3156 1292 3213 vito.

217 3239 306 3321 [Tum
331 3246 397 3298 eninr
422 3261 474 3315 pro
498 3245 584 3315 iuquit
605 3242 694 3298 etiam
708 3242 741 3298 B.
787 3241 907 3297 Poterat
930 3239 1001 3297 ferri
1029 3242 1074 3297 Tr.
1097 3244 1173 3311 errim,
1197 3245 1292 3316 inquit,

217 3338 249 3383 ut
271 3332 337 3383 enim
360 3336 520 3403 pervagato
550 3345 604 3384 usu
628 3327 789 3402 pertineret
816 3326 853 3382 od
882 3327 1019 3382 latentem
1049 3326 1293 3400 significationem

218 3413 360 3486 responsi.
407 3412 465 3471 Sed
490 3413 598 3469 omisso
621 3416 707 3486 inquit
728 3411 757 3469 h.
782 3411 801 3467 l.
824 3411 866 3467 sic
888 3411 958 3485 poni
982 3430 1038 3467 non
1062 3407 1184 3489 potest]

304 3498 352 3552 93.
376 3499 433 3552 Iuor
452 3501 481 3552 id
496 3497 597 3572 speum)
616 3499 688 3559 Hoc,
708 3497 785 3572 quod
798 3497 853 3553 Th.
869 3497 1018 3552 Bentleins
1030 3498 1199 3554 coniectura
1211 3497 1293 3554 inve·

216 3591 313 3648 nerat,
338 3581 493 3638 manifesto
518 3583 587 3639 mihi
611 3583 770 3658 significari
793 3582 947 3638 videbatur
970 3582 1079 3638 codicis
1101 3582 1161 3638 Erl.
1186 3581 1230 3660 [et
1252 3581 1293 3660 B]

216 3668 372 3741 scriptura.
411 3666 528 3740 (Neque
551 3686 616 3724 earn
639 3666 732 3725 Gzins
755 3686 849 3741 neque
873 3668 908 3723 de
931 3667 1036 3723 ceteris
1059 3668 1218 3741 quidquam
1242 3686 1293 3724 an·

217 3751 354 3824 notavit.)
400 3753 553 3826 [poenum
582 3771 636 3826 pro
660 3771 709 3822 eo,
741 3753 818 3826 quod
842 3763 886 3809 est
913 3756 937 3808 is
958 3756 1028 3827 ipse,
1057 3772 1073 3807 n
1098 3752 1241 3811 Cicerone
1264 3761 1293 3809 et

217 3837 322 3894 ceteris
351 3837 436 3893 bonis
464 3837 657 3911 scriptoribus
684 3845 856 3912 poneretur.
886 3856 904 3892 n
932 3837 1031 3894 multis
1055 3837 1218 3911 quaesitum
1248 3848 1294 3894 est

217 3922 384 3997 (Gronovio
403 3931 431 3977 et
449 3920 692 3978 Drakenborchio
709 3922 745 3977 ad
758 3922 823 3978 Liv.
836 3923 873 3991 V,
888 3923 937 3991 43,
951 3924 979 3990 4,
1004 3922 1186 3997 Wopkensio
1198 3922 1292 3978 Lectt.

217 4008 295 4064 Tull.
321 4027 348 4081 p.
370 4008 445 4076 tet,
476 4007 593 4063 Handio
616 4007 674 4062 ibd.
698 4027 727 4081 p.
748 4006 806 4062 391
837 4004 938 4083 [quern
962 4025 1064 4063 secure
1087 4006 1220 4081 sequitur
1242 4006 1292 4063 El·

215 4094 344 4149 lendtius
368 4092 405 4148 ad
427 4093 459 4148 II
482 4092 517 4147 de
541 4091 624 4150 Orat.
651 4089 740 4168 132],
769 4090 845 4149 Gzio
869 4092 905 4147 ad
929 4090 990 4149 Cio.
1013 4093 1104 4167 Legg.
1128 4093 1175 4162 ΙΙ,
1203 4092 1239 4148 12
1263 4100 1294 4148 et

217 4178 253 4233 ad
277 4179 305 4235 h.
320 4178 347 4236 l..
372 4177 481 4234 Ottone
504 4178 541 4233 ad
559 4178 583 4242 I,
601 4178 659 4249 10),
683 4195 806 4251 quorum
830 4175 891 4232 fere
914 4194 1000 4232 nemo
1022 4177 1094 4233 satis
1117 4176 1205 4233 certis
1227 4176 1293 4233 fini·

217 4263 271 4319 bus
284 4264 485 4336 quaestionem
498 4262 676 4330 terminavit,
694 4261 828 4318 nonnulii
843 4261 1016 4338 gravissime
1035 4270 1179 4321 errarunt.
1214 4261 1292 4319 Nam
1326 4311 1328 4314 .

217 4347 253 4403 iis
276 4348 420 4422 exemplis
442 4356 579 4416 utuntur,
608 4349 637 4404 in
666 4348 773 4422 quibus
801 4365 866 4404 cnm
894 4347 975 4404 nulla
997 4347 1116 4404 omnino
1138 4347 1177 4404 sit
1204 4364 1294 4404 censa

217 4451 360 4507 personae
376 4433 458 4489 reive
475 4434 547 4490 satis
564 4433 622 4490 iem
640 4433 777 4490 definitae
794 4433 965 4508 pronomine
977 4435 1025 4507 (is)
1037 4431 1293 4503 demonstrandae,
