3030 5086
659 516 855 563 emersura.
1180 501 1299 567 XXXV
1397 572 1400 576 ,

307 686 344 748 ln
375 685 487 749 ceteris
516 683 724 749 deterioribus
757 684 913 749 codicibus
946 693 1072 765 praeter
1105 705 1296 752 communem

215 790 305 856 illam
327 790 577 873 interpolationis
599 799 631 856 et
653 793 835 856 mendorum
857 791 973 870 labem,
997 811 1061 872 qua
1082 811 1180 872 genus
1202 813 1298 874 agno-

216 899 320 964 scitur
342 906 501 981 temquam
523 908 612 977 nota,
639 896 729 962 feoile
757 897 959 979 intellegitur,
989 907 1020 963 et
1047 918 1172 965 errores
1200 920 1298 965 novos

200 1007 310 1072 ·vsrie
336 1006 506 1072 secessisse
538 1013 571 1071 et
594 989 774 1086 'eorngeudi
807 1012 952 1071 conatum
986 1007 1143 1071 interdum
1176 1007 1298 1088 longius

218 1133 422 1195 progressum
445 1131 522 1191 esse,
545 1113 637 1177 aliter
659 1113 690 1177 in
713 1113 796 1191 aliis;
820 1112 905 1176 velut
925 1114 949 1190 Ι,
971 1114 1024 1188 46,
1047 1132 1115 1178 cum
1133 1114 1299 1179 excidisset

218 1225 382 1298 amoenet,
405 1221 520 1301 partim
541 1221 643 1284 oratio
667 1238 778 1284 manca
800 1219 911 1286 relicta
933 1229 995 1298 est,
1017 1221 1133 1301 partim
1156 1221 1301 1285 additum

218 1327 339 1407 doeeet3
366 1328 396 1391 in
420 1327 466 1405 11,
489 1329 530 1392 26
551 1327 581 1390 in
604 1327 763 1408 plerisque
785 1328 901 1392 omissa
923 1336 1011 1406 sunt,
1039 1346 1120 1408 quae
1147 1328 1237 1408 pauci
1260 1346 1297 1393 ex

219 1428 362 1516 margine
384 1435 533 1516 principis
556 1435 766 1516 servamnt.¹)
810 1434 888 1499 Sunt
916 1435 947 1499 in
976 1435 1024 1499 his
1047 1435 1178 1516 vestigia
1201 1454 1298 1516 quae·

220 1545 294 1607 dem
316 1541 474 1633 propioris
487 1519 689 1623 'cognationis
711 1551 865 1606 certorum
885 1538 976 1606 huius
993 1541 1126 1606 familiae
1142 1541 1296 1620 codieunn

221 1649 305 1714 velut
327 1656 475 1730 apparet,
498 1649 664 1713 editionem
687 1649 859 1712 Romanam
884 1649 979 1713 multo
1002 1650 1129 1730 saepius
1152 1666 1221 1712 cum
1244 1667 1295 1712 oo·

221 1758 291 1822 dioe
324 1765 431 1821 nostro
459 1756 625 1820 Parisieusi
654 1756 828 1821 consentire
855 1775 948 1837 quam
977 1756 1204 1834 Coloniensem3
1240 1755 1296 1819 sed

220 1883 323 1945 neque
343 1864 448 1945 magni
470 1864 617 1927 momenti
644 1863 720 1927 haec
742 1869 815 1926 sunt
837 1863 878 1926 ed
900 1863 1136 1943 ponderandum
1159 1862 1295 1928 familiae

220 1971 430 2035 testimonium
454 1977 539 2047 (nam
561 1968 628 2035 fere
649 1987 820 2050 paucorum
842 1989 863 2033 a
884 1969 1007 2049 generis
1030 1988 1184 2034 consensu
1206 1971 1296 2034 aber·

221 2079 359 2142 rationes
381 2077 470 2143 facile
490 2079 681 2158 iudicantur)
705 2095 807 2158 neque
828 2076 975 2157 explicari
998 2077 1142 2142 distincte
1164 2088 1298 2159 possunt

220 2186 251 2248 iu
274 2194 365 2249 tanta
386 2203 508 2258 eorum,
536 2186 589 2266 qui
616 2183 674 2248 hos
697 2185 818 2248 codices
840 2184 1065 2262 adhibuerunt,
1094 2184 1296 2267 neglegentia.

220 2292 331 2372 ltaque
352 2297 474 2356 tanturn
496 2309 587 2372 pono,
608 2292 691 2355 iuter
712 2285 837 2355 minime
860 2290 959 2355 malos
979 2310 1048 2357 esse
1063 2290 1141 2355 Pell.
1154 2293 1173 2354 3
1186 2295 1248 2356 eti
1266 2301 1297 2356 et

220 2397 428 2463 Parisieusem
452 2406 592 2463 nostrum
616 2399 660 2478 (in
684 2417 745 2480 quo
767 2399 807 2475 11,
829 2399 867 2463 61
894 2416 952 2479 pro
974 2398 1025 2461 ubi
1046 2403 1081 2461 ot
1103 2398 1230 2463 estetsi
1251 2402 1295 2478 nt,

219 2506 251 2569 iu
268 2506 380 2570 ceteris
396 2505 603 2570 deterioribus
619 2525 694 2567 nam
708 2506 767 2586 ut),
785 2506 935 2569 mutando
948 2512 979 2569 et
990 2505 1164 2586 mnrigendi
1182 2517 1294 2572 conatu

218 2620 293 2694 post
313 2611 359 2683 Εξ
380 2613 471 2691 longe
491 2613 639 2693 progredi
662 2612 818 2677 Ellensem
843 2614 858 2676 1
884 2612 983 2691 (velut
1003 2613 1058 2691 IV,
1080 2616 1100 2678 6
1122 2613 1159 2676 de
1180 2614 1292 2676 anienis

218 2718 375 2782 Moenum
395 2719 501 2799 spineo
520 2717 719 2801 vellentium),
742 2729 808 2783 tum
831 2738 916 2795 vero,
939 2719 978 2784 de
1000 2738 1061 2800 quo
1085 2721 1200 2785 certius
1222 2739 1295 2785 eou-

220 2837 291 2906 stat,
309 2827 495 2894 Leidensem
512 2835 662 2904 nostrum,
680 2827 720 2891 ad
738 2846 830 2908 quem
848 2826 1049 2892 similitudine
1066 2827 1295 2892 acceditPal.2

220 2931 289 3012 (eir.
301 2935 342 2998 ed
355 2935 392 3011 V,
407 2930 469 3014 72).
502 2934 570 2998 Hoc
590 2951 689 3015 genus
712 2929 804 3015 quale
821 2935 871 3012 sit,
894 2933 1030 3013 intellegi
1047 2940 1153 3014 potest
1169 2934 1253 3011 elli,
1267 2937 1295 3010 i,

221 3042 271 3105 ubi
289 3060 358 3105 eum
370 3061 406 3105 ex
423 3040 540 3103 heduam?
557 3040 640 3104 libas
655 3041 687 3105 in
700 3041 857 3105 codicibus
869 3040 1078 3105 deterioribus
1097 3050 1200 3104 ortum
1213 3053 1296 3104 esset

220 3147 305 3211 heluo
321 3147 397 3223 libri,
420 3149 451 3211 in
463 3149 548 3212 Leid.
567 3150 613 3228 (et
635 3149 682 3212 ed.
707 3149 821 3229 prime)
840 3146 953 3211 iactum
971 3154 1020 3211 est
1035 3146 1121 3209 deleo
1140 3146 1294 3223 libramen,

222 3265 252 3320 et
268 3274 285 3320 e
302 3256 340 3323 V,
353 3256 403 3333 39,
427 3255 477 3319 ubi
494 3274 563 3319 eum
581 3258 724 3334 epotare
740 3264 841 3318 ortum
862 3265 947 3319 esset
961 3259 1070 3333 aptare
1087 3263 1118 3318 et
1134 3259 1295 3332 ostentare

222 3372 252 3426 et
272 3367 501 3442 aeneamque,
523 3372 653 3442 propter·
677 3382 734 3441 que
755 3363 784 3425 in
803 3362 889 3426 Leid.
907 3361 1056 3441 seriptum
1080 3367 1129 3424 est
1144 3380 1296 3424 rosnaium

221 3475 447 3549 empatereque.
467 3469 582 3532 Verum
594 3468 653 3532 hae
665 3488 773 3533 omues
784 3470 979 3532 coniecturae
991 3475 1026 3531 ut
1037 3468 1151 3532 nullam
1163 3487 1294 3548 prorsus

223 3578 434 3640 auctoritatem
462 3576 589 3652 habeut,
622 3577 666 3639 ita
694 3576 849 3639 interdum
883 3575 931 3657 [ut
958 3593 1056 3656 supra
1084 3574 1160 3657 dixi]
1195 3595 1295 3655 parus

223 3683 333 3747 menda
355 3700 412 3746 nec
433 3683 525 3762 louge
542 3702 561 3745 a
577 3701 651 3746 vero
668 3682 846 3746 aberrantia
865 3682 895 3744 in
916 3700 950 3746 re
967 3691 999 3746 et
1015 3683 1167 3746 sententia
1185 3695 1295 3760 aperte

224 3799 304 3853 recte
326 3788 450 3868 tollunt,
481 3808 501 3853 a
530 3789 668 3854 doctiore
696 3798 728 3854 et
754 3789 958 3868 prudentiore
985 3788 1108 3852 homine
1136 3786 1294 3869 profectae

288 4030 413 4077 Gruterus
432 4041 524 4077 omnes
543 4028 672 4078 Palatinos
691 4033 735 4077 aut
754 4033 853 4076 eeteros
873 4031 987 4090 quinque
1005 4028 1137 4091 appellens
1157 4033 1201 4075 eut
1219 4030 1293 4076 sinri-

289 4112 346 4161 llter
368 4113 539 4163 deterioribus
563 4114 687 4174 adiungit.
725 4111 847 4161 Miramur
867 4115 956 4174 igliur,
980 4115 1037 4175 quis
1061 4113 1103 4160 hie
1127 4111 1202 4160 luerit
1222 4111 1294 4160 Pelu-
1323 4114 1324 4117 ’

288 4201 359 4246 tinus
378 4198 487 4247 Grutero
506 4196 628 4261 ignotus]

250 4280 270 4341 ¹)
290 4282 460 4331 Memorabilis
480 4284 675 4332 dissensusest
694 4284 719 4330 ln
740 4281 773 4339 ll,
792 4281 837 4338 68,
857 4285 900 4331 ubi
921 4282 1028 4332 Palatini
1048 4285 1161 4344 quinque
1181 4289 1204 4329 et
1224 4282 1292 4330 Pari·

288 4369 389 4416 aienses
413 4367 501 4428 troad)
520 4369 643 4416 dicuntur
666 4366 760 4416 hebere
784 4366 914 4416 Themide
939 4368 978 4427 (ut
997 4368 1057 4440 Εξ),
1084 4369 1164 4414 nostri
1190 4373 1214 4415 et.
1233 4365 1292 4414 Oxi.

288 4456 340 4500 tres
358 4451 455 4501 hebent
473 4450 635 4500 Themistocle.

1060 4539 1087 4578 c·
