3030 5086
475 501 518 547 ur
542 500 622 547 maa.
647 501 709 548 ure,
732 502 743 547 r
766 502 838 549 ear.
864 506 899 550 ιο.
917 503 980 564 (ιο)
1204 487 1264 550 119

182 668 335 733 orationis
368 676 400 732 et
433 649 686 750 consequentium
721 671 998 751 repugnantiumve
1036 671 1118 736 ratio
1159 680 1267 753 potest

182 771 334 852 perspiei;
373 770 510 834 omnium
542 781 647 836 autem
670 790 785 840 ‚rerum
818 782 930 837 natura
962 773 1085 854 cognita
1117 774 1263 838 levamur

185 962 237 1032 89,
254 963 303 1034 ll)
327 979 385 1017 nou
409 963 557 1029 continuo,
581 980 657 1037 quae
680 955 709 1017 ἐν
731 958 773 1032 τῷ
794 959 936 1034 caveriaci
955 963 1155 1031 tradebantur,
1179 982 1215 1020 ea
1235 965 1264 1021 in

186 1045 316 1145 physicis
344 1045 420 1102 tradi
449 1046 504 1103 dici
530 1059 679 1140 poterant;
708 1048 770 1122 ipse
795 1047 944 1141 Diogenes
968 1049 1081 1106 Laerta
1109 1048 1265 1144 διαιρεῖται

185 1125 294 1199 τοίνυν,
318 1131 423 1205 inquit
447 1124 488 1196 εἰς
504 1125 595 1222 τρία,
605 1119 640 1187 τό
657 1149 690 1187 τι
706 1120 858 1187 κανονικὸν
875 1120 923 1187 aui
942 1123 1066 1204 φυσικὸν
1083 1122 1132 1188 καὶ
1151 1121 1263 1206 ἠθικόν.

187 1217 225 1273 Et
243 1226 396 1289 praeterea
412 1207 447 1271 ci
460 1200 612 1272 κανονικόν
630 1216 702 1273 illud
720 1215 906 1296 adiungitur
908 1217 1080 1277 aCicerone
1099 1227 1201 1292 postea
1218 1217 1265 1274 his

187 1299 300 1359 verbis:
323 1311 431 1358 servata
453 1303 514 1369 itta,
537 1319 608 1373 οιιαο
629 1305 711 1376 quasi
731 1303 844 1395 delapsa
866 1312 923 1359 cet.
969 1303 1079 1360 'l'um'
1069 1322 1099 1361 un
1123 1304 1265 1360 canonico

186 1388 223 1444 de
246 1404 385 1444 sensarum
407 1386 515 1443 iudicio
538 1385 743 1465 disputabatur
759 1373 870 1461 (aepi'
856 1383 983 1461 ιναργών
1006 1376 1055 1444 aui
1079 1376 1194 1462 ἅδίλιον
1216 1375 1264 1443 aul

185 1468 245 1528 τῶν
267 1460 385 1536 τούτοις
408 1458 598 1539 caeleritate,
622 1471 703 1531 Sext.
685 1472 814 1546 t.Ernp
837 1470 903 1526 adv.
927 1473 1068 1528 Mathem.
1093 1426 1168 1540 vil,
1193 1472 1264 1545 22);

186 1556 224 1613 de
237 1565 342 1612 natura
354 1554 496 1612 orationis
507 1557 809 1654 conseqtrerrtirrrnque
827 1568 857 1613 et
874 1558 1100 1632 repugnantium
1119 1557 1160 1614 ihi
1173 1575 1265 1632 expo·

188 1642 276 1699 situm
301 1660 358 1698 non
383 1649 463 1717 puto,
487 1660 562 1714 quae
586 1644 704 1698 orrrrrino
728 1642 874 1716 Epicurus
897 1661 955 1698 non
979 1643 1156 1718 explicabat.
1201 1642 1265 1699 Nec

189 1728 245 1784 huc
268 1727 409 1802 pertinet,
433 1735 464 1782 ut
488 1726 618 1785 Orellius
641 1736 738 1802 putat,
763 1727 842 1801 quod
865 1726 893 1782 in
917 1727 1061 1804 physicis,
1085 1736 1117 1785 ut
1140 1727 1265 1784 aliarum

187 1831 295 1882 rerum,
319 1813 360 1869 sic
384 1811 528 1869 sermonis
545 1813 627 1888 origo
647 1812 972 1886 tractabaturOEpicur.
993 1813 1078 1888 epist.
1101 1814 1138 1870 ad
1155 1812 1265 1869 Herod.

188 1897 266 1972 apud
290 1898 377 1974 Diog.
402 1899 441 1963 X,
467 1897 515 1957 75.
540 1899 655 1955 Lucret.
683 1899 719 1961 V,
748 1898 855 1974 1028),
879 1898 938 1953 ulia
961 1909 1005 1954 est
1027 1900 1104 1956 enim
1129 1898 1192 1955 eius
1215 1916 1266 1954 na·

189 1993 264 2052 tura,
288 2002 363 2056 quae
386 1982 424 2038 ad
446 1982 571 2057 logicam
595 1994 624 2040 et
641 1983 824 2039 dialecticam
843 1992 955 2057 spectat
973 1984 1022 2057 (de
1045 1983 1219 2042 affirmando
1237 1994 1267 2040 et

189 2068 323 2143 negando
345 2068 522 2144 generaliter
544 2077 573 2124 et
596 2069 631 2124 de
654 2068 790 2144 singulis
820 2087 954 2142 quaeque
982 2069 1091 2127 similia
1117 2088 1135 2126 a
1158 2068 1266 2127 Stoicis

188 2153 347 2228 diligenter
373 2152 635 2252 exquirebantur)
690 2115 829 2223 Accedit,
865 2154 943 2226 quod
977 2155 1065 2228 paulo
1100 2164 1181 2230 post,
1215 2153 1265 2210 ubi

188 2229 449 2310 ανακεφοιλαίωσις
470 2238 503 2294 fit
525 2239 586 2314 (Sic
608 2259 622 2296 e
640 2240 761 2314 physicis
784 2238 868 2313 cet),
898 2239 970 2295 nihil
994 2240 1030 2297 de
1052 2240 1107 2297 hac
1130 2239 1266 2316 physico·

189 2341 254 2379 rum
278 2322 364 2379 laude
385 2322 467 2387 dicit
490 2324 582 2381 seda
604 2323 809 2381 fortitudine
800 2325 919 2399 incipit,
942 2343 1018 2398 quae
1040 2325 1199 2422 respondet
1220 2324 1266 2381 his

190 2407 349 2484 proximis:
372 2412 595 2466 capraemontem
618 2430 705 2466 rerum
729 2419 827 2466 ιιοιιαο
850 2422 903 2465 cet.
950 2411 1054 2485 Itaque
1077 2429 1135 2467 non
1159 2409 1267 2466 iniuria

189 2493 357 2567 superiores
380 2494 555 2568 interpretes
578 2495 712 2551 nonnulli
734 2493 925 2562 offenderant,
950 2514 1024 2569 quos
1046 2494 1140 2555 Gzius
1162 2513 1266 2571 parum

190 2588 275 2635 acute
298 2587 327 2634 et
349 2579 554 2654 intellegenter
577 2580 694 2637 refellit.
728 2579 787 2639 Sed
810 2599 925 2636 omnem
944 2581 1110 2656 corrigendi
1129 2590 1267 2637 conatum

189 2663 322 2738 reprimit
347 2665 472 2740 primum
496 2666 638 2722 orationis
661 2675 730 2740 apta
752 2664 847 2722 fornm
865 2675 894 2721 et
910 2665 1072 2740 scripturae
1091 2665 1267 2734 constantia,

189 2759 252 2806 tura
276 2749 369 2825 magis
393 2750 473 2819 illud,
497 2751 574 2823 quod
598 2751 686 2807 nrtllis
711 2750 852 2807 machinis
875 2749 952 2807 effici
976 2761 1086 2826 potest,
1109 2761 1142 2808 ut
1164 2751 1194 2807 id
1217 2749 1266 2809 ci-

190 2853 258 2892 cero
282 2835 404 2905 dixerit,
428 2835 506 2908 quod
531 2855 630 2892 verum
655 2846 732 2906 crat,
756 2836 827 2891 hacc
851 2835 1010 2911 Epicurum
1034 2856 1091 2893 non
1114 2845 1267 2904 tractasse,

189 2920 268 2994 quod
293 2920 329 2977 iis
351 2938 382 2976 se
404 2919 492 2976 facile
511 2939 611 2977 carere
630 2939 715 2994 posse
732 2931 858 2994 putaret.
892 2921 930 2977 Et
948 2921 1077 2979 incident
1094 2921 1193 2990 etiarn,
1217 2921 1268 2996 qui

188 3005 338 3080 corrigere
357 3006 464 3074 volent,
489 3006 534 3062 his
551 3007 588 3062 ad
611 3007 795 3063 dialecticam
820 3006 979 3074 translatis,
1002 3009 1032 3064 iu
1056 3007 1177 3064 eandem
1203 3025 1268 3082 per·

191 3090 371 3161 versitatem,
395 3109 482 3164 quarn
506 3092 534 3147 in
551 3092 673 3148 Davisio
698 3091 807 3155 notari,
831 3104 864 3148 ut
886 3092 1022 3149 lattrdetur
1044 3092 1268 3166 necessariaque

190 3177 363 3232 ostendatur
391 3176 555 3232 dialectica.
607 3178 711 3250 ltaque
742 3177 797 3233 Th.
821 3176 987 3247 Bentleius,
1018 3196 1083 3235 cunr
1108 3177 1269 3235 Lambinus

191 3261 425 3335 transponendo,
460 3262 615 3332 mutando,
649 3262 798 3336 addendo,
832 3262 956 3319 delendo
984 3263 1057 3319 nihil
1086 3262 1268 3338 profecisset.

191 3345 261 3402 forti
284 3347 413 3404 remedio
436 3348 509 3405 haee
532 3348 631 3404 omnia
649 3348 753 3404 rerba:
776 3366 807 3402 ea
824 3351 933 3405 scientia
949 3351 1115 3425 -perspici
1131 3348 1268 3415 tollebam

190 3431 301 3489 oblitus
324 3440 421 3488 tamen
446 3442 490 3490 eet
512 3433 598 3489 simul
622 3452 674 3507 pro
697 3443 784 3488 antem
807 3451 949 3507 reponere
971 3438 1048 3493 etaim.
1080 3431 1270 3514 [Corrigendi

192 3535 251 3573 una
263 3527 341 3574 esset
358 3517 405 3573 ria
424 3518 510 3575 haec·
525 3522 623 3592 poterit.
605 3518 731 3575 artam
747 3522 804 3574 siae
820 3521 867 3575 atla
880 3519 955 3592 (vel
974 3519 1010 3575 N
1027 3523 1084 3577 siae
1100 3517 1270 3593 dialecticae)

191 3605 301 3658 scientia
323 3613 410 3658 et-
371 3608 565 3691 -perspaci;
595 3606 710 3659 canariam
733 3598 803 3695 ceth]
848 3603 926 3676 Quid
955 3623 1024 3681 ergo
1054 3602 1118 3662 est?
1164 3603 1269 3663 Cicero

193 3688 333 3762 deceptus
355 3688 407 3744 illa
429 3671 565 3756 σιντιέξει
587 3685 640 3743 τοῦ
664 3705 789 3760 paciaco
811 3678 860 3743 aci
882 3685 936 3744 τοῦ
959 3685 1112 3745 κανονικοῦ
1131 3689 1270 3778 physicae

192 3770 352 3870 ampliores
374 3773 455 3830 dedit
477 3774 564 3842 fines,
593 3791 681 3846 quarn
705 3772 820 3842 debuit,
850 3791 904 3830 uec
931 3774 1023 3831 solum
1053 3763 1089 3828 τὸ
1116 3756 1270 3830 κανονικόν

193 3859 220 3914 ei
249 3859 388 3928 subiecit,
417 3859 469 3915 sed
497 3858 630 3915 nonnihil
659 3877 675 3914 e
704 3857 872 3916 Stoicorum
900 3858 1069 3916 dialecticis.
1115 3859 1270 3915 Postremo

193 3946 272 4017 qnod
290 3943 383 4001 Gaius
401 3944 584 4001 dialecticam
603 3954 716 3999 tantum
735 3953 819 4000 artem
838 3962 902 4001 esse
919 3945 970 4011 eit,
994 3963 1052 4001 uon
1069 3947 1214 4002 scientiam.
1238 3950 1284 3999 ut.

193 4030 359 4104 physicam,
383 4029 531 4104 ignoravit
554 4028 707 4088 Ciceronis
729 4028 889 4102 interpres,
918 4049 954 4085 ne
977 4030 1128 4105 physicam
1152 4028 1271 4102 quidem

193 4128 244 4171 aut
263 4115 353 4171 ullam
373 4115 460 4171 aliam
479 4115 531 4171 illo
548 4114 645 4181 mode,
669 4122 701 4169 ut
718 4113 783 4188 ipsa
800 4113 957 4189 disciplina
974 4118 1042 4188 (ciue
1062 4110 1270 4188 lll'aeeaechast)

193 4199 396 4273 intellegatur,
427 4200 532 4257 Latine
561 4200 712 4256 scientiam
741 4199 900 4272 appellari,
935 4199 1038 4256 sedin
1063 4199 1184 4275 physico
1207 4216 1270 4256 esse

194 4285 332 4360 physicae
355 4285 507 4342 scientiam
532 4286 686 4360 (Wiasea),
709 4284 739 4339 in
763 4284 917 4341 dialectico
940 4284 1120 4342 dialecticae.
1165 4285 1271 4358 Itaque
1332 4349 1335 4354 Δ

192 4370 348 4427 dialectica
370 4371 501 4428 continet
524 4380 553 4427 et
575 4370 685 4428 honrini
709 4367 794 4426 affert
814 4372 1001 4446 perspiciendi.
1025 4372 1093 4445 quid
1114 4373 1140 4427 ιἰι
1163 4388 1272 4446 quaque
