3030 5086
216 496 304 560 XXX
655 507 853 563 Pnnssnmo.

216 684 317 748 minus
347 683 442 762 notis)
470 702 579 748 verum
610 685 748 748 servavit
770 686 819 767 (ut
846 685 891 763 11,
914 685 956 749 20
983 703 1146 766 roreque,
1175 687 1217 751 24
1236 705 1299 769 pa-

216 790 308 869 mios,
336 792 378 855 54
407 787 552 871 anpiorri
579 810 648 856 cum
677 791 876 872 Scaligerano
907 800 937 858 et
960 792 1147 872 Moreliano,
1180 795 1241 858 104
1269 792 1302 856 is

217 902 297 976 tum,
327 900 411 978 quod
433 899 533 964 altera
554 919 665 964 manus
688 902 798 965 eodem
821 899 913 963 modo
936 901 1089 981 corrupit,
1113 920 1175 982 qno
1197 899 1296 967 ceteri

217 1006 351 1078 codicesl
374 1011 429 1070 aut
451 1007 583 1086 vestigia
604 1009 670 1072 veri
693 1007 752 1090 (II,
777 1009 818 1073 26
846 1013 874 1070 ct
894 1008 1091 1086 necessariae,
1120 1009 1169 1073 cui
1191 1009 1299 1074 altera

216 1132 327 1178 manus
349 1122 434 1178 recte
454 1133 517 1177 ooo
539 1115 689 1198 addidit),
718 1121 821 1180 tamen
850 1115 919 1180 aliis
941 1116 1017 1181 locis
1039 1115 1114 1198 (non
1138 1116 1237 1180 sulum
1262 1115 1296 1179 in

216 1219 389 1289 manifestis
412 1221 471 1286 illis
494 1223 561 1286 cod.
585 1224 613 1286 A
635 1223 766 1303 mardie,
790 1241 870 1303 quae
892 1242 989 1305 supra
1011 1224 1117 1305 posui)
1140 1223 1217 1288 Bet
1229 1222 1295 1287 Erl.

217 1347 323 1393 veram
357 1328 545 1410 scripturam
573 1331 603 1394 iu
632 1332 660 1394 A
694 1330 902 1395 oblitteratam
935 1350 953 1396 e
986 1331 1091 1395 codice
1124 1329 1295 1413 archetypo

217 1443 384 1501 tenuerunt
405 1437 455 1517 (ut
475 1438 515 1514 ΙΙ,
536 1440 575 1503 16
597 1437 698 1502 solum
713 1441 818 1517 pidet,
840 1440 881 1503 27
900 1437 1045 1518 equidem,
1070 1439 1111 1503 74
1128 1438 1295 1516 metim,

217 1546 257 1610 83
274 1564 317 1607 aa
338 1564 416 1621 ecre,
439 1545 481 1608 94
497 1548 678 1623 praecentet,
702 1546 753 1610 ubi
777 1546 808 1610 iu
826 1548 854 1610 A
876 1545 970 1610 etiam
987 1545 1120 1627 vestigia
1137 1546 1201 1610 veri
1219 1546 1294 1611 sub·

216 1652 281 1717 lata
303 1653 404 1732 sunt),
431 1658 467 1715 ut
494 1670 553 1732 par
581 1650 646 1716 lere
673 1652 714 1717 sit
735 1653 920 1731 auctoritas,
949 1653 1105 1718 rationum
1128 1654 1296 1718 momentis

215 1759 430 1841 ponderanda
440 1759 466 1842 ¹)
501 1762 605 1841 Atque
622 1765 671 1824 est
687 1760 789 1839 etiam,
807 1759 860 1825 ubi
876 1761 907 1825 in
925 1762 1018 1826 read
1036 1762 1204 1826 errandum
1218 1777 1294 1841 pro·

216 1867 287 1932 clivi
304 1867 384 1932 alter
400 1885 437 1931 ex
453 1866 513 1931 illis
531 1867 652 1932 duobus
670 1886 777 1943 verum
795 1868 937 1947 servarit,
958 1868 1057 1932 altero
1075 1870 1184 1933 cumA
1200 1867 1294 1933 aber·

217 1984 313 2040 rante.
338 1975 419 2040 Nam
431 1980 467 2039 ut
477 1974 604 2039 Baitero
617 1975 753 2040 codicem
765 1975 989 2055 Erlangensem
1001 1976 1122 2041 mendis
1134 1974 1296 2057 aliquanto

217 2082 456 2163 inquinatiorem
479 2082 611 2162 quamB
628 2082 781 2160 iudicanti
795 2085 834 2148 de
853 2102 981 2148 numero
999 2101 1141 2148 errorum
1158 2102 1220 2148 non
1243 2099 1294 2147 re-

217 2208 321 2272 pugno
345 2190 547 2272 (quamquam
564 2191 604 2269 11,
617 2192 658 2256 38
676 2189 852 2272 relinqu-unt
874 2197 905 2255 et
920 2192 963 2255 49
979 2195 1051 2253 onte
1066 2189 1182 2269 popolo
1205 2195 1236 2255 et
1251 2190 1298 2255 50

211 2301 340 2377 propter
355 2296 508 2376 percolere
528 2298 570 2361 sic
592 2306 623 2361 et
645 2297 707 2362 ulia
726 2297 838 2362 similia
855 2299 880 2359 B
898 2297 995 2362 solius
1018 2298 1113 2378 sunt),
1136 2297 1181 2362 ita
1202 2297 1294 2362 video

216 2406 262 2484 II,
288 2406 348 2470 108
376 2405 439 2468 Eri.
469 2424 536 2470 cum
560 2404 641 2486 Spir.
670 2412 702 2470 et
730 2405 870 2484 margine
893 2403 977 2469 Orat.
1006 2411 1113 2470 tencre
1140 2406 1235 2470 verbe
1262 2403 1295 2469 in

217 2513 245 2577 B
274 2521 305 2577 ct
333 2513 444 2577 ceteris
473 2513 601 2591 omissa,
634 2513 679 2591 ll,
704 2512 765 2577 115
795 2512 825 2576 in
853 2531 890 2576 co
919 2520 951 2576 et
978 2512 1184 2577 deterioribus
1212 2518 1298 2576 recte

218 2621 367 2702 scriptum
396 2638 465 2684 esse
498 2640 519 2681 a
545 2619 725 2698 arctioribus,
757 2620 789 2684 iu
819 2619 845 2682 B
871 2624 902 2684 et
928 2619 956 2682 A
983 2617 1147 2683 ommibus.
1191 2619 1297 2684 Etiam

218 2729 257 2807 ΙΙ,
275 2730 316 2794 39
339 2729 366 2792 Β
388 2745 528 2792 errorem
551 2744 743 2792 communem
766 2746 845 2791 novo
868 2745 975 2792 errore
997 2727 1083 2790 auxit
1106 2708 1218 2808 (corais
1239 2724 1297 2789 od-

217 2835 344 2918 iunctio)
372 2842 404 2900 et
431 2836 469 2914 V,
491 2835 534 2900 55
567 2840 660 2900 tenue
687 2834 850 2914 vestigium
879 2834 943 2900 veri
972 2832 1071 2916 (etatis
1098 2852 1134 2898 ex
1162 2831 1298 2915 antula)

220 2944 347 3009 sustulit
369 2942 534 3024 (statues).
579 2945 683 3023 Atque
704 2945 774 3023 ipsa
795 2942 857 3021 illa,
880 2960 961 3023 quae
983 2941 1105 3006 codices
1124 2941 1298 3006 deteriores

218 3052 400 3131 inquinavit,
418 3050 616 3132 interpolatio
629 3055 776 3130 susceptu
790 3049 877 3113 initio
896 3055 944 3113 est
959 3048 991 3113 in
1009 3047 1114 3112 codice
1131 3067 1169 3113 ex
1185 3046 1297 3113 arche-

219 3166 294 3241 typo
312 3158 452 3223 similiter
471 3166 566 3239 etque
583 3159 610 3220 A
627 3164 659 3222 et
670 3156 761 3221 BErl.
779 3162 862 3235 orto;
886 3171 956 3220 nam
979 3174 1080 3238 neque
1102 3157 1178 3219 exA
1195 3172 1314 3236 neque-

220 3285 257 3332 ex
291 3266 429 3331 codicum
457 3266 550 3330 BErl.
579 3272 711 3346 parente
739 3271 839 3328 ortam
871 3263 955 3329 illam
983 3263 1112 3344 stirpem
1140 3280 1223 3342 esse,
1257 3280 1298 3328 ne

221 3375 283 3439 alia
304 3375 478 3456 anquiram,
501 3374 720 3440 demonstrant
740 3391 801 3436 non
824 3371 932 3452 paucis
954 3371 1029 3435 locis
1051 3376 1178 3436 servate
1199 3370 1230 3434 in
1248 3369 1299 3434 his

221 3481 378 3546 codicibus
402 3482 497 3546 verba
519 3480 641 3562 singula
663 3480 802 3560 plurave,
824 3497 904 3560 quae
922 3478 1038 3559 purtim
1056 3478 1086 3541 in
1105 3479 1132 3540 A
1149 3476 1297 3542 omittun-

221 3595 272 3653 tur
289 3591 339 3669 (ut
356 3589 411 3669 ΙΙΙ,
425 3589 466 3654 26
484 3589 591 3668 et29),
613 3587 728 3669 partim
750 3586 782 3651 in
804 3586 895 3650 BErl.
913 3588 962 3666 (ut
984 3604 1064 3666 quae
1087 3603 1185 3665 supra
1205 3582 1298 3665 posui

222 3708 253 3761 et
279 3697 340 3775 ΙΙΙ,
363 3697 418 3774 93,
441 3695 504 3775 al).
554 3695 605 3759 Fit
636 3694 731 3774 igitur
764 3695 930 3759 universae
962 3692 1156 3775 cognationis
1186 3691 1226 3771 (si
1259 3710 1297 3756 ex

223 3907 450 3916 .-.—-—-—

250 4045 272 4109 ¹)
293 4041 387 4110 [Altera
412 4056 506 4094 munus
526 4042 622 4091 eodlcls
642 4041 662 4091 A
681 4041 810 4091 interdum
831 4041 982 4090 munllestos
1004 4053 1103 4090 errores
1122 4043 1242 4100 correxit,
1269 4043 1299 4087 ut

292 4131 324 4189 ΙΙ,
343 4129 377 4183 38
402 4134 468 4179 recte
494 4128 554 4177 lectt
577 4139 664 4189 erpere
685 4126 845 4188 probabitur,
874 4124 907 4177 78
928 4129 1057 4175 revoeuvlt
1080 4137 1157 4186 quom
1179 4123 1235 4182 diu,
1263 4121 1298 4174 92

291 4218 403 4264 restituit
422 4215 486 4262 alter
504 4226 548 4276 pro
568 4211 656 4269 aliter,
680 4223 710 4260 ex
729 4224 779 4272 quo
799 4210 905 4269 mendo,
929 4211 997 4272 quod
1017 4210 1160 4258 lunellum
1180 4211 1205 4257 ln
1225 4208 1296 4257 dele·

292 4303 388 4349 riorum
408 4299 485 4354 fonte,
507 4303 596 4346 natum
616 4302 654 4346 eet
673 4295 747 4343 aliter
765 4309 849 4357 quam,
868 4296 936 4354 alibi,
958 4301 984 4345 ut
1003 4294 1038 4354 ut,
1059 4293 1182 4344 mendum
1203 4291 1297 4342 mendo

291 4387 374 4443 sunit,
403 4389 431 4432 ut
455 4383 488 4442 ll,
508 4382 541 4435 44
564 4395 624 4431 cum
648 4394 693 4443 pro
716 4380 738 4428 is
761 4383 886 4443 seriptum
910 4385 977 4430 esset
1000 4379 1049 4434 Ais,
1072 4391 1117 4442 pro
1141 4378 1213 4427 hotot
1238 4377 1299 4426 leelt

291 4465 400 4533 habent]
