3030 5086
417 489 460 534 au
484 488 564 534 nan.
587 488 650 533 nm.
673 487 709 533 111
730 487 804 534 oar.
825 490 864 538 ao,
883 488 1015 549 (ea-am
1190 469 1255 534 459

181 664 285 738 cetera
303 663 379 720 nata
394 673 464 720 esse
480 654 638 719 homiuum
656 673 751 720 causa
768 662 799 719 et
816 656 955 733 deorum,
978 672 1033 719 eos
1049 662 1153 719 autem
1171 673 1254 719 com·

180 757 339 821 munitatis
362 763 394 822 et
415 756 574 822 societatis
596 775 687 835 suae,
714 764 750 821 ut
771 756 878 821 bestiis
900 756 1040 821 homines
1063 756 1107 821 uti
1129 757 1171 820 ad
1194 756 1255 820 uti·
1354 833 1360 844 ‘

178 857 297 923 litatem
325 876 413 923 suam
441 857 565 939 possint
590 857 657 922 siae
677 858 800 927 iniuria
844 857 1060 938 Quoniamque
1081 877 1120 922 ea
1142 864 1255 922 natura

180 967 263 1024 esset
285 959 432 1037 hominis,
459 966 494 1023 ut
521 959 549 1023 ei
577 978 647 1024 oum
674 977 788 1041 genere
815 960 949 1023 humano
979 959 1070 1041 quasi
1096 959 1184 1024 civile
1205 960 1254 1026 ius

179 1061 395 1139 intercederet,
418 1062 472 1143 qui
493 1060 525 1124 id
548 1070 756 1134 conservaret
778 1080 846 1126 eum
869 1060 999 1140 iustum,
1022 1061 1074 1141 qui
1096 1061 1293 1142 migraret,b

179 1162 327 1227 iniustum
349 1161 425 1227 fore.
459 1162 521 1227 Sed
538 1163 807 1242 quemadmodum,
831 1162 987 1226 theatrum
1007 1181 1075 1227 oum
1092 1180 1255 1227 commune
1350 1244 1353 1250 Ι

180 1264 235 1343 sit,
263 1273 346 1329 reete
373 1270 476 1328 tamen
500 1263 560 1328 dioi
582 1271 699 1344 potest,
728 1263 794 1328 eius
822 1281 892 1328 esse
919 1281 989 1328 eum
1017 1262 1133 1343 locum,
1161 1283 1254 1345 quem

251 1471 271 1516 1.
291 1476 369 1516 cetera
387 1476 475 1517 natura
493 1467 514 1515 P
532 1477 615 1516 extera
633 1467 760 1515 naturaL
822 1472 844 1516 1.
863 1467 966 1516 leminea
984 1483 1032 1518 om.
1053 1467 1074 1518 C
1125 1475 1151 1516 ut
1173 1471 1209 1517 ad
1231 1467 1253 1516 t:

180 1540 203 1586 8.
225 1535 317 1598 possint
338 1552 406 1585 saara
430 1536 452 1584 E
505 1542 528 1584 4.
547 1545 572 1584 ut
590 1544 611 1583 et
629 1552 680 1584 cum
700 1534 792 1601 [AJEP
815 1545 840 1585 ut
858 1552 910 1584 cum
930 1536 1027 1586 Luca
1078 1535 1115 1584 ius
1138 1535 1162 1584 ei
1181 1536 1253 1584 iater-

179 1601 308 1652 eederetl.
353 1609 375 1652 5.
397 1603 448 1670 [qui
463 1613 559 1666 reparet
578 1603 611 1669 A]
657 1609 680 1651 6.
700 1612 724 1651 ut
742 1607 799 1668 ipro
817 1605 878 1667 cura)
896 1603 957 1653 EOr
983 1621 1034 1652 cum
1052 1621 1117 1653 oniae
1134 1621 1214 1653 contra.
1232 1604 1253 1652 L

179 1793 205 1862 1,
230 1793 268 1849 rt
292 1812 320 1868 p.
336 1794 385 1850 50.
417 1795 458 1850 Et
480 1796 589 1851 deorum
612 1793 803 1850 omittebatur
824 1794 852 1850 in
876 1811 935 1850 uno
958 1793 1022 1850 eod.
1045 1794 1113 1851 Par.
1127 1793 1253 1863 Davisii,
1298 1844 1301 1848 .

181 1877 230 1952 qui
249 1879 403 1952 probabat,
426 1879 504 1952 quia,
523 1897 597 1952 quae
615 1890 786 1952 sequuntur,
805 1879 843 1935 ad
861 1878 940 1936 solos
958 1879 1090 1936 homines
1106 1879 1253 1954 pertinent

181 1963 292 2037 (itaque
316 1963 403 2019 etiam
421 1963 566 2020 Lambino
589 1964 619 2019 in
644 1971 768 2019 mentem
789 1973 910 2020 venerat
933 1983 986 2038 pro
1008 1983 1052 2020 eoa
1074 1974 1160 2020 autem
1184 1964 1254 2020 seri·

181 2049 250 2104 bere
273 2048 388 2105 derainer
410 2051 524 2121 autem);
555 2048 606 2105 sed
629 2047 733 2106 Cicero
756 2048 851 2123 ipsum
875 2049 1023 2105 decretum
1048 2049 1133 2125 plene
1156 2049 1253 2124 ponit;

180 2132 285 2189 deinde
308 2133 435 2190 devertit
462 2133 499 2190 ad
522 2134 671 2190 hominum
694 2133 950 2202 communitatem,
980 2151 1055 2207 quae
1078 2134 1125 2190 hio
1148 2134 1253 2208 agitur.

195 2218 196 2221 ’
270 2217 455 2292 Quoniamque
476 2239 507 2275 eo
529 2229 628 2275 natura
650 2229 717 2274 esset
740 2219 866 2289 bortrinis,
889 2228 919 2274 ut
939 2221 975 2290 ei)
999 2217 1092 2277 Codd.
1117 2219 1253 2275 meliores

181 2302 269 2372 (Pell.
298 2307 322 2372 l,
346 2305 375 2372 4,
399 2303 477 2379 Spir.
495 2300 560 2383 [Β]
584 2303 670 2360 etiam
695 2302 774 2360 Gud.
796 2306 821 2371 l,
844 2304 926 2374 Bas.)
949 2313 977 2359 ut
998 2314 1031 2370 et,
1055 2324 1070 2359 o
1093 2323 1152 2378 quo
1175 2312 1253 2360 recte

180 2388 284 2446 Lamb.
309 2407 469 2463 pronomen
498 2388 695 2445 necessarium
724 2388 867 2458 restituit3
897 2388 1057 2445 deteriores
1085 2398 1252 2463 corruptam

181 2490 282 2528 rocem
306 2474 444 2529 omittunt
468 2474 578 2549 (Εὓξχ,
602 2473 680 2530 Gud.
700 2474 739 2545 2).
782 2474 878 2547 Supra
894 2471 998 2532 Cicero
1017 2474 1162 2548 praesenti
1181 2485 1253 2530 tem·

180 2576 250 2633 pore
274 2577 343 2614 usus
367 2568 410 2614 est
427 2559 567 2634 (possint).
592 2560 638 2614 hic
656 2559 698 2614 sie
720 2557 850 2632 loquitur
872 2560 959 2631 (esset,
981 2561 1152 2616 intercederet
1175 2562 1253 2632 oet).

180 2643 263 2715 quasi
292 2654 360 2699 ante
387 2644 547 2716 praeterito
570 2655 702 2718 tempore
724 2643 893 2717 primariam
917 2644 1090 2700 sententium
1114 2643 1254 2700 extulerit

180 2728 364 2802 (Chrysippus
380 2730 470 2801 diret),
494 2729 523 2784 in
540 2748 628 2802 quam
647 2728 871 2784 inconstantiam
896 2728 1066 2803 saepissime
1084 2729 1184 2785 incidit
1203 2741 1254 2784 aut

179 2812 209 2868 iu
227 2812 279 2868 illo
297 2813 395 2879 verbo,
419 2814 496 2886 quod
514 2814 648 2888 proxime
666 2812 806 2887 primario
822 2813 974 2881 subicitur,
998 2825 1047 2869 aut
1066 2814 1094 2869 in
1112 2813 1254 2870 orationis

180 2915 351 2972 progressu,
385 2916 449 2954 oum
480 2899 720 2973 philosophorum
748 2907 879 2954 veterum
911 2898 1028 2954 decreta
1056 2898 1165 2964 reddit,
1201 2915 1254 2955 neo

180 2982 274 3039 solum
303 2983 353 3040 ubi
381 3002 415 3038 ea
443 2984 479 3038 ad
508 3002 597 3039 unum
621 2982 748 3055 aliquem
777 2992 925 3039 auctorem
953 2983 1057 3051 reiert,
1085 2983 1135 3037 sed
1164 2984 1252 3038 etiam

181 3067 230 3123 ubi
253 3069 447 3124 communitor
474 3069 509 3124 de
538 3068 646 3124 sobolis
674 3067 818 3140 loquitur-3
848 3086 884 3122 ne
912 3068 941 3123 in
970 3068 1007 3123 iis
1034 3067 1151 3141 quidem
1181 3067 1253 3123 loois

179 3171 242 3207 eam
257 3171 371 3227 semper
384 3154 467 3222 vitat,
486 3154 536 3209 ubi
554 3153 617 3227 ipse
635 3151 817 3226 superiorum
836 3153 1011 3209 sententiam
1029 3152 1114 3209 initio
1136 3169 1254 3227 prorsus

166 3231 194 3291 ‘e
218 3255 270 3292 sua
294 3256 420 3312 persone
442 3239 556 3313 protort
578 3239 620 3309 (ut
644 3237 673 3293 in
697 3235 761 3295 Cat.
786 3238 853 3310 78);
876 3237 1022 3294 interdum
1046 3238 1200 3294 durissime
1223 3237 1252 3294 in

178 3340 237 3377 uno
271 3331 300 3377 et
333 3322 425 3379 altero
459 3323 601 3380 orationis
635 3322 766 3378 membro
800 3322 959 3397 praeterito
991 3333 1123 3396 temporo
1153 3323 1253 3389 utitur,
1350 3360 1353 3365 -

180 3406 284 3462 deinde
313 3408 350 3462 ad
379 3427 518 3481 praesens
546 3408 622 3465 redit
648 3410 677 3480 (e
711 3426 769 3481 quo
797 3426 904 3483 genere
932 3418 977 3463 est
1004 3408 1091 3469 illud,
1112 3408 1202 3481 ,quod
1237 3426 1278 3473 u¹

178 3491 298 3548 Klotzio
322 3502 350 3546 et
374 3512 418 3547 me
442 3494 470 3548 in
496 3495 576 3550 Lael.
601 3495 640 3550 46
665 3494 832 3550 restitutum
856 3503 914 3562 ost,
938 3493 988 3548 sed
1012 3512 1030 3548 a
1053 3493 1171 3550 Klotzio
1195 3512 1252 3549 uon

179 3584 257 3631 recte
281 3575 475 3646 intellectum,
504 3579 632 3652 baberet).
676 3580 784 3636 Totum
808 3597 914 3653 genus,
942 3579 1021 3651 quod
1049 3578 1099 3634 alii
1128 3578 1253 3652 sparsim

178 3661 346 3734 attigerant,
365 3662 587 3737 comprehendit
604 3674 633 3719 et
650 3663 794 3739 exemplis
811 3663 883 3720 scite
899 3663 1058 3720 declaravit
1073 3663 1254 3719 Dietriohius

178 3745 208 3801 in
232 3746 365 3818 Quaestt.
388 3765 509 3822 gramm.
538 3759 567 3803 et
590 3748 653 3804 orit.
678 3748 713 3804 de
735 3748 809 3804 locis
832 3748 946 3822 aliquot
969 3747 1030 3807 Cic.
1055 3748 1136 3823 Lips.
1164 3747 1252 3803 1835.

178 3831 213 3887 In
231 3831 287 3886 hoo
310 3850 398 3905 opere
416 3831 558 3888 eiusmodi
577 3833 632 3889 loci
652 3833 791 3907 leguntur
801 3833 842 3901 ll,
856 3834 893 3890 21
908 3833 970 3904 (ubi
994 3842 1106 3888 tantum
1129 3832 1253 3889 interro·

177 3923 264 3990 gutur
286 3916 322 3971 de
345 3916 491 3974 sententia
512 3916 646 3990 Epicuri)
669 3929 698 3973 ot
721 3918 776 3986 34,
799 3918 862 3986 Ill,
887 3919 942 3986 71,
966 3919 1021 3984 IV,
1050 3919 1085 3973 14
1109 3929 1138 3973 et
1162 3919 1201 3972 20
1225 3926 1253 3972 et

180 4002 218 4057 56
243 4010 272 4056 et
296 4002 344 4056 59.
390 4001 450 4057 Pro
472 4004 600 4075 raiqraret
622 4002 712 4074 (quod
735 4002 798 4058 eod.
813 4003 887 4058 Mor.
912 3998 957 4081 [ot
974 3998 1013 4079 B]
1036 4002 1151 4082 firmat)
1165 4001 1252 4058 otiam

180 4104 236 4161 mg.
261 4086 341 4143 Crat.
364 4096 478 4160 reparet.

263 4190 322 4226 cura
344 4191 478 4228 oorammre
500 4172 548 4245 ait)
571 4172 607 4228 Ut
624 4171 711 4228 etiam
731 4171 820 4246 Spin,
844 4170 922 4243 quod
940 4171 968 4226 in
992 4170 1178 4227 coneedendo
1201 4188 1253 4245 po·

177 4256 265 4311 situm
289 4257 409 4314 librario
438 4257 538 4313 deberi
567 4275 625 4313 non
653 4254 741 4313 facile
764 4255 913 4322 ridentum
941 4256 1128 4330 restituitque
1151 4255 1253 4313 Gaius.

179 4336 253 4419 [Sed
276 4342 394 4398 obstent
417 4344 445 4399 A
469 4351 497 4399 et
522 4343 546 4399 B
568 4342 606 4398 ab
630 4341 702 4409 art„
716 4336 894 4420 discedens]

264 4430 320 4483 eiua
336 4447 393 4484 esse
404 4448 462 4484 eam
474 4430 567 4496 locum,
586 4446 663 4500 quem
681 4429 796 4501 quiaque
808 4428 959 4502 occuparit)
971 4425 1137 4482 insolenter
1149 4423 1253 4484 Cicero
