3030 5086
516 1436 567 1507 M.
597 1434 765 1508 TULLII
793 1434 1061 1509 CICERONIS

766 1647 814 1710 DE

307 1832 543 1924 FINIBUS
582 1831 850 1923 BONORUM
886 1833 950 1921 ΕΤ
987 1831 1267 1924 MALORUM

639 2087 748 2151 LIBER
771 2087 936 2156 QUINTUS.

594 2402 981 2469 ARGUMENTUM.

250 2514 308 2617 Ia
324 2555 481 2634 proaemio
502 2554 571 2618 ldrri
598 2552 700 2618 Cicero
721 2559 848 2632 coerrat,
877 2575 946 2619 cam
973 2556 1035 2637 ipse
1061 2559 1089 2619 et
1112 2554 1147 2635 Q.
1173 2554 1274 2633 frater
1303 2559 1335 2619 ct

253 2654 302 2720 Μ.
315 2655 436 2737 Papius
451 2655 525 2721 Piso
546 2661 574 2719 el
593 2655 626 2718 Τ.
643 2653 832 2737 Pomponius
847 2656 970 2722 Atticas
990 2663 1019 2721 et
1036 2655 1074 2720 L.
1100 2655 1210 2733 Cicero,
1229 2656 1336 2735 frater

252 2757 849 2839 mdcccprctmrelis,AttenisAmtioelmm
861 2760 1045 2824 audiissent
1057 2756 1335 2823 etambalatioacm

247 2860 524 2941 postmeridianam
535 2861 568 2923 im
578 2858 746 2923 Academia
757 2862 942 2941 conticerem,
952 2880 1088 2924 sermione
1097 2860 1185 2924 (lacto
1189 2859 1332 2939 priorum

253 2982 274 3025 a
296 2961 560 3026 eomrnernoramda
581 2961 611 3023 ci
626 2960 759 3025 locorum
774 2961 817 3024 ad
832 2960 985 3025 clarorum
1000 2963 1137 3026 mironem
1151 2961 1334 3026 arernoriam

254 3064 288 3127 irc
309 3064 421 3128 irmionis
441 3063 665 3141 remacaridam,
694 3064 873 3137 mentionem
898 3064 1036 3129 incidisse
1057 3064 1161 3129 ceteris
1181 3067 1209 3126 et
1229 3081 1333 3127 rocem·

254 3165 339 3229 tiaris
361 3163 614 3229 Academicorum
634 3164 823 3245 disciplinae,
846 3184 913 3229 mac
935 3162 1008 3231 Piso
1029 3164 1067 3230 L.
1096 3164 1266 3230 Ciceronem
1287 3163 1335 3229 ad

251 3271 388 3344 veterem,
411 3266 443 3330 im
465 3287 528 3348 qma
550 3267 641 3330 etiam
662 3265 855 3347 Peripatetici
876 3273 979 3345 essmt,
994 3266 1238 3350 persemmmlam
1257 3264 1333 3329 lior·

253 3373 379 3432 taretrm.
427 3367 507 3432 Tam
528 3374 669 3452 ropatam
691 3390 712 3432 a
733 3388 763 3432 sc
784 3366 944 3446 Pisomm,
965 3374 1001 3432 ret
1021 3369 1127 3433 ceteris
1147 3366 1336 3431 Academiae

252 3474 280 3534 et
303 3468 572 3551 Peripateticorum
592 3472 770 3535 smotemtc'am
797 3471 833 3535 de
857 3471 969 3552 sicciores
990 3471 1137 3535 bonormm
1158 3467 1334 3550 explicaret,

252 3570 426 3636 huiusmodi
446 3574 612 3638 orationem
628 3593 688 3637 esse
703 3574 960 3654 ecorsam(c.1-
978 3576 1019 3656 3)
1025 3595 1036 3636 .·
1058 3570 1333 3653 Peripateticorum

250 3673 465 3754 disciplinam
488 3679 548 3739 tres
566 3680 684 3755 partes,
706 3680 740 3737 rot
760 3676 824 3755 t'erc
844 3680 965 3752 ceterae,
987 3674 1141 3752 dimetitur,
1156 3672 1332 3755 physicam,

251 3775 452 3855 dialecticam,
479 3775 616 3840 otlicarro.
661 3775 747 3840 Haec
774 3777 864 3840 tertia
885 3796 966 3856 pars
992 3777 1030 3839 ab
1057 3776 1116 3841 illis
1142 3796 1206 3839 nom
1230 3773 1333 3839 solum

252 3877 296 3942 ad
316 3879 457 3959 primitae
478 3879 742 3955 edomationem,
769 3878 820 3942 secl
840 3879 932 3941 etiam
953 3878 995 3942 ad
1015 3899 1120 3942 rmum
1133 3876 1333 3958 pullicorum

251 3981 412 4044 rectionem
440 3979 538 4043 relata
565 3986 608 4045 est
634 3985 663 4043 et
689 3979 728 4042 alr
750 3979 910 4045 Aristotele
936 3985 964 4043 ct
988 3978 1196 4061 Theophrasto
1216 3979 1334 4058 copiose

253 4081 404 4162 explicata
426 4082 470 4162 (c.
488 4084 540 4164 t).
584 4080 632 4144 Hi
658 4081 695 4144 do
719 4082 782 4162 fiac
807 4082 954 4146 lammam
981 4083 1014 4145 in
1035 4083 1103 4162 ipsa
1124 4101 1245 4145 sarocmo
1266 4080 1334 4144 cirre

251 4182 316 4246 allo
334 4183 477 4246 varietate
493 4184 571 4247 iater
583 4204 613 4248 se
624 4185 829 4261 consentiant·
845 4184 896 4248 sed
911 4185 988 4248 citae
1005 4184 1093 4247 bercta
1109 4184 1172 4247 cita
1189 4188 1254 4247 tata
1268 4182 1332 4247 sita

248 4285 282 4348 irc
294 4289 444 4366 potestate
454 4286 608 4365 sapientis,
626 4286 658 4348 im
674 4305 707 4349 eo
724 4286 841 4349 cariori
857 4287 935 4349 inter
946 4305 993 4349 eos
1003 4304 1237 4366 amicumquam
1247 4284 1331 4349 oide-

253 4392 314 4466 tm,
336 4388 468 4451 ercamrao
477 4393 606 4468 propter
624 4386 826 4467 Tloeoplrrosti-
841 4386 951 4450 literam
967 4387 1003 4449 dc
1019 4387 1107 4451 beata
1125 4388 1195 4465 cita,
1215 4386 1250 4450 in
1266 4405 1331 4468 qao
