3030 5086
274 461 339 528 558
665 480 710 526 ua
732 478 863 527 rmmus
885 478 957 526 nou.

274 666 505 731 quaereremus,
528 648 624 712 vitam
641 654 789 727 nostram,
811 647 949 727 consilio,
966 647 1152 727 voluntates,
1173 665 1236 713 non
1253 647 1352 714 verba

274 751 396 832 corrigi.
431 750 507 831 Quis
530 751 611 817 euim
634 757 738 831 potest
758 749 844 830 istis,
873 768 954 831 quae
976 759 1020 831 tc,
1042 756 1078 814 ut
1098 749 1161 829 ais,
1184 750 1351 830 delectant,

274 852 420 918 brevibus
443 860 475 917 et
495 852 596 918 acutis
617 852 734 918 auditis
752 854 792 919 de
809 853 964 918 sententia
980 852 1152 918 decedere?
1180 851 1263 918 Nam
1279 870 1350 917 cerm

274 960 441 1036 expectant
461 962 493 1019 et
509 961 604 1020 avent
618 955 737 1032 audire,
759 972 815 1019 cur
836 954 927 1019 dolor
948 955 1063 1019 malum
1084 972 1145 1019 uon
1169 954 1218 1033 sit,
1241 954 1353 1020 dicunt

235 1059 257 1124 b
274 1057 326 1136 illi,
343 1075 491 1139 asperum
503 1075 572 1123 csse
584 1057 698 1134 dolero,
715 1056 888 1137 molestum,
905 1057 1058 1136 odiosum,
1074 1065 1184 1121 contra
1195 1064 1351 1136 naturam,

273 1157 399 1225 difficile
420 1160 565 1239 toleratu
587 1160 655 1239 sed,
676 1159 750 1241 quia
772 1159 857 1225 nulla
878 1159 920 1224 sit
940 1159 972 1224 in
989 1159 1098 1224 dolore
1113 1176 1171 1224 nec
1188 1157 1277 1224 fraus
1292 1175 1352 1224 nec

273 1261 457 1344 improbitas
486 1280 542 1327 uec
569 1261 689 1327 malitia
714 1279 773 1327 nec
794 1261 886 1343 crdpa
910 1279 968 1326 uec
989 1261 1166 1342 turpibrdo,
1193 1279 1256 1327 uon
1278 1278 1351 1327 ossa

273 1364 349 1429 illud
371 1364 495 1429 malum.
540 1363 627 1429 Haec
649 1362 703 1445 qui
723 1363 867 1442 audierit,
889 1371 924 1428 ut
946 1362 1051 1429 ridere
1073 1381 1134 1428 non
1157 1371 1261 1442 curet,
1283 1362 1350 1428 dis·

273 1467 362 1531 cedet
384 1472 488 1532 tamen
511 1465 605 1531 nihilo
628 1464 747 1531 firmior
767 1467 808 1531 ad
832 1466 972 1531 dolorem
993 1465 1155 1531 ferendum
1177 1483 1273 1547 quam
1294 1483 1350 1531 ve·

217 1570 258 1634 10
275 1575 374 1633 uerat.
417 1569 468 1633 53.
496 1568 545 1632 Tu
567 1575 670 1633 autem
694 1586 790 1649 negas
813 1567 924 1632 fortem
947 1585 1016 1633 esse
1038 1584 1224 1648 quemquam
1245 1584 1352 1650 posse,

274 1671 328 1752 qui
350 1670 490 1736 dolorem
512 1670 626 1735 malum
648 1675 746 1751 putet
790 1670 854 1736 Cur
875 1669 988 1734 fortior
1009 1669 1064 1749 sit,
1093 1668 1233 1749 siiliud,
1264 1669 1351 1751 quod

274 1779 340 1838 tuta
362 1772 516 1852 concedis,
537 1790 685 1854 asperum
708 1778 740 1838 et
761 1773 811 1837 vix
833 1770 994 1837 ferendum
1016 1770 1158 1853 putabit?
1191 1770 1238 1836 Er
1254 1771 1352 1838 rebus

274 1875 355 1940 euim
377 1873 542 1954 timiditas,
571 1893 631 1940 uon
654 1893 692 1939 ex
713 1873 871 1940 vocabulis
894 1874 1039 1938 nascitur.
1083 1873 1125 1937 Et
1145 1873 1208 1953 aie,
1235 1873 1263 1938 si
1284 1890 1352 1939 una

273 1977 379 2042 littere
400 1983 555 2042 commota
576 1977 633 2055 sit,
663 1975 746 2056 iore,
768 1982 836 2042 tota
858 1983 894 2041 ut
913 1974 997 2041 labet
1019 1975 1190 2058 disciplina.
1234 1974 1351 2041 Utrum

216 2081 256 2146 lb
274 2079 371 2162 igitur
397 2079 451 2144 tibi
478 2079 613 2145 litteram
641 2079 749 2144 videor
781 2098 821 2144 au
856 2085 939 2143 totas
971 2077 1104 2160 paginas
1133 2075 1352 2143 commovere?

273 2181 317 2248 Ut
340 2180 421 2245 euim
443 2181 486 2247 sit
506 2181 591 2262 apud
612 2180 696 2260 illos,
724 2181 756 2246 id
785 2182 869 2262 quod
896 2188 945 2245 est
971 2199 992 2245 a
1012 2186 1044 2245 ta
1065 2178 1241 2259 laudatum,
1270 2178 1351 2244 ordo

274 2302 379 2348 rerum
401 2292 604 2348 conservatus
632 2290 663 2348 et
684 2283 787 2348 omnia
813 2283 895 2347 inter
923 2299 957 2348 so
978 2288 1054 2363 apta
1075 2288 1107 2346 et
1128 2298 1269 2346 connexa
1289 2279 1353 2361 (sic

273 2385 356 2451 enim
378 2384 506 2466 aiebas),
528 2392 632 2450 tamen
649 2385 794 2466 persequi
811 2402 871 2449 non
890 2384 1046 2456 debemus,
1068 2384 1096 2448 si
1113 2401 1134 2447 a
1155 2379 1243 2446 falsis
1260 2381 1351 2464 prin-

274 2487 362 2569 cipiis
384 2485 525 2568 proiecta
546 2494 721 2569 congruunt
741 2486 809 2568 ipsa
832 2485 891 2550 sibi
913 2493 945 2552 et
961 2505 982 2551 a
997 2484 1160 2567 proposito
1177 2502 1238 2549 nou
1255 2483 1350 2549 aber·

346 2661 354 2704 1
385 2657 516 2721 voluptates
534 2658 556 2706 Ε
598 2661 620 2707 2.
640 2674 702 2721 quoe
719 2666 744 2706 tu
762 2665 786 2707 at
804 2657 872 2706 EPR
890 2672 952 2720 quoe
969 2664 994 2704 tu
1013 2655 1034 2705 C
1069 2654 1175 2704 morbos
1192 2653 1312 2704 delectant
1329 2662 1352 2704 et

273 2726 350 2776 ocutis
368 2725 412 2774 ΕΡ
437 2726 498 2776 brev.
517 2725 634 2776 delectori
649 2735 670 2776 et
688 2743 726 2775 ac.
746 2725 814 2776 uolt
866 2731 888 2774 4.
915 2742 944 2774 ca
970 2733 1078 2789 spectant
1103 2732 1125 2772 et
1151 2723 1236 2773 iobm
1262 2737 1352 2773 omnes

274 2800 297 2843 b.
317 2793 418 2844 dolorem
438 2794 483 2845 ΟΕ
527 2800 548 2844 o.
568 2793 688 2858 difficilem
708 2794 753 2845 ΟΕ
802 2799 825 2846 8.
844 2811 886 2842 nec
904 2792 984 2857 quiE
1031 2797 1067 2843 10.
1087 2792 1173 2841 iuml.
1208 2806 1351 2855 quemquem

263 2866 354 2927 sortem
378 2863 470 2912 eesess
524 2868 561 2914 11.
582 2871 655 2927 putat
673 2862 716 2914 Lc
773 2868 808 2913 12.
832 2861 954 2927 oapcmiri
972 2861 1012 2911 cix
1030 2861 1054 2910 E
1110 2867 1146 2910 14.
1170 2867 1235 2921 torte
1256 2860 1350 2909 totali

276 2935 312 2982 lb.
338 2930 417 2979 uideor
435 2930 577 2980 lateramli
635 2936 670 2981 t.
693 2931 718 2980 ci
738 2931 805 2994 apud
823 2959 852 2968 -
872 2929 1065 2980 conservaturi„
1121 2933 1158 2980 18.
1182 2928 1350 2979 ᾰεὸοαιιιωΕ

275 3004 312 3051 19.
333 3000 471 3065 conprecari
487 3000 508 3048 Ε
527 3009 659 3065 conpruaai
678 3001 700 3049 R
718 3009 843 3065 corrpraeni
863 2999 930 3049 LPc
966 2998 1035 3047 aoP
1070 2997 1178 3046 oberrent
1196 2999 1217 3046 Ε

356 3166 496 3232 copectant
518 3166 543 3214 et
563 3156 655 3231 avent)
679 3157 813 3214 Alterum
837 3156 958 3212 verbum
982 3155 1112 3211 correxit
1135 3153 1239 3225 Aldus,
1265 3154 1361 3229 priue'

271 3242 328 3300 Th.
351 3241 503 3299 Bentleius
531 3242 660 3299 restituit
687 3243 729 3314 (et
757 3241 814 3298 iam
843 3252 911 3298 aute
942 3240 1031 3310 ,alim
1063 3240 1093 3296 in
1117 3259 1173 3315 mg.
1196 3239 1350 3314 Lambini)

273 3346 327 3403 pro
360 3347 392 3384 ea
424 3337 559 3402 opecwat3
592 3338 679 3384 acuta
712 3326 764 3384 illa
797 3327 915 3383 omniuo
949 3344 1007 3383 non
1037 3325 1260 3401 spectabantur,
1296 3324 1350 3383 sed

273 3413 478 3478 urdiebentur,
502 3431 555 3470 uec
578 3432 643 3470 cum
667 3431 702 3470 aa
723 3411 947 3487 spectabantur,
971 3411 1022 3468 sed
1044 3428 1109 3467 curn
1132 3410 1192 3467 alia
1213 3408 1353 3468 hominosv

235 3487 239 3493 ⁸
273 3498 479 3574 expectabant,
502 3498 704 3574 decipiebatur
723 3498 899 3573 expectatio.
945 3495 1100 3574 [Proxime
1122 3505 1190 3552 ante
1213 3495 1304 3553 etiem
1321 3496 1351 3554 B

272 3593 302 3640 et
324 3603 380 3660 mg.
394 3582 474 3642 Cret.
497 3603 568 3658 quoe
590 3594 618 3641 tu
640 3593 669 3640 ut
690 3586 732 3640 aia
754 3582 875 3640 breuibus
897 3584 1027 3640 delectant
1049 3592 1073 3639 et
1095 3584 1192 3639 acutia.
1223 3580 1351 3640 Correo·

271 3680 331 3726 tum
356 3678 401 3727 est
422 3662 500 3745 apud
524 3666 725 3746 decennium]
758 3667 853 3725 Paulo
876 3680 943 3743 post
965 3670 1053 3725 dolere
1074 3699 1109 3710 -
1130 3668 1239 3741 difficile
1259 3666 1350 3724 resti·

271 3755 328 3811 tuit
350 3753 437 3814 Grut·
460 3774 476 3811 e
499 3755 563 3812 Pal.
587 3757 621 3824 43
649 3754 792 3811 accedunt
812 3755 897 3810 Parr.
926 3758 955 3811 1.
980 3755 1007 3824 3,
1036 3751 1104 3812 Gzii
1128 3770 1244 3823 omnes,
1273 3748 1350 3830 [B];

270 3841 359 3897 ceteri
383 3842 499 3897 dolorem
524 3872 558 3883 —
585 3842 721 3915 difficilem
744 3837 836 3912 (Oxx.
860 3842 985 3911 omues).

357 3926 407 3983 53.
442 3926 482 3982 Tu
508 3937 598 3983 autem
625 3923 721 4003 neque)
743 3924 806 3993 III,
831 3924 881 3983 29.
933 3924 1027 3981 Paulo
1057 3933 1124 3998 post
1152 3923 1221 3979 illud
1249 3922 1348 3981 vicem

270 4010 431 4085 praedicati
453 4012 579 4068 sustinet
601 4013 647 4084 (ut
670 4012 723 4068 65:
748 4014 808 4084 quio
830 4015 898 4067 eninr
920 4011 988 4067 boc!
1008 4009 1037 4065 id
1061 4019 1119 4070 est,
1143 4007 1290 4084 sapiens),
1312 4020 1351 4066 ut

270 4097 388 4172 plenum
412 4096 464 4153 sit:
494 4097 518 4153 si
541 4096 614 4154 illud
637 4097 767 4154 dolorem
790 4114 855 4153 esse
877 4096 1006 4169 putabit,
1035 4094 1113 4168 quod
1136 4105 1167 4150 tu
1191 4111 1257 4150 eum
1281 4111 1350 4151 esse
1452 4172 1456 4177 ι

270 4182 414 4248 comoedis,
437 4200 574 4257 asperum
597 4194 652 4239 cet.
686 4181 801 4239 Deinde
824 4184 860 4253 (ct
881 4186 924 4238 oie
946 4186 1014 4252 cet.)
1033 4180 1244 4256 significantur,
1268 4196 1349 4253 quae

269 4268 326 4337 111,
351 4269 390 4324 74
414 4268 560 4343 leguntur.

352 4364 500 4426 conprimat
511 4386 551 4396 -·
569 4351 710 4428 aberrant)
723 4351 847 4411 Codices
864 4370 965 4408 omues
982 4361 1124 4425 coaptarent
1135 4336 1238 4422 (Diem,
1250 4348 1348 4419 Oxx.,

268 4436 336 4497 Gaii
349 4435 388 4518 [Β
400 4439 470 4497 utE
487 4435 676 4518 conponentiD.
712 4437 912 4497 Correxerumt
923 4437 1085 4494 Asceusius
1103 4446 1132 4493 et
1150 4435 1263 4503 Lemb,
1281 4445 1347 4494 tum
