<?xml version="1.0" encoding="UTF-8"?>
<!DOCTYPE html PUBLIC "-//W3C//DTD XHTML 1.0 Transitional//EN"
    "http://www.w3.org/TR/xhtml1/DTD/xhtml1-transitional.dtd">
<html xmlns="http://www.w3.org/1999/xhtml" xml:lang="en" lang="en">
 <head>
  <title>
</title>
<meta http-equiv="Content-Type" content="text/html;charset=utf-8" />
  <meta name='ocr-system' content='tesseract 3.04.00' />
  <meta name='ocr-capabilities' content='ocr_page ocr_carea ocr_par ocr_line ocrx_word'/>
</head>
<body>
  <div class='ocr_page' id='page_1' title='image "./mtulliiciceroni35cicegoog/mtulliiciceroni35cicegoog_0780.png"; bbox 0 0 3030 5086; ppageno 0'>
   <div class='ocr_carea' id='block_1_1' title="bbox 345 501 1210 581">
    <p class='ocr_par' dir='ltr' id='par_1_1' title="bbox 345 501 1210 581">
     <span class='ocr_line' id='line_1_1' title="bbox 345 501 1210 581; baseline 0.007 -21"><span class='ocrx_word' id='word_1_1' title='bbox 345 514 388 560; x_wconf 85' lang='lat' dir='ltr'>nr</span> <span class='ocrx_word' id='word_1_2' title='bbox 414 514 493 561; x_wconf 80' lang='lat' dir='ltr'>unu.</span> <span class='ocrx_word' id='word_1_3' title='bbox 516 515 579 561; x_wconf 81' lang='lat' dir='ltr'>ma.</span> <span class='ocrx_word' id='word_1_4' title='bbox 602 516 624 563; x_wconf 86' lang='lat' dir='ltr'><strong>v</strong></span> <span class='ocrx_word' id='word_1_5' title='bbox 647 515 719 562; x_wconf 77' lang='lat' dir='ltr'>oar.</span> <span class='ocrx_word' id='word_1_6' title='bbox 745 518 850 568; x_wconf 77' lang='lat' dir='ltr'>rs-u,</span> <span class='ocrx_word' id='word_1_7' title='bbox 866 520 999 581; x_wconf 75' lang='lat' dir='ltr'>(ts-te.)</span> <span class='ocrx_word' id='word_1_8' title='bbox 1147 501 1210 566; x_wconf 84' lang='grc'>689</span> 
     </span>
    </p>
   </div>
   <div class='ocr_carea' id='block_1_2' title="bbox 130 682 1211 868">
    <p class='ocr_par' dir='ltr' id='par_1_2' title="bbox 130 682 1211 868">
     <span class='ocr_line' id='line_1_2' title="bbox 130 682 1211 767; baseline 0.003 -19"><span class='ocrx_word' id='word_1_9' title='bbox 130 704 195 749; x_wconf 90' lang='lat' dir='ltr'>uon</span> <span class='ocrx_word' id='word_1_10' title='bbox 224 683 324 748; x_wconf 87' lang='lat' dir='ltr'>solum</span> <span class='ocrx_word' id='word_1_11' title='bbox 352 683 426 764; x_wconf 89' lang='lat' dir='ltr'>quia</span> <span class='ocrx_word' id='word_1_12' title='bbox 453 701 511 748; x_wconf 91' lang='lat' dir='ltr'>nos</span> <span class='ocrx_word' id='word_1_13' title='bbox 538 682 718 764; x_wconf 83' lang='lat' dir='ltr'>diligamus,</span> <span class='ocrx_word' id='word_1_14' title='bbox 749 685 805 749; x_wconf 88' lang='lat' dir='ltr'>sed</span> <span class='ocrx_word' id='word_1_15' title='bbox 833 685 907 766; x_wconf 89' lang='lat' dir='ltr'>quia</span> <span class='ocrx_word' id='word_1_16' title='bbox 934 685 1211 767; x_wconf 77' lang='lat' dir='ltr'>utriusquepartis</span> 
     </span>
     <span class='ocr_line' id='line_1_3' title="bbox 133 784 1210 868; baseline 0.001 -18"><span class='ocrx_word' id='word_1_17' title='bbox 133 794 265 850; x_wconf 86' lang='lat' dir='ltr'>naturae</span> <span class='ocrx_word' id='word_1_18' title='bbox 287 792 319 849; x_wconf 89' lang='lat' dir='ltr'>et</span> <span class='ocrx_word' id='word_1_19' title='bbox 340 784 371 849; x_wconf 90' lang='lat' dir='ltr'>iu</span> <span class='ocrx_word' id='word_1_20' title='bbox 394 802 527 866; x_wconf 79' lang='lat' dir='ltr'>corpore</span> <span class='ocrx_word' id='word_1_21' title='bbox 548 791 580 849; x_wconf 89' lang='lat' dir='ltr'>et</span> <span class='ocrx_word' id='word_1_22' title='bbox 601 785 633 848; x_wconf 89' lang='lat' dir='ltr'>in</span> <span class='ocrx_word' id='word_1_23' title='bbox 655 785 759 851; x_wconf 88' lang='lat' dir='ltr'>animo</span> <span class='ocrx_word' id='word_1_24' title='bbox 782 804 839 850; x_wconf 91' lang='lat' dir='ltr'>sua</span> <span class='ocrx_word' id='word_1_25' title='bbox 861 805 1004 868; x_wconf 88' lang='lat' dir='ltr'>quaeque</span> <span class='ocrx_word' id='word_1_26' title='bbox 1020 787 1067 851; x_wconf 86' lang='lat' dir='ltr'>vis</span> <span class='ocrx_word' id='word_1_27' title='bbox 1090 787 1140 865; x_wconf 87' lang='lat' dir='ltr'>sit,</span> <span class='ocrx_word' id='word_1_28' title='bbox 1163 788 1210 851; x_wconf 91' lang='lat' dir='ltr'>id·</span> 
     </span>
    </p>
   </div>
   <div class='ocr_carea' id='block_1_3' title="bbox 206 936 699 1004">
    <p class='ocr_par' dir='ltr' id='par_1_3' title="bbox 206 936 699 1004">
     <span class='ocr_line' id='line_1_4' title="bbox 206 936 699 1004; baseline 0.006 -18"><span class='ocrx_word' id='word_1_29' title='bbox 206 944 225 989; x_wconf 86' lang='grc'>1,</span> <span class='ocrx_word' id='word_1_30' title='bbox 244 936 371 1002; x_wconf 74' lang='lat' dir='ltr'>dile&#39;qumur</span> <span class='ocrx_word' id='word_1_31' title='bbox 390 938 411 986; x_wconf 76' lang='lat' dir='ltr'>ld</span> <span class='ocrx_word' id='word_1_32' title='bbox 442 937 470 988; x_wconf 66' lang='lat'>³2.</span> <span class='ocrx_word' id='word_1_33' title='bbox 490 947 525 987; x_wconf 86' lang='lat' dir='ltr'>est</span> <span class='ocrx_word' id='word_1_34' title='bbox 543 938 599 1004; x_wconf 91' lang='lat' dir='ltr'>(pro</span> <span class='ocrx_word' id='word_1_35' title='bbox 617 938 699 1002; x_wconf 81' lang='lat' dir='ltr'>n&#39;t)C</span> 
     </span>
    </p>
   </div>
   <div class='ocr_carea' id='block_1_4' title="bbox 129 1059 1254 4541">
    <p class='ocr_par' dir='ltr' id='par_1_4' title="bbox 134 1059 1211 1137">
     <span class='ocr_line' id='line_1_5' title="bbox 134 1059 1211 1137; baseline 0.001 -19"><span class='ocrx_word' id='word_1_36' title='bbox 134 1062 197 1136; x_wconf 89' lang='lat' dir='ltr'>ipse</span> <span class='ocrx_word' id='word_1_37' title='bbox 220 1070 321 1135; x_wconf 88' lang='lat' dir='ltr'>aperte</span> <span class='ocrx_word' id='word_1_38' title='bbox 345 1059 429 1116; x_wconf 86' lang='lat' dir='ltr'>dicit:</span> <span class='ocrx_word' id='word_1_39' title='bbox 458 1060 567 1117; x_wconf 81' lang='lat' dir='ltr'><em>Etenim</em></span> <span class='ocrx_word' id='word_1_40' title='bbox 593 1080 653 1118; x_wconf 87' lang='lat' dir='ltr'>cum</span> <span class='ocrx_word' id='word_1_41' title='bbox 680 1081 769 1119; x_wconf 82' lang='lat' dir='ltr'>omnes</span> <span class='ocrx_word' id='word_1_42' title='bbox 791 1071 890 1118; x_wconf 84' lang='lat' dir='ltr'>natura</span> <span class='ocrx_word' id='word_1_43' title='bbox 912 1072 979 1118; x_wconf 84' lang='lat' dir='ltr'>totos</span> <span class='ocrx_word' id='word_1_44' title='bbox 1000 1080 1029 1119; x_wconf 83' lang='lat' dir='ltr'>se</span> <span class='ocrx_word' id='word_1_45' title='bbox 1050 1063 1211 1137; x_wconf 75' lang='lat' dir='ltr'>repetendos</span> 
     </span>
    </p>

    <p class='ocr_par' dir='ltr' id='par_1_5' title="bbox 129 1146 1231 1308">
     <span class='ocr_line' id='line_1_6' title="bbox 129 1146 1231 1222; baseline 0.002 -19"><span class='ocrx_word' id='word_1_46' title='bbox 129 1155 226 1222; x_wconf 85' lang='lat' dir='ltr'>putent</span> <span class='ocrx_word' id='word_1_47' title='bbox 248 1155 313 1213; x_wconf 72' lang='lat' dir='ltr'>cet,</span> <span class='ocrx_word' id='word_1_48' title='bbox 336 1154 471 1219; x_wconf 88' lang='lat' dir='ltr'>totaque,</span> <span class='ocrx_word' id='word_1_49' title='bbox 495 1163 570 1219; x_wconf 90' lang='lat' dir='ltr'>quae</span> <span class='ocrx_word' id='word_1_50' title='bbox 594 1146 641 1203; x_wconf 90' lang='lat' dir='ltr'>hic</span> <span class='ocrx_word' id='word_1_51' title='bbox 664 1147 841 1215; x_wconf 70' lang='lat' dir='ltr'>instituitur,</span> <span class='ocrx_word' id='word_1_52' title='bbox 864 1146 1025 1222; x_wconf 87' lang='lat' dir='ltr'>disputatio</span> <span class='ocrx_word' id='word_1_53' title='bbox 1048 1147 1085 1204; x_wconf 92' lang='lat' dir='ltr'>ab</span> <span class='ocrx_word' id='word_1_54' title='bbox 1108 1148 1231 1205; x_wconf 85' lang='lat' dir='ltr'>eodem</span> 
     </span>
     <span class='ocr_line' id='line_1_7' title="bbox 133 1229 1211 1308; baseline 0 -19"><span class='ocrx_word' id='word_1_55' title='bbox 133 1249 254 1307; x_wconf 84' lang='lat' dir='ltr'>prorsus</span> <span class='ocrx_word' id='word_1_56' title='bbox 282 1229 366 1287; x_wconf 91' lang='lat' dir='ltr'>initio</span> <span class='ocrx_word' id='word_1_57' title='bbox 395 1230 496 1287; x_wconf 90' lang='lat' dir='ltr'>eadem</span> <span class='ocrx_word' id='word_1_58' title='bbox 525 1231 639 1287; x_wconf 89' lang='lat' dir='ltr'>ratione</span> <span class='ocrx_word' id='word_1_59' title='bbox 667 1230 696 1287; x_wconf 91' lang='lat' dir='ltr'>in</span> <span class='ocrx_word' id='word_1_60' title='bbox 719 1232 852 1307; x_wconf 88' lang='lat' dir='ltr'>corporis</span> <span class='ocrx_word' id='word_1_61' title='bbox 874 1242 903 1289; x_wconf 90' lang='lat' dir='ltr'>et</span> <span class='ocrx_word' id='word_1_62' title='bbox 924 1231 1016 1289; x_wconf 88' lang='lat' dir='ltr'>animi</span> <span class='ocrx_word' id='word_1_63' title='bbox 1038 1232 1211 1308; x_wconf 84' lang='lat' dir='ltr'>explicatio·</span> 
     </span>
    </p>

    <p class='ocr_par' dir='ltr' id='par_1_6' title="bbox 134 1315 1210 1393">
     <span class='ocr_line' id='line_1_8' title="bbox 134 1315 1210 1393; baseline 0.003 -21"><span class='ocrx_word' id='word_1_64' title='bbox 134 1335 200 1372; x_wconf 90' lang='lat' dir='ltr'>nem</span> <span class='ocrx_word' id='word_1_65' title='bbox 224 1315 366 1372; x_wconf 88' lang='lat' dir='ltr'>dividitur</span> <span class='ocrx_word' id='word_1_66' title='bbox 393 1326 481 1390; x_wconf 88' lang='lat' dir='ltr'>atqua</span> <span class='ocrx_word' id='word_1_67' title='bbox 504 1315 570 1384; x_wconf 91' lang='lat' dir='ltr'>illa,</span> <span class='ocrx_word' id='word_1_68' title='bbox 599 1334 686 1390; x_wconf 87' lang='lat' dir='ltr'>quam</span> <span class='ocrx_word' id='word_1_69' title='bbox 709 1336 733 1374; x_wconf 89' lang='lat' dir='ltr'>c.</span> <span class='ocrx_word' id='word_1_70' title='bbox 760 1317 797 1373; x_wconf 80' lang='lat'>12</span> <span class='ocrx_word' id='word_1_71' title='bbox 821 1326 850 1374; x_wconf 89' lang='lat' dir='ltr'>et</span> <span class='ocrx_word' id='word_1_72' title='bbox 876 1317 914 1374; x_wconf 87' lang='lat'>13</span> <span class='ocrx_word' id='word_1_73' title='bbox 936 1316 1076 1393; x_wconf 81' lang='lat' dir='ltr'>legimus,</span> <span class='ocrx_word' id='word_1_74' title='bbox 1104 1328 1135 1374; x_wconf 88' lang='lat' dir='ltr'>et</span> <span class='ocrx_word' id='word_1_75' title='bbox 1158 1318 1210 1375; x_wconf 93' lang='lat' dir='ltr'>ali·</span> 
     </span>
    </p>

    <p class='ocr_par' dir='ltr' id='par_1_7' title="bbox 129 1400 1210 1478">
     <span class='ocr_line' id='line_1_9' title="bbox 129 1400 1210 1478; baseline 0.002 -21"><span class='ocrx_word' id='word_1_76' title='bbox 129 1411 206 1477; x_wconf 91' lang='lat' dir='ltr'>quot</span> <span class='ocrx_word' id='word_1_77' title='bbox 228 1400 301 1458; x_wconf 86' lang='lat' dir='ltr'>locis</span> <span class='ocrx_word' id='word_1_78' title='bbox 323 1420 415 1476; x_wconf 88' lang='lat' dir='ltr'>prope</span> <span class='ocrx_word' id='word_1_79' title='bbox 438 1401 468 1457; x_wconf 93' lang='lat' dir='ltr'>in</span> <span class='ocrx_word' id='word_1_80' title='bbox 491 1401 592 1457; x_wconf 87' lang='lat' dir='ltr'>eadem</span> <span class='ocrx_word' id='word_1_81' title='bbox 611 1402 702 1458; x_wconf 88' lang='lat' dir='ltr'>verba</span> <span class='ocrx_word' id='word_1_82' title='bbox 723 1402 856 1460; x_wconf 87' lang='lat' dir='ltr'>incurrit.</span> <span class='ocrx_word' id='word_1_83' title='bbox 898 1402 957 1461; x_wconf 88' lang='lat' dir='ltr'>Sed</span> <span class='ocrx_word' id='word_1_84' title='bbox 980 1401 1031 1473; x_wconf 89' lang='lat' dir='ltr'>ibi,</span> <span class='ocrx_word' id='word_1_85' title='bbox 1054 1410 1210 1478; x_wconf 85' lang='lat' dir='ltr'>postquam</span> 
     </span>
    </p>

    <p class='ocr_par' dir='ltr' id='par_1_8' title="bbox 134 1486 1213 1559">
     <span class='ocr_line' id='line_1_10' title="bbox 134 1486 1213 1559; baseline 0.001 -16"><span class='ocrx_word' id='word_1_86' title='bbox 134 1486 172 1543; x_wconf 89' lang='lat' dir='ltr'>ad</span> <span class='ocrx_word' id='word_1_87' title='bbox 196 1486 318 1542; x_wconf 88' lang='lat' dir='ltr'>virtutes</span> <span class='ocrx_word' id='word_1_88' title='bbox 341 1486 432 1542; x_wconf 89' lang='lat' dir='ltr'>animi</span> <span class='ocrx_word' id='word_1_89' title='bbox 455 1495 574 1543; x_wconf 80' lang='lat' dir='ltr'>ventum</span> <span class='ocrx_word' id='word_1_90' title='bbox 598 1495 657 1554; x_wconf 85' lang='lat' dir='ltr'>est,</span> <span class='ocrx_word' id='word_1_91' title='bbox 688 1486 725 1544; x_wconf 91' lang='lat' dir='ltr'>iis</span> <span class='ocrx_word' id='word_1_92' title='bbox 748 1487 877 1543; x_wconf 90' lang='lat' dir='ltr'>breviter</span> <span class='ocrx_word' id='word_1_93' title='bbox 900 1486 1074 1559; x_wconf 86' lang='lat' dir='ltr'>nominatis,</span> <span class='ocrx_word' id='word_1_94' title='bbox 1097 1505 1213 1544; x_wconf 89' lang='lat' dir='ltr'>summa</span> 
     </span>
    </p>

    <p class='ocr_par' dir='ltr' id='par_1_9' title="bbox 132 1571 1211 1647">
     <span class='ocr_line' id='line_1_11' title="bbox 132 1571 1211 1647; baseline 0.003 -20"><span class='ocrx_word' id='word_1_95' title='bbox 132 1571 233 1646; x_wconf 85' lang='lat' dir='ltr'>aliqua</span> <span class='ocrx_word' id='word_1_96' title='bbox 257 1571 441 1628; x_wconf 86' lang='lat' dir='ltr'>concluditur</span> <span class='ocrx_word' id='word_1_97' title='bbox 464 1574 491 1643; x_wconf 61' lang='grc' dir='ltr'>(ᾖ</span> <span class='ocrx_word' id='word_1_98' title='bbox 506 1572 567 1646; x_wconf 82' lang='grc'>38),</span> <span class='ocrx_word' id='word_1_99' title='bbox 591 1571 638 1628; x_wconf 89' lang='lat' dir='ltr'>bic</span> <span class='ocrx_word' id='word_1_100' title='bbox 660 1572 740 1645; x_wconf 89' lang='lat' dir='ltr'>(inde</span> <span class='ocrx_word' id='word_1_101' title='bbox 762 1590 781 1628; x_wconf 90' lang='lat' dir='ltr'>a</span> <span class='ocrx_word' id='word_1_102' title='bbox 803 1577 817 1642; x_wconf 65' lang='grc' dir='ltr'><strong>ξ</strong></span> <span class='ocrx_word' id='word_1_103' title='bbox 838 1573 890 1646; x_wconf 79' lang='lat' dir='ltr'>te)</span> <span class='ocrx_word' id='word_1_104' title='bbox 913 1572 1048 1643; x_wconf 89' lang='lat' dir='ltr'>uberius,</span> <span class='ocrx_word' id='word_1_105' title='bbox 1071 1573 1211 1647; x_wconf 88' lang='lat' dir='ltr'>quemad·</span> 
     </span>
    </p>

    <p class='ocr_par' dir='ltr' id='par_1_10' title="bbox 137 1656 1211 1734">
     <span class='ocr_line' id='line_1_12' title="bbox 137 1656 1211 1734; baseline 0 -20"><span class='ocrx_word' id='word_1_106' title='bbox 137 1657 254 1714; x_wconf 89' lang='lat' dir='ltr'>modum</span> <span class='ocrx_word' id='word_1_107' title='bbox 278 1657 419 1713; x_wconf 85' lang='lat' dir='ltr'>virtutum</span> <span class='ocrx_word' id='word_1_108' title='bbox 442 1656 555 1714; x_wconf 88' lang='lat' dir='ltr'>semina</span> <span class='ocrx_word' id='word_1_109' title='bbox 577 1666 607 1713; x_wconf 89' lang='lat' dir='ltr'>et</span> <span class='ocrx_word' id='word_1_110' title='bbox 629 1656 714 1713; x_wconf 91' lang='lat' dir='ltr'>initia</span> <span class='ocrx_word' id='word_1_111' title='bbox 736 1657 765 1712; x_wconf 93' lang='lat' dir='ltr'>in</span> <span class='ocrx_word' id='word_1_112' title='bbox 789 1657 887 1714; x_wconf 89' lang='lat' dir='ltr'>animo</span> <span class='ocrx_word' id='word_1_113' title='bbox 911 1657 1014 1729; x_wconf 81' lang='lat' dir='ltr'>insint,</span> <span class='ocrx_word' id='word_1_114' title='bbox 1043 1658 1211 1734; x_wconf 80' lang='lat' dir='ltr'>exponitur.</span> 
     </span>
    </p>

    <p class='ocr_par' dir='ltr' id='par_1_11' title="bbox 135 1741 1210 1817">
     <span class='ocr_line' id='line_1_13' title="bbox 135 1741 1210 1817; baseline 0 -18"><span class='ocrx_word' id='word_1_115' title='bbox 135 1743 240 1816; x_wconf 87' lang='lat' dir='ltr'>ltaque</span> <span class='ocrx_word' id='word_1_116' title='bbox 269 1760 327 1798; x_wconf 90' lang='lat' dir='ltr'>non</span> <span class='ocrx_word' id='word_1_117' title='bbox 352 1741 447 1798; x_wconf 91' lang='lat' dir='ltr'>minus</span> <span class='ocrx_word' id='word_1_118' title='bbox 476 1742 548 1798; x_wconf 88' lang='lat' dir='ltr'>haec</span> <span class='ocrx_word' id='word_1_119' title='bbox 576 1760 594 1798; x_wconf 89' lang='lat' dir='ltr'>a</span> <span class='ocrx_word' id='word_1_120' title='bbox 622 1742 717 1817; x_wconf 86' lang='lat' dir='ltr'>prima</span> <span class='ocrx_word' id='word_1_121' title='bbox 738 1743 992 1799; x_wconf 81' lang='lat' dir='ltr'>commendatione</span> <span class='ocrx_word' id='word_1_122' title='bbox 1014 1752 1137 1800; x_wconf 88' lang='lat' dir='ltr'>naturae</span> <span class='ocrx_word' id='word_1_123' title='bbox 1159 1743 1210 1800; x_wconf 92' lang='lat' dir='ltr'>du·</span> 
     </span>
    </p>

    <p class='ocr_par' dir='ltr' id='par_1_12' title="bbox 132 1825 1212 1902">
     <span class='ocr_line' id='line_1_14' title="bbox 132 1825 1212 1902; baseline 0.001 -18"><span class='ocrx_word' id='word_1_124' title='bbox 132 1839 250 1895; x_wconf 90' lang='lat' dir='ltr'>cuntur,</span> <span class='ocrx_word' id='word_1_125' title='bbox 273 1826 324 1883; x_wconf 90' lang='lat' dir='ltr'>sed</span> <span class='ocrx_word' id='word_1_126' title='bbox 347 1826 424 1900; x_wconf 91' lang='lat' dir='ltr'>quod</span> <span class='ocrx_word' id='word_1_127' title='bbox 439 1825 590 1896; x_wconf 78' lang='lat' dir='ltr'>Piso§34</span> <span class='ocrx_word' id='word_1_128' title='bbox 608 1827 735 1897; x_wconf 87' lang='lat' dir='ltr'>dixerat,</span> <span class='ocrx_word' id='word_1_129' title='bbox 759 1827 915 1885; x_wconf 88' lang='lat' dir='ltr'>videndum</span> <span class='ocrx_word' id='word_1_130' title='bbox 939 1846 1012 1897; x_wconf 87' lang='lat' dir='ltr'>esse,</span> <span class='ocrx_word' id='word_1_131' title='bbox 1036 1846 1112 1902; x_wconf 91' lang='lat' dir='ltr'>quae</span> <span class='ocrx_word' id='word_1_132' title='bbox 1135 1837 1212 1885; x_wconf 90' lang='lat' dir='ltr'>esset</span> 
     </span>
    </p>

    <p class='ocr_par' dir='ltr' id='par_1_13' title="bbox 134 1911 1211 1988">
     <span class='ocr_line' id='line_1_15' title="bbox 134 1911 1211 1988; baseline 0.001 -19"><span class='ocrx_word' id='word_1_133' title='bbox 134 1912 262 1969; x_wconf 88' lang='lat' dir='ltr'>hominis</span> <span class='ocrx_word' id='word_1_134' title='bbox 284 1922 397 1979; x_wconf 89' lang='lat' dir='ltr'>natura,</span> <span class='ocrx_word' id='word_1_135' title='bbox 421 1911 450 1968; x_wconf 91' lang='lat' dir='ltr'>id</span> <span class='ocrx_word' id='word_1_136' title='bbox 474 1930 539 1968; x_wconf 92' lang='lat' dir='ltr'>cum</span> <span class='ocrx_word' id='word_1_137' title='bbox 563 1917 577 1982; x_wconf 64' lang='grc' dir='ltr'><strong><em>ᾖ</em></strong></span> <span class='ocrx_word' id='word_1_138' title='bbox 596 1914 636 1968; x_wconf 89' lang='grc'>44</span> <span class='ocrx_word' id='word_1_139' title='bbox 660 1912 765 1969; x_wconf 87' lang='lat' dir='ltr'>iterum</span> <span class='ocrx_word' id='word_1_140' title='bbox 788 1913 829 1970; x_wconf 88' lang='lat' dir='ltr'>ita</span> <span class='ocrx_word' id='word_1_141' title='bbox 853 1913 1015 1988; x_wconf 86' lang='lat' dir='ltr'>posuisset,</span> <span class='ocrx_word' id='word_1_142' title='bbox 1038 1922 1071 1970; x_wconf 87' lang='lat' dir='ltr'>ut</span> <span class='ocrx_word' id='word_1_143' title='bbox 1092 1931 1211 1970; x_wconf 83' lang='lat' dir='ltr'>arcura·</span> 
     </span>
    </p>

    <p class='ocr_par' dir='ltr' id='par_1_14' title="bbox 134 1997 1212 2074">
     <span class='ocr_line' id='line_1_16' title="bbox 134 1997 1212 2074; baseline 0.001 -20"><span class='ocrx_word' id='word_1_144' title='bbox 134 1998 238 2054; x_wconf 82' lang='lat' dir='ltr'>tiorum</span> <span class='ocrx_word' id='word_1_145' title='bbox 261 1997 476 2072; x_wconf 82' lang='lat' dir='ltr'>expositionem</span> <span class='ocrx_word' id='word_1_146' title='bbox 501 1997 686 2071; x_wconf 88' lang='lat' dir='ltr'>promitteret</span> <span class='ocrx_word' id='word_1_147' title='bbox 705 1999 878 2072; x_wconf 83' lang='lat' dir='ltr'>(latrandum</span> <span class='ocrx_word' id='word_1_148' title='bbox 900 2009 940 2055; x_wconf 85' lang='lat' dir='ltr'>eet</span> <span class='ocrx_word' id='word_1_149' title='bbox 961 2001 1212 2074; x_wconf 77' lang='lat' dir='ltr'>ipitnr-penitus</span> 
     </span>
    </p>

    <p class='ocr_par' dir='ltr' id='par_1_15' title="bbox 132 2082 1212 2159">
     <span class='ocr_line' id='line_1_17' title="bbox 132 2082 1212 2159; baseline 0.001 -20"><span class='ocrx_word' id='word_1_150' title='bbox 132 2083 347 2159; x_wconf 77' lang='lat' dir='ltr'>pervidendum),</span> <span class='ocrx_word' id='word_1_151' title='bbox 370 2100 448 2138; x_wconf 92' lang='lat' dir='ltr'>nunc</span> <span class='ocrx_word' id='word_1_152' title='bbox 471 2082 641 2156; x_wconf 80' lang='lat' dir='ltr'>exequitnr3</span> <span class='ocrx_word' id='word_1_153' title='bbox 664 2082 693 2139; x_wconf 96' lang='lat' dir='ltr'>in</span> <span class='ocrx_word' id='word_1_154' title='bbox 713 2085 779 2153; x_wconf 72' lang='lat'>§45</span> <span class='ocrx_word' id='word_1_155' title='bbox 799 2083 951 2159; x_wconf 80' lang='lat' dir='ltr'>paulisper</span> <span class='ocrx_word' id='word_1_156' title='bbox 972 2101 1088 2141; x_wconf 88' lang='lat' dir='ltr'>cursum</span> <span class='ocrx_word' id='word_1_157' title='bbox 1112 2083 1212 2159; x_wconf 88' lang='lat' dir='ltr'>dispu-</span> 
     </span>
    </p>

    <p class='ocr_par' dir='ltr' id='par_1_16' title="bbox 135 2167 1212 2245">
     <span class='ocr_line' id='line_1_18' title="bbox 135 2167 1212 2245; baseline 0.001 -21"><span class='ocrx_word' id='word_1_158' title='bbox 135 2167 256 2225; x_wconf 87' lang='lat' dir='ltr'>tationis</span> <span class='ocrx_word' id='word_1_159' title='bbox 285 2167 483 2242; x_wconf 83' lang='lat' dir='ltr'>interruperat</span> <span class='ocrx_word' id='word_1_160' title='bbox 506 2168 667 2242; x_wconf 82' lang='lat' dir='ltr'>roluptntis</span> <span class='ocrx_word' id='word_1_161' title='bbox 690 2169 809 2225; x_wconf 89' lang='lat' dir='ltr'>mentio.</span> <span class='ocrx_word' id='word_1_162' title='bbox 859 2169 928 2226; x_wconf 90' lang='lat' dir='ltr'>Non</span> <span class='ocrx_word' id='word_1_163' title='bbox 951 2178 1030 2228; x_wconf 88' lang='lat' dir='ltr'>recte</span> <span class='ocrx_word' id='word_1_164' title='bbox 1053 2168 1142 2245; x_wconf 86' lang='lat' dir='ltr'>igitur</span> <span class='ocrx_word' id='word_1_165' title='bbox 1163 2168 1212 2225; x_wconf 88' lang='lat' dir='ltr'>hic</span> 
     </span>
    </p>

    <p class='ocr_par' dir='ltr' id='par_1_17' title="bbox 129 2251 1213 2328">
     <span class='ocr_line' id='line_1_19' title="bbox 129 2251 1213 2328; baseline 0 -18"><span class='ocrx_word' id='word_1_166' title='bbox 129 2253 230 2310; x_wconf 89' lang='lat' dir='ltr'>oratio</span> <span class='ocrx_word' id='word_1_167' title='bbox 253 2271 360 2308; x_wconf 86' lang='lat' dir='ltr'>novum</span> <span class='ocrx_word' id='word_1_168' title='bbox 385 2251 538 2308; x_wconf 88' lang='lat' dir='ltr'>exordium</span> <span class='ocrx_word' id='word_1_169' title='bbox 561 2253 653 2328; x_wconf 75' lang='lat' dir='ltr'>capit.</span> <span class='ocrx_word' id='word_1_170' title='bbox 677 2272 753 2327; x_wconf 90' lang='lat' dir='ltr'>quae</span> <span class='ocrx_word' id='word_1_171' title='bbox 776 2271 841 2310; x_wconf 88' lang='lat' dir='ltr'>cum</span> <span class='ocrx_word' id='word_1_172' title='bbox 865 2253 915 2311; x_wconf 87' lang='lat' dir='ltr'>iis.</span> <span class='ocrx_word' id='word_1_173' title='bbox 939 2272 1014 2328; x_wconf 87' lang='lat' dir='ltr'>quae</span> <span class='ocrx_word' id='word_1_174' title='bbox 1037 2258 1051 2324; x_wconf 66' lang='grc' dir='ltr'><strong>ξ</strong></span> <span class='ocrx_word' id='word_1_175' title='bbox 1071 2255 1110 2310; x_wconf 88' lang='grc'>44</span> <span class='ocrx_word' id='word_1_176' title='bbox 1134 2253 1213 2310; x_wconf 89' lang='lat' dir='ltr'>dicta</span> 
     </span>
    </p>

    <p class='ocr_par' dir='ltr' id='par_1_18' title="bbox 134 2337 1213 2412">
     <span class='ocr_line' id='line_1_20' title="bbox 134 2337 1213 2412; baseline 0.001 -18"><span class='ocrx_word' id='word_1_177' title='bbox 134 2348 216 2399; x_wconf 83' lang='lat' dir='ltr'>sunt,</span> <span class='ocrx_word' id='word_1_178' title='bbox 248 2338 382 2412; x_wconf 87' lang='lat' dir='ltr'>proxime</span> <span class='ocrx_word' id='word_1_179' title='bbox 405 2337 551 2393; x_wconf 84' lang='lat' dir='ltr'>cohaeret.</span> <span class='ocrx_word' id='word_1_180' title='bbox 597 2337 722 2394; x_wconf 91' lang='lat' dir='ltr'>Videtur</span> <span class='ocrx_word' id='word_1_181' title='bbox 744 2337 848 2397; x_wconf 90' lang='lat' dir='ltr'>Cicero</span> <span class='ocrx_word' id='word_1_182' title='bbox 876 2357 934 2395; x_wconf 92' lang='lat' dir='ltr'>non</span> <span class='ocrx_word' id='word_1_183' title='bbox 958 2338 1030 2395; x_wconf 88' lang='lat' dir='ltr'>satis</span> <span class='ocrx_word' id='word_1_184' title='bbox 1052 2338 1213 2396; x_wconf 84' lang='lat' dir='ltr'>attendisse</span> 
     </span>
    </p>

    <p class='ocr_par' dir='ltr' id='par_1_19' title="bbox 135 2422 1213 2498">
     <span class='ocr_line' id='line_1_21' title="bbox 135 2422 1213 2498; baseline 0 -18"><span class='ocrx_word' id='word_1_185' title='bbox 135 2424 172 2480; x_wconf 90' lang='lat' dir='ltr'>ad</span> <span class='ocrx_word' id='word_1_186' title='bbox 195 2422 443 2479; x_wconf 86' lang='lat' dir='ltr'>continuationem</span> <span class='ocrx_word' id='word_1_187' title='bbox 468 2431 497 2479; x_wconf 91' lang='lat' dir='ltr'>et</span> <span class='ocrx_word' id='word_1_188' title='bbox 521 2430 651 2479; x_wconf 87' lang='lat' dir='ltr'>tenorem</span> <span class='ocrx_word' id='word_1_189' title='bbox 671 2423 877 2498; x_wconf 86' lang='lat' dir='ltr'>disputationis</span> <span class='ocrx_word' id='word_1_190' title='bbox 896 2423 1048 2494; x_wconf 85' lang='lat' dir='ltr'>Antiochi,</span> <span class='ocrx_word' id='word_1_191' title='bbox 1072 2442 1159 2498; x_wconf 85' lang='lat' dir='ltr'>quum</span> <span class='ocrx_word' id='word_1_192' title='bbox 1183 2423 1213 2479; x_wconf 91' lang='lat' dir='ltr'>in</span> 
     </span>
    </p>

    <p class='ocr_par' dir='ltr' id='par_1_20' title="bbox 134 2506 1212 2585">
     <span class='ocr_line' id='line_1_22' title="bbox 134 2506 1212 2585; baseline -0.002 -19"><span class='ocrx_word' id='word_1_193' title='bbox 134 2509 340 2582; x_wconf 86' lang='lat' dir='ltr'>compendium</span> <span class='ocrx_word' id='word_1_194' title='bbox 369 2507 513 2564; x_wconf 87' lang='lat' dir='ltr'>mittebat.</span> <span class='ocrx_word' id='word_1_195' title='bbox 557 2506 619 2585; x_wconf 89' lang='lat' dir='ltr'>[Da</span> <span class='ocrx_word' id='word_1_196' title='bbox 646 2508 720 2566; x_wconf 85' lang='lat' dir='ltr'>illis:</span> <span class='ocrx_word' id='word_1_197' title='bbox 749 2519 777 2565; x_wconf 86' lang='lat' dir='ltr'>ut</span> <span class='ocrx_word' id='word_1_198' title='bbox 800 2540 839 2550; x_wconf 92' lang='lat'>-</span> <span class='ocrx_word' id='word_1_199' title='bbox 862 2528 1014 2566; x_wconf 83' lang='lat' dir='ltr'>moveamur</span> <span class='ocrx_word' id='word_1_200' title='bbox 1040 2506 1108 2578; x_wconf 60' lang='lat' dir='ltr'>cfr„</span> <span class='ocrx_word' id='word_1_201' title='bbox 1136 2526 1212 2582; x_wconf 88' lang='lat' dir='ltr'>quae</span> 
     </span>
    </p>

    <p class='ocr_par' dir='ltr' id='par_1_21' title="bbox 135 2590 501 2669">
     <span class='ocr_line' id='line_1_23' title="bbox 135 2590 501 2669; baseline -0.005 -19"><span class='ocrx_word' id='word_1_202' title='bbox 135 2593 215 2650; x_wconf 89' lang='lat' dir='ltr'>dicta</span> <span class='ocrx_word' id='word_1_203' title='bbox 237 2601 305 2649; x_wconf 90' lang='lat' dir='ltr'>sunt</span> <span class='ocrx_word' id='word_1_204' title='bbox 327 2593 364 2650; x_wconf 88' lang='lat' dir='ltr'>ad</span> <span class='ocrx_word' id='word_1_205' title='bbox 388 2593 411 2663; x_wconf 88' lang='lat' dir='ltr'>l,</span> <span class='ocrx_word' id='word_1_206' title='bbox 441 2590 501 2669; x_wconf 82' lang='grc'>[4.]</span> 
     </span>
    </p>

    <p class='ocr_par' dir='ltr' id='par_1_22' title="bbox 221 2676 1213 2753">
     <span class='ocr_line' id='line_1_24' title="bbox 221 2676 1213 2753; baseline 0 -19"><span class='ocrx_word' id='word_1_207' title='bbox 221 2698 271 2734; x_wconf 86' lang='lat' dir='ltr'>sna</span> <span class='ocrx_word' id='word_1_208' title='bbox 293 2697 416 2752; x_wconf 79' lang='lat' dir='ltr'>querque</span> <span class='ocrx_word' id='word_1_209' title='bbox 437 2681 477 2735; x_wconf 82' lang='lat' dir='ltr'>eie</span> <span class='ocrx_word' id='word_1_210' title='bbox 499 2676 546 2750; x_wconf 78' lang='lat' dir='ltr'>sit)</span> <span class='ocrx_word' id='word_1_211' title='bbox 570 2677 716 2750; x_wconf 81' lang='lat' dir='ltr'>Quoniam</span> <span class='ocrx_word' id='word_1_212' title='bbox 739 2678 769 2734; x_wconf 89' lang='lat' dir='ltr'>iu</span> <span class='ocrx_word' id='word_1_213' title='bbox 787 2678 919 2753; x_wconf 81' lang='lat' dir='ltr'>singulas</span> <span class='ocrx_word' id='word_1_214' title='bbox 937 2688 1035 2752; x_wconf 89' lang='lat' dir='ltr'>partes</span> <span class='ocrx_word' id='word_1_215' title='bbox 1052 2677 1097 2734; x_wconf 89' lang='lat' dir='ltr'>vis</span> <span class='ocrx_word' id='word_1_216' title='bbox 1115 2677 1213 2734; x_wconf 83' lang='lat' dir='ltr'>distri·</span> 
     </span>
    </p>

    <p class='ocr_par' dir='ltr' id='par_1_23' title="bbox 136 2762 1212 2836">
     <span class='ocr_line' id='line_1_25' title="bbox 136 2762 1212 2836; baseline -0.002 -16"><span class='ocrx_word' id='word_1_217' title='bbox 136 2763 244 2834; x_wconf 87' lang='lat' dir='ltr'>buitur,</span> <span class='ocrx_word' id='word_1_218' title='bbox 268 2772 301 2820; x_wconf 85' lang='lat' dir='ltr'>ut</span> <span class='ocrx_word' id='word_1_219' title='bbox 322 2781 404 2820; x_wconf 89' lang='lat' dir='ltr'>suam</span> <span class='ocrx_word' id='word_1_220' title='bbox 427 2781 560 2836; x_wconf 90' lang='lat' dir='ltr'>quaeque</span> <span class='ocrx_word' id='word_1_221' title='bbox 583 2763 705 2831; x_wconf 90' lang='lat' dir='ltr'>habeat,</span> <span class='ocrx_word' id='word_1_222' title='bbox 734 2763 849 2819; x_wconf 88' lang='lat' dir='ltr'>videtur</span> <span class='ocrx_word' id='word_1_223' title='bbox 871 2763 1024 2820; x_wconf 87' lang='lat' dir='ltr'>dicendum</span> <span class='ocrx_word' id='word_1_224' title='bbox 1049 2762 1212 2820; x_wconf 76' lang='lat' dir='ltr'>fuissetne</span> 
     </span>
    </p>

    <p class='ocr_par' dir='ltr' id='par_1_24' title="bbox 135 2846 1211 2923">
     <span class='ocr_line' id='line_1_26' title="bbox 135 2846 1211 2923; baseline -0.002 -17"><span class='ocrx_word' id='word_1_225' title='bbox 135 2852 272 2923; x_wconf 80' lang='lat' dir='ltr'>cuiusque,</span> <span class='ocrx_word' id='word_1_226' title='bbox 296 2848 375 2923; x_wconf 88' lang='lat' dir='ltr'>quod</span> <span class='ocrx_word' id='word_1_227' title='bbox 399 2848 533 2905; x_wconf 88' lang='lat' dir='ltr'>Bremius</span> <span class='ocrx_word' id='word_1_228' title='bbox 556 2848 741 2921; x_wconf 79' lang='lat' dir='ltr'>requirebat-3</span> <span class='ocrx_word' id='word_1_229' title='bbox 764 2848 815 2904; x_wconf 87' lang='lat' dir='ltr'>sed</span> <span class='ocrx_word' id='word_1_230' title='bbox 838 2848 945 2917; x_wconf 88' lang='lat' dir='ltr'>obstat,</span> <span class='ocrx_word' id='word_1_231' title='bbox 969 2847 1046 2922; x_wconf 91' lang='lat' dir='ltr'>quod</span> <span class='ocrx_word' id='word_1_232' title='bbox 1070 2848 1127 2904; x_wconf 82' lang='lat' dir='ltr'>ianr</span> <span class='ocrx_word' id='word_1_233' title='bbox 1152 2846 1211 2904; x_wconf 88' lang='lat' dir='ltr'>dic·</span> 
     </span>
    </p>

    <p class='ocr_par' dir='ltr' id='par_1_25' title="bbox 136 2932 1210 3008">
     <span class='ocr_line' id='line_1_27' title="bbox 136 2932 1210 3008; baseline -0.005 -17"><span class='ocrx_word' id='word_1_234' title='bbox 136 2944 197 2991; x_wconf 89' lang='lat' dir='ltr'>tum</span> <span class='ocrx_word' id='word_1_235' title='bbox 216 2945 261 2992; x_wconf 86' lang='lat' dir='ltr'>est</span> <span class='ocrx_word' id='word_1_236' title='bbox 282 2938 411 3008; x_wconf 71' lang='lat' dir='ltr'>eretusque</span> <span class='ocrx_word' id='word_1_237' title='bbox 429 2936 534 3008; x_wconf 61' lang='lat' dir='ltr'>purtim</span> <span class='ocrx_word' id='word_1_238' title='bbox 557 2932 656 3006; x_wconf 90' lang='lat' dir='ltr'>itaque</span> <span class='ocrx_word' id='word_1_239' title='bbox 670 2932 823 2989; x_wconf 84' lang='lat' dir='ltr'>Ernestius</span> <span class='ocrx_word' id='word_1_240' title='bbox 841 2933 984 2989; x_wconf 83' lang='lat' dir='ltr'>maluerat</span> <span class='ocrx_word' id='word_1_241' title='bbox 999 2953 1050 2990; x_wconf 84' lang='lat' dir='ltr'>sua</span> <span class='ocrx_word' id='word_1_242' title='bbox 1067 2933 1210 3007; x_wconf 79' lang='lat' dir='ltr'>quaedum.</span> 
     </span>
    </p>

    <p class='ocr_par' dir='ltr' id='par_1_26' title="bbox 138 3015 1212 3092">
     <span class='ocr_line' id='line_1_28' title="bbox 138 3015 1212 3092; baseline -0.005 -15"><span class='ocrx_word' id='word_1_243' title='bbox 138 3019 250 3077; x_wconf 88' lang='lat' dir='ltr'>Neuter</span> <span class='ocrx_word' id='word_1_244' title='bbox 273 3019 454 3086; x_wconf 87' lang='lat' dir='ltr'>meminerat,</span> <span class='ocrx_word' id='word_1_245' title='bbox 478 3017 549 3091; x_wconf 88' lang='lat' dir='ltr'>quid</span> <span class='ocrx_word' id='word_1_246' title='bbox 567 3015 704 3074; x_wconf 86' lang='lat' dir='ltr'>Dukerus</span> <span class='ocrx_word' id='word_1_247' title='bbox 723 3017 759 3074; x_wconf 87' lang='lat' dir='ltr'>ad</span> <span class='ocrx_word' id='word_1_248' title='bbox 779 3017 1011 3088; x_wconf 81' lang='lat' dir='ltr'>Liv.111,nt‚6</span> <span class='ocrx_word' id='word_1_249' title='bbox 1031 3017 1212 3092; x_wconf 59' lang='lat' dir='ltr'>scripsissem</span> 
     </span>
    </p>

    <p class='ocr_par' dir='ltr' id='par_1_27' title="bbox 137 3102 1212 3180">
     <span class='ocr_line' id='line_1_29' title="bbox 137 3102 1212 3180; baseline -0.003 -19"><span class='ocrx_word' id='word_1_250' title='bbox 137 3123 313 3180; x_wconf 89' lang='lat' dir='ltr'>quamquam</span> <span class='ocrx_word' id='word_1_251' title='bbox 338 3102 491 3161; x_wconf 83' lang='lat' dir='ltr'>tractanda</span> <span class='ocrx_word' id='word_1_252' title='bbox 518 3112 563 3159; x_wconf 91' lang='lat' dir='ltr'>est</span> <span class='ocrx_word' id='word_1_253' title='bbox 592 3120 638 3158; x_wconf 92' lang='lat' dir='ltr'>res</span> <span class='ocrx_word' id='word_1_254' title='bbox 668 3102 756 3177; x_wconf 89' lang='lat' dir='ltr'>paulo</span> <span class='ocrx_word' id='word_1_255' title='bbox 785 3102 965 3173; x_wconf 88' lang='lat' dir='ltr'>distinctius,</span> <span class='ocrx_word' id='word_1_256' title='bbox 995 3121 1082 3176; x_wconf 91' lang='lat' dir='ltr'>quam</span> <span class='ocrx_word' id='word_1_257' title='bbox 1111 3102 1149 3158; x_wconf 93' lang='lat' dir='ltr'>ab</span> <span class='ocrx_word' id='word_1_258' title='bbox 1177 3121 1212 3158; x_wconf 88' lang='lat' dir='ltr'>eo</span> 
     </span>
    </p>

    <p class='ocr_par' dir='ltr' id='par_1_28' title="bbox 137 3186 1213 3247">
     <span class='ocr_line' id='line_1_30' title="bbox 137 3186 1213 3247; baseline -0.003 -1"><span class='ocrx_word' id='word_1_259' title='bbox 137 3189 246 3247; x_wconf 84' lang='lat' dir='ltr'>factum</span> <span class='ocrx_word' id='word_1_260' title='bbox 270 3200 323 3247; x_wconf 90' lang='lat' dir='ltr'>est.</span> <span class='ocrx_word' id='word_1_261' title='bbox 370 3189 445 3246; x_wconf 87' lang='lat' dir='ltr'>Nam</span> <span class='ocrx_word' id='word_1_262' title='bbox 470 3206 535 3245; x_wconf 90' lang='lat' dir='ltr'>cum</span> <span class='ocrx_word' id='word_1_263' title='bbox 558 3186 654 3244; x_wconf 90' lang='lat' dir='ltr'>Latini</span> <span class='ocrx_word' id='word_1_264' title='bbox 677 3196 866 3244; x_wconf 85' lang='lat' dir='ltr'>consresscnt</span> <span class='ocrx_word' id='word_1_265' title='bbox 889 3189 918 3243; x_wconf 91' lang='lat' dir='ltr'>in</span> <span class='ocrx_word' id='word_1_266' title='bbox 941 3186 1143 3245; x_wconf 88' lang='lat' dir='ltr'>distribuendo</span> <span class='ocrx_word' id='word_1_267' title='bbox 1166 3205 1213 3243; x_wconf 89' lang='lat' dir='ltr'>res</span> 
     </span>
    </p>

    <p class='ocr_par' dir='ltr' id='par_1_29' title="bbox 139 3271 1212 3351">
     <span class='ocr_line' id='line_1_31' title="bbox 139 3271 1212 3351; baseline -0.004 -20"><span class='ocrx_word' id='word_1_268' title='bbox 139 3293 337 3351; x_wconf 87' lang='lat' dir='ltr'>personasque</span> <span class='ocrx_word' id='word_1_269' title='bbox 360 3274 437 3330; x_wconf 89' lang='lat' dir='ltr'>inter</span> <span class='ocrx_word' id='word_1_270' title='bbox 458 3293 489 3330; x_wconf 89' lang='lat' dir='ltr'>se</span> <span class='ocrx_word' id='word_1_271' title='bbox 512 3273 620 3329; x_wconf 83' lang='lat' dir='ltr'>relatas</span> <span class='ocrx_word' id='word_1_272' title='bbox 644 3272 866 3347; x_wconf 87' lang='lat' dir='ltr'>pronominibus</span> <span class='ocrx_word' id='word_1_273' title='bbox 888 3293 954 3329; x_wconf 76' lang='lat' dir='ltr'>stum</span> <span class='ocrx_word' id='word_1_274' title='bbox 976 3283 1006 3329; x_wconf 86' lang='lat' dir='ltr'>ct</span> <span class='ocrx_word' id='word_1_275' title='bbox 1023 3275 1138 3347; x_wconf 84' lang='lat' dir='ltr'>quisque</span> <span class='ocrx_word' id='word_1_276' title='bbox 1154 3271 1212 3348; x_wconf 85' lang='lat' dir='ltr'>sig·</span> 
     </span>
    </p>

    <p class='ocr_par' dir='ltr' id='par_1_30' title="bbox 138 3357 1210 3434">
     <span class='ocr_line' id='line_1_32' title="bbox 138 3357 1210 3434; baseline -0.003 -18"><span class='ocrx_word' id='word_1_277' title='bbox 138 3360 267 3428; x_wconf 86' lang='lat' dir='ltr'>nificare,</span> <span class='ocrx_word' id='word_1_278' title='bbox 290 3359 415 3434; x_wconf 91' lang='lat' dir='ltr'>primum</span> <span class='ocrx_word' id='word_1_279' title='bbox 439 3359 526 3416; x_wconf 89' lang='lat' dir='ltr'>etiam</span> <span class='ocrx_word' id='word_1_280' title='bbox 552 3357 601 3423; x_wconf 89' lang='lat' dir='ltr'>ibi,</span> <span class='ocrx_word' id='word_1_281' title='bbox 626 3357 675 3414; x_wconf 94' lang='lat' dir='ltr'>ubi</span> <span class='ocrx_word' id='word_1_282' title='bbox 698 3357 810 3432; x_wconf 86' lang='lat' dir='ltr'>aliquid</span> <span class='ocrx_word' id='word_1_283' title='bbox 834 3359 869 3414; x_wconf 88' lang='lat' dir='ltr'>de</span> <span class='ocrx_word' id='word_1_284' title='bbox 891 3358 1014 3433; x_wconf 86' lang='lat' dir='ltr'>siugulis</span> <span class='ocrx_word' id='word_1_285' title='bbox 1037 3358 1125 3414; x_wconf 91' lang='lat' dir='ltr'>rebus</span> <span class='ocrx_word' id='word_1_286' title='bbox 1147 3376 1210 3432; x_wconf 90' lang='lat' dir='ltr'>per·</span> 
     </span>
    </p>

    <p class='ocr_par' dir='ltr' id='par_1_31' title="bbox 138 3443 1213 3520">
     <span class='ocr_line' id='line_1_33' title="bbox 138 3443 1213 3520; baseline -0.004 -18"><span class='ocrx_word' id='word_1_287' title='bbox 138 3445 255 3502; x_wconf 80' lang='lat' dir='ltr'>sonisve</span> <span class='ocrx_word' id='word_1_288' title='bbox 278 3444 506 3519; x_wconf 88' lang='lat' dir='ltr'>intellegendum</span> <span class='ocrx_word' id='word_1_289' title='bbox 524 3463 588 3500; x_wconf 88' lang='lat' dir='ltr'>esse</span> <span class='ocrx_word' id='word_1_290' title='bbox 608 3443 809 3500; x_wconf 88' lang='lat' dir='ltr'>tantummodo</span> <span class='ocrx_word' id='word_1_291' title='bbox 829 3443 869 3500; x_wconf 90' lang='lat' dir='ltr'>ita</span> <span class='ocrx_word' id='word_1_292' title='bbox 887 3443 1101 3520; x_wconf 82' lang='lat' dir='ltr'>significabant,</span> <span class='ocrx_word' id='word_1_293' title='bbox 1124 3452 1157 3499; x_wconf 87' lang='lat' dir='ltr'>ut</span> <span class='ocrx_word' id='word_1_294' title='bbox 1179 3462 1213 3499; x_wconf 90' lang='lat' dir='ltr'>ea</span> 
     </span>
    </p>

    <p class='ocr_par' dir='ltr' id='par_1_32' title="bbox 135 3528 1213 3596">
     <span class='ocr_line' id='line_1_34' title="bbox 135 3528 1213 3596; baseline 0 -13"><span class='ocrx_word' id='word_1_295' title='bbox 135 3530 244 3586; x_wconf 88' lang='lat' dir='ltr'>divisio</span> <span class='ocrx_word' id='word_1_296' title='bbox 266 3530 304 3585; x_wconf 89' lang='lat' dir='ltr'>ad</span> <span class='ocrx_word' id='word_1_297' title='bbox 326 3530 422 3586; x_wconf 89' lang='lat' dir='ltr'>nullas</span> <span class='ocrx_word' id='word_1_298' title='bbox 444 3529 518 3585; x_wconf 88' lang='lat' dir='ltr'>alias</span> <span class='ocrx_word' id='word_1_299' title='bbox 540 3548 588 3586; x_wconf 86' lang='lat' dir='ltr'>res</span> <span class='ocrx_word' id='word_1_300' title='bbox 604 3538 684 3586; x_wconf 85' lang='lat' dir='ltr'>certa</span> <span class='ocrx_word' id='word_1_301' title='bbox 701 3528 906 3585; x_wconf 82' lang='lat' dir='ltr'>distributione</span> <span class='ocrx_word' id='word_1_302' title='bbox 924 3528 1092 3596; x_wconf 83' lang='lat' dir='ltr'>referretur,</span> <span class='ocrx_word' id='word_1_303' title='bbox 1116 3538 1213 3584; x_wconf 87' lang='lat' dir='ltr'>tamen</span> 
     </span>
    </p>

    <p class='ocr_par' dir='ltr' id='par_1_33' title="bbox 137 3613 1212 3689">
     <span class='ocr_line' id='line_1_35' title="bbox 137 3613 1212 3689; baseline -0.004 -18"><span class='ocrx_word' id='word_1_304' title='bbox 137 3635 203 3672; x_wconf 68' lang='lat' dir='ltr'>sinu</span> <span class='ocrx_word' id='word_1_305' title='bbox 226 3615 386 3682; x_wconf 88' lang='lat' dir='ltr'>addebant,</span> <span class='ocrx_word' id='word_1_306' title='bbox 410 3632 533 3689; x_wconf 89' lang='lat' dir='ltr'>cumque</span> <span class='ocrx_word' id='word_1_307' title='bbox 557 3614 601 3677; x_wconf 88' lang='lat' dir='ltr'>id,</span> <span class='ocrx_word' id='word_1_308' title='bbox 625 3613 671 3670; x_wconf 92' lang='lat' dir='ltr'>cui</span> <span class='ocrx_word' id='word_1_309' title='bbox 694 3613 885 3687; x_wconf 85' lang='lat' dir='ltr'>granuuatice</span> <span class='ocrx_word' id='word_1_310' title='bbox 908 3614 1131 3689; x_wconf 85' lang='lat' dir='ltr'>adiungeretur,</span> <span class='ocrx_word' id='word_1_311' title='bbox 1155 3631 1212 3668; x_wconf 89' lang='lat' dir='ltr'>non</span> 
     </span>
    </p>

    <p class='ocr_par' dir='ltr' id='par_1_34' title="bbox 138 3697 1214 3774">
     <span class='ocr_line' id='line_1_36' title="bbox 138 3697 1214 3774; baseline -0.004 -18"><span class='ocrx_word' id='word_1_312' title='bbox 138 3701 268 3770; x_wconf 87' lang='lat' dir='ltr'>haberet,</span> <span class='ocrx_word' id='word_1_313' title='bbox 291 3719 357 3755; x_wconf 75' lang='lat' dir='ltr'>setes</span> <span class='ocrx_word' id='word_1_314' title='bbox 379 3705 493 3773; x_wconf 78' lang='lat' dir='ltr'>quisque</span> <span class='ocrx_word' id='word_1_315' title='bbox 515 3700 617 3756; x_wconf 89' lang='lat' dir='ltr'>eodem</span> <span class='ocrx_word' id='word_1_316' title='bbox 640 3716 710 3755; x_wconf 89' lang='lat' dir='ltr'>casn</span> <span class='ocrx_word' id='word_1_317' title='bbox 733 3698 817 3772; x_wconf 88' lang='lat' dir='ltr'>quasi</span> <span class='ocrx_word' id='word_1_318' title='bbox 841 3718 893 3774; x_wconf 91' lang='lat' dir='ltr'>pro</span> <span class='ocrx_word' id='word_1_319' title='bbox 917 3718 975 3755; x_wconf 89' lang='lat' dir='ltr'>una</span> <span class='ocrx_word' id='word_1_320' title='bbox 998 3717 1069 3756; x_wconf 86' lang='lat' dir='ltr'>roce</span> <span class='ocrx_word' id='word_1_321' title='bbox 1092 3697 1214 3755; x_wconf 88' lang='lat' dir='ltr'>coniun-</span> 
     </span>
    </p>

    <p class='ocr_par' dir='ltr' id='par_1_35' title="bbox 136 3782 1213 3862">
     <span class='ocr_line' id='line_1_37' title="bbox 136 3782 1213 3862; baseline -0.004 -20"><span class='ocrx_word' id='word_1_322' title='bbox 136 3787 255 3862; x_wconf 84' lang='lat' dir='ltr'>gebnnt.</span> <span class='ocrx_word' id='word_1_323' title='bbox 303 3784 478 3841; x_wconf 89' lang='lat' dir='ltr'>Huiusmodi</span> <span class='ocrx_word' id='word_1_324' title='bbox 502 3794 555 3848; x_wconf 81' lang='lat' dir='ltr'>est,</span> <span class='ocrx_word' id='word_1_325' title='bbox 579 3783 656 3857; x_wconf 86' lang='lat' dir='ltr'>quod</span> <span class='ocrx_word' id='word_1_326' title='bbox 681 3783 725 3840; x_wconf 90' lang='lat' dir='ltr'>bis</span> <span class='ocrx_word' id='word_1_327' title='bbox 748 3783 777 3840; x_wconf 94' lang='lat' dir='ltr'>in</span> <span class='ocrx_word' id='word_1_328' title='bbox 802 3785 902 3841; x_wconf 91' lang='lat' dir='ltr'>tabula</span> <span class='ocrx_word' id='word_1_329' title='bbox 922 3782 1113 3840; x_wconf 88' lang='lat' dir='ltr'>llerncleensi</span> <span class='ocrx_word' id='word_1_330' title='bbox 1135 3783 1213 3858; x_wconf 80' lang='lat' dir='ltr'>(lege</span> 
     </span>
    </p>

    <p class='ocr_par' dir='ltr' id='par_1_36' title="bbox 139 3867 1213 3944">
     <span class='ocr_line' id='line_1_38' title="bbox 139 3867 1213 3944; baseline -0.006 -16"><span class='ocrx_word' id='word_1_331' title='bbox 139 3871 216 3928; x_wconf 89' lang='lat' dir='ltr'>Iulia</span> <span class='ocrx_word' id='word_1_332' title='bbox 239 3869 357 3941; x_wconf 88' lang='lat' dir='ltr'>munic.)</span> <span class='ocrx_word' id='word_1_333' title='bbox 381 3870 521 3944; x_wconf 83' lang='lat' dir='ltr'>scriptum</span> <span class='ocrx_word' id='word_1_334' title='bbox 545 3878 589 3924; x_wconf 88' lang='lat' dir='ltr'>est</span> <span class='ocrx_word' id='word_1_335' title='bbox 612 3871 651 3941; x_wconf 86' lang='lat' dir='ltr'>(v.</span> <span class='ocrx_word' id='word_1_336' title='bbox 665 3869 704 3925; x_wconf 78' lang='lat'>92</span> <span class='ocrx_word' id='word_1_337' title='bbox 718 3878 747 3924; x_wconf 88' lang='lat' dir='ltr'>et</span> <span class='ocrx_word' id='word_1_338' title='bbox 763 3870 836 3938; x_wconf 74' lang='lat'><em>1013</em></span> <span class='ocrx_word' id='word_1_339' title='bbox 860 3869 985 3926; x_wconf 86' lang='lat' dir='ltr'>libenter</span> <span class='ocrx_word' id='word_1_340' title='bbox 1008 3867 1084 3924; x_wconf 91' lang='lat' dir='ltr'>enim</span> <span class='ocrx_word' id='word_1_341' title='bbox 1109 3867 1137 3924; x_wconf 92' lang='lat' dir='ltr'>in</span> <span class='ocrx_word' id='word_1_342' title='bbox 1161 3867 1213 3923; x_wconf 89' lang='lat' dir='ltr'>tali</span> 
     </span>
    </p>

    <p class='ocr_par' dir='ltr' id='par_1_37' title="bbox 138 3953 1214 4030">
     <span class='ocr_line' id='line_1_39' title="bbox 138 3953 1214 4030; baseline -0.003 -17"><span class='ocrx_word' id='word_1_343' title='bbox 138 3975 169 4013; x_wconf 89' lang='lat' dir='ltr'>re</span> <span class='ocrx_word' id='word_1_344' title='bbox 192 3956 269 4013; x_wconf 91' lang='lat' dir='ltr'>aeris</span> <span class='ocrx_word' id='word_1_345' title='bbox 291 3955 481 4030; x_wconf 88' lang='lat' dir='ltr'>lapidumque</span> <span class='ocrx_word' id='word_1_346' title='bbox 504 3953 671 4011; x_wconf 91' lang='lat' dir='ltr'>testimonio</span> <span class='ocrx_word' id='word_1_347' title='bbox 694 3955 786 4028; x_wconf 88' lang='lat' dir='ltr'>utor):</span> <span class='ocrx_word' id='word_1_348' title='bbox 815 3973 885 4029; x_wconf 84' lang='lat' dir='ltr'>qaue</span> <span class='ocrx_word' id='word_1_349' title='bbox 911 3954 1044 4029; x_wconf 73' lang='lat' dir='ltr'>sapentia</span> <span class='ocrx_word' id='word_1_350' title='bbox 1065 3956 1092 4009; x_wconf 88' lang='lat' dir='ltr'>in</span> <span class='ocrx_word' id='word_1_351' title='bbox 1114 3956 1214 4011; x_wconf 82' lang='lat' dir='ltr'>cestrie</span> 
     </span>
    </p>

    <p class='ocr_par' dir='ltr' id='par_1_38' title="bbox 137 4038 1214 4116">
     <span class='ocr_line' id='line_1_40' title="bbox 137 4038 1214 4116; baseline -0.005 -17"><span class='ocrx_word' id='word_1_352' title='bbox 137 4045 196 4099; x_wconf 82' lang='lat' dir='ltr'>inec</span> <span class='ocrx_word' id='word_1_353' title='bbox 215 4043 355 4116; x_wconf 84' lang='lat' dir='ltr'>prouincia</span> <span class='ocrx_word' id='word_1_354' title='bbox 372 4043 497 4097; x_wconf 84' lang='lat' dir='ltr'>maiorem</span> <span class='ocrx_word' id='word_1_355' title='bbox 517 4049 622 4114; x_wconf 86' lang='lat' dir='ltr'>purtem</span> <span class='ocrx_word' id='word_1_356' title='bbox 645 4044 689 4096; x_wconf 86' lang='lat' dir='ltr'>sui</span> <span class='ocrx_word' id='word_1_357' title='bbox 704 4041 852 4114; x_wconf 84' lang='lat' dir='ltr'>quoiusque</span> <span class='ocrx_word' id='word_1_358' title='bbox 868 4043 933 4096; x_wconf 78' lang='lat' dir='ltr'>ornn</span> <span class='ocrx_word' id='word_1_359' title='bbox 947 4041 1059 4112; x_wconf 84' lang='lat' dir='ltr'>fecerit;</span> <span class='ocrx_word' id='word_1_360' title='bbox 1083 4048 1144 4096; x_wconf 84' lang='lat' dir='ltr'>tunt</span> <span class='ocrx_word' id='word_1_361' title='bbox 1162 4038 1214 4095; x_wconf 90' lang='lat' dir='ltr'>illu</span> 
     </span>
    </p>

    <p class='ocr_par' dir='ltr' id='par_1_39' title="bbox 138 4124 1214 4202">
     <span class='ocr_line' id='line_1_41' title="bbox 138 4124 1214 4202; baseline -0.003 -19"><span class='ocrx_word' id='word_1_362' title='bbox 138 4128 216 4202; x_wconf 89' lang='lat' dir='ltr'>apud</span> <span class='ocrx_word' id='word_1_363' title='bbox 239 4126 412 4186; x_wconf 86' lang='lat' dir='ltr'>Ciceronem</span> <span class='ocrx_word' id='word_1_364' title='bbox 436 4125 532 4183; x_wconf 75' lang='lat' dir='ltr'>Aeatl.</span> <span class='ocrx_word' id='word_1_365' title='bbox 555 4124 597 4191; x_wconf 87' lang='lat' dir='ltr'>ll,</span> <span class='ocrx_word' id='word_1_366' title='bbox 619 4124 671 4180; x_wconf 81' lang='lat'>19:</span> <span class='ocrx_word' id='word_1_367' title='bbox 693 4129 721 4181; x_wconf 84' lang='lat' dir='ltr'>in</span> <span class='ocrx_word' id='word_1_368' title='bbox 745 4125 866 4182; x_wconf 83' lang='lat' dir='ltr'>sensibus</span> <span class='ocrx_word' id='word_1_369' title='bbox 887 4127 932 4182; x_wconf 84' lang='lat' dir='ltr'>sui</span> <span class='ocrx_word' id='word_1_370' title='bbox 951 4131 1081 4199; x_wconf 75' lang='lat' dir='ltr'>citiusque</span> <span class='ocrx_word' id='word_1_371' title='bbox 1100 4126 1214 4198; x_wconf 69' lang='lat' dir='ltr'>penetra,</span> 
     </span>
    </p>

    <p class='ocr_par' dir='ltr' id='par_1_40' title="bbox 132 4208 1254 4541">
     <span class='ocr_line' id='line_1_42' title="bbox 138 4208 1254 4286; baseline -0.002 -17"><span class='ocrx_word' id='word_1_372' title='bbox 138 4222 168 4269; x_wconf 91' lang='lat' dir='ltr'>et</span> <span class='ocrx_word' id='word_1_373' title='bbox 180 4213 267 4270; x_wconf 91' lang='lat' dir='ltr'>Tuso.</span> <span class='ocrx_word' id='word_1_374' title='bbox 282 4213 335 4279; x_wconf 92' lang='lat' dir='ltr'>IV,</span> <span class='ocrx_word' id='word_1_375' title='bbox 349 4212 403 4268; x_wconf 74' lang='lat'>28:</span> <span class='ocrx_word' id='word_1_376' title='bbox 427 4212 492 4268; x_wconf 83' lang='lat' dir='ltr'>laec</span> <span class='ocrx_word' id='word_1_377' title='bbox 505 4210 664 4286; x_wconf 78' lang='lat' dir='ltr'>proclivitas</span> <span class='ocrx_word' id='word_1_378' title='bbox 680 4210 720 4266; x_wconf 74' lang='lat' dir='ltr'>acl</span> <span class='ocrx_word' id='word_1_379' title='bbox 734 4228 811 4265; x_wconf 76' lang='lat' dir='ltr'>sutem</span> <span class='ocrx_word' id='word_1_380' title='bbox 828 4212 954 4285; x_wconf 80' lang='lat' dir='ltr'>quodque</span> <span class='ocrx_word' id='word_1_381' title='bbox 972 4229 1066 4286; x_wconf 70' lang='lat' dir='ltr'>penus,</span> <span class='ocrx_word' id='word_1_382' title='bbox 1089 4218 1119 4267; x_wconf 87' lang='lat' dir='ltr'>et</span> <span class='ocrx_word' id='word_1_383' title='bbox 1136 4208 1214 4285; x_wconf 90' lang='lat' dir='ltr'>apud</span> <span class='ocrx_word' id='word_1_384' title='bbox 1251 4260 1254 4267; x_wconf 92' lang='lat'>.</span> 
     </span>
     <span class='ocr_line' id='line_1_43' title="bbox 137 4295 1214 4367; baseline -0.003 -12"><span class='ocrx_word' id='word_1_385' title='bbox 137 4298 210 4355; x_wconf 87' lang='lat' dir='ltr'>Tac.</span> <span class='ocrx_word' id='word_1_386' title='bbox 228 4298 307 4354; x_wconf 80' lang='lat' dir='ltr'>Ann.</span> <span class='ocrx_word' id='word_1_387' title='bbox 324 4297 411 4367; x_wconf 85' lang='lat' dir='ltr'>XIV,</span> <span class='ocrx_word' id='word_1_388' title='bbox 426 4298 481 4353; x_wconf 77' lang='lat'>27:</span> <span class='ocrx_word' id='word_1_389' title='bbox 504 4300 643 4353; x_wconf 83' lang='lat' dir='ltr'>universae</span> <span class='ocrx_word' id='word_1_390' title='bbox 665 4295 777 4367; x_wconf 73' lang='lat' dir='ltr'>leqiones</span> <span class='ocrx_word' id='word_1_391' title='bbox 799 4295 998 4354; x_wconf 82' lang='lat' dir='ltr'>deducebantur</span> <span class='ocrx_word' id='word_1_392' title='bbox 1018 4310 1077 4354; x_wconf 82' lang='lat' dir='ltr'>eum</span> <span class='ocrx_word' id='word_1_393' title='bbox 1099 4296 1214 4352; x_wconf 79' lang='lat' dir='ltr'>tribunis</span> 
     </span>
     <span class='ocr_line' id='line_1_44' title="bbox 132 4379 1213 4456; baseline -0.003 -17"><span class='ocrx_word' id='word_1_394' title='bbox 132 4394 163 4440; x_wconf 78' lang='lat' dir='ltr'>et</span> <span class='ocrx_word' id='word_1_395' title='bbox 194 4387 238 4440; x_wconf 81' lang='lat' dir='ltr'>sui</span> <span class='ocrx_word' id='word_1_396' title='bbox 269 4385 399 4456; x_wconf 83' lang='lat' dir='ltr'>cuiusque</span> <span class='ocrx_word' id='word_1_397' title='bbox 427 4384 530 4440; x_wconf 81' lang='lat' dir='ltr'>ordinis</span> <span class='ocrx_word' id='word_1_398' title='bbox 558 4380 692 4437; x_wconf 81' lang='lat' dir='ltr'>militibus.</span> <span class='ocrx_word' id='word_1_399' title='bbox 748 4380 877 4452; x_wconf 83' lang='lat' dir='ltr'>(Vitiosa</span> <span class='ocrx_word' id='word_1_400' title='bbox 910 4381 1100 4449; x_wconf 88' lang='lat' dir='ltr'>scriberetur,</span> <span class='ocrx_word' id='word_1_401' title='bbox 1134 4379 1213 4455; x_wconf 91' lang='lat' dir='ltr'>quod</span> 
     </span>
     <span class='ocr_line' id='line_1_45' title="bbox 140 4465 1216 4541; baseline -0.002 -16"><span class='ocrx_word' id='word_1_402' title='bbox 140 4467 275 4526; x_wconf 74' lang='lat' dir='ltr'>Bellero</span> <span class='ocrx_word' id='word_1_403' title='bbox 297 4467 327 4524; x_wconf 91' lang='lat' dir='ltr'>in</span> <span class='ocrx_word' id='word_1_404' title='bbox 351 4476 477 4526; x_wconf 84' lang='lat' dir='ltr'>mentem</span> <span class='ocrx_word' id='word_1_405' title='bbox 501 4466 618 4525; x_wconf 85' lang='lat' dir='ltr'>venisse</span> <span class='ocrx_word' id='word_1_406' title='bbox 641 4465 741 4535; x_wconf 86' lang='lat' dir='ltr'>video,</span> <span class='ocrx_word' id='word_1_407' title='bbox 764 4467 928 4541; x_wconf 84' lang='lat' dir='ltr'>quibusque3</span> <span class='ocrx_word' id='word_1_408' title='bbox 958 4474 1036 4522; x_wconf 88' lang='lat' dir='ltr'>recte</span> <span class='ocrx_word' id='word_1_409' title='bbox 1058 4465 1216 4536; x_wconf 87' lang='lat' dir='ltr'>diceretur,</span> 
     </span>
    </p>
   </div>
   <div class='ocr_carea' id='block_1_5' title="bbox 978 4586 1010 4628">
    <p class='ocr_par' dir='ltr' id='par_1_41' title="bbox 978 4586 1010 4628">
     <span class='ocr_line' id='line_1_46' title="bbox 978 4586 1010 4628; baseline 0 0"><span class='ocrx_word' id='word_1_410' title='bbox 978 4586 1010 4628; x_wconf 78' lang='lat' dir='ltr'>tt</span> 
     </span>
    </p>
   </div>
   <div class='ocr_carea' id='block_1_6' title="bbox 0 0 1529 5086">
    <p class='ocr_par' dir='ltr' id='par_1_42' title="bbox 0 0 1529 5086">
     <span class='ocr_line' id='line_1_47' title="bbox 0 0 1529 5086; baseline 0 0"><span class='ocrx_word' id='word_1_411' title='bbox 0 0 1529 5086; x_wconf 95' lang='lat' dir='ltr'> </span> 
     </span>
    </p>
   </div>
  </div>
 </body>
</html>
