3030 5086
633 506 873 556 excusabam.
1192 453 1196 460 .
1226 472 1287 555 811

218 683 282 738 Att.
306 680 377 748 VII,
401 680 429 747 5,
451 683 478 744 5,
501 682 551 739 ubi
574 702 621 741 nco
640 683 719 758 prius
741 681 848 755 quidem
870 690 915 737 est
936 691 961 738 et
982 683 1089 755 quidem
1111 701 1162 738 non
1181 678 1288 758 priua]

216 766 300 823 Haec
321 765 411 843 igitur
433 767 620 844 seiungamus
642 778 672 824 et
693 765 730 822 ad
752 765 797 836 id,
825 766 904 840 quod
927 784 1004 823 nunc
1025 767 1136 842 agitur,
1166 784 1288 823 conver·

217 861 322 908 tamur.
338 849 365 928 ¹)

303 935 360 993 Nec
375 969 407 979 —
424 940 532 1012 quidem
547 937 639 995 ferme
656 938 686 993 in
705 935 900 993 deterioribus
923 947 952 993 et
973 937 1187 994 recentioribus
1205 935 1289 993 libris

216 1022 371 1096 reperitur,
394 1041 470 1089 raro,
493 1033 526 1079 ut
547 1023 625 1097 apud
648 1020 862 1095 Quintilianum
880 1022 921 1090 Χ,
937 1024 963 1092 1,
978 1022 1017 1079 33
1040 1034 1071 1080 et
1088 1022 1128 1089 X,
1142 1023 1170 1089 7,
1184 1022 1233 1081 32.
1257 1021 1286 1078 in

216 1106 345 1180 antiquis
367 1117 397 1163 et
418 1108 517 1176 bonis;
545 1108 599 1165 etsi
622 1105 798 1181 Quintiliani
820 1106 933 1181 antiqui
956 1107 1071 1165 codices
1092 1106 1287 1183 neglegentis·

217 1192 290 1250 sime
312 1192 414 1268 scripti
437 1202 505 1250 suut
527 1201 556 1250 et
572 1191 795 1267 corruptissimi,
818 1200 931 1249 tantum
949 1191 1176 1268 interpolatione
1194 1192 1288 1290 vacqi.

217 1276 307 1352 Apud
329 1275 502 1336 Ciceronem
526 1286 642 1354 praeter
664 1276 729 1336 Cat.
753 1276 823 1334 Mai.
850 1278 888 1332 tt
913 1275 982 1348 (Nec
1004 1296 1074 1334 nano
1095 1279 1215 1351 quidem)
1237 1296 1289 1334 tux

216 1361 294 1419 ullus
323 1372 368 1420 est
394 1363 491 1433 locus,
522 1364 571 1421 ubi
595 1362 727 1438 primarii
749 1361 879 1425 codices,
908 1362 1011 1436 quales
1032 1371 1084 1419 aut
1106 1362 1289 1438 palimpsesti

217 1457 285 1506 sunt
306 1456 358 1504 aut
380 1449 534 1506 Parisinus
546 1449 780 1507 Tusculanarum
803 1459 854 1504 aut
876 1447 1038 1505 Vaticanus
1056 1447 1289 1523 Philippicarum

216 1532 326 1607 aliique
348 1532 467 1596 similes,
490 1535 519 1591 id
543 1543 688 1601 tueantur,
711 1533 767 1589 uisi
790 1531 867 1589 forte
885 1551 921 1590 ex
939 1534 1129 1608 subsequenti
1148 1551 1220 1591 voce
1242 1532 1290 1590 lit·

126 1668 130 1678 .
217 1628 281 1675 tera
309 1638 324 1675 c
351 1619 498 1688 adhaesit,
530 1619 608 1693 quod
637 1618 674 1675 N.
701 1619 736 1675 D.
760 1618 822 1684 ΙΙΙ,
846 1619 886 1674 23
914 1619 944 1675 in
976 1619 1145 1676 melioribus
1173 1635 1289 1692 quoque

217 1703 368 1760 codicibus
390 1704 511 1772 accidit3
534 1714 647 1761 tantum
665 1703 795 1778 Philipp·
807 1704 896 1764 ῙΙΙ,3
914 1704 1023 1779 duplex
1046 1724 1093 1762 nec
1112 1700 1290 1779 praecedens

217 1789 319 1866 genuit
340 1808 387 1846 nee
406 1823 446 1833 -
463 1791 570 1863 quidem
593 1789 680 1846 etiam
704 1788 734 1845 in
747 1789 893 1846 Vaticano
910 1789 1019 1846 codice.
1031 1789 1061 1864 2)
1106 1790 1140 1845 In
1163 1789 1290 1847 deterio-

216 1874 298 1931 ribus
320 1874 405 1931 libris
427 1874 481 1931 hoc
504 1875 578 1932 adeo
601 1893 658 1931 nou
675 1892 773 1931 rarum
791 1883 845 1945 est,
869 1884 909 1939 ut,
933 1875 957 1931 si
975 1874 1102 1932 editores
1119 1875 1289 1951 diligentius

217 1958 392 2034 scripturam
421 1969 625 2026 annotassent,
659 1959 828 2017 defensores
858 1959 1018 2017 studiosius
1046 1959 1290 2033 anquisivisseut,

217 2055 268 2101 aut
291 2045 424 2119 pluribus
446 2045 518 2103 locis
541 2045 570 2101 id
593 2045 648 2102 sibi
672 2043 886 2102 defendendum
903 2064 968 2102 esse
986 2045 1163 2102 intellecturi
1180 2044 1291 2103 fuerint

216 2141 268 2187 aut
295 2130 507 2199 confitendum,
541 2130 677 2187 librarios
711 2131 852 2204 quosdam
880 2131 1054 2189 recentioris
1081 2131 1187 2188 aetatis
1214 2131 1291 2187 hauc

216 2215 339 2273 formam
368 2215 405 2272 de
432 2234 486 2272 sno
513 2216 543 2271 in
573 2227 703 2272 veterum
732 2215 843 2292 scripta
868 2217 1013 2274 intulisse.
1059 2217 1150 2273 Velut
1177 2217 1206 2272 in
1236 2216 1290 2272 hoc

214 2320 303 2376 opere
326 2301 361 2356 de
386 2300 508 2358 Finibus
531 2301 589 2370 111,
614 2301 631 2358 3
655 2319 732 2358 nunc
754 2313 886 2377 apparet,
910 2302 988 2376 quod
1011 2300 1172 2369 Gruterus,
1197 2301 1289 2358 Davi·

217 2387 285 2452 sius,
310 2386 492 2445 Goerenzius
515 2404 572 2443 non
596 2396 753 2456 annotant,
783 2386 961 2444 deteriorum
990 2387 1122 2443 codicum
1145 2385 1289 2444 familiam

216 2472 339 2529 habere:
362 2473 426 2527 dicit
442 2468 583 2546 Epicurus
604 2491 662 2528 nee
683 2474 923 2544 orqumentandam
945 2473 1051 2547 quidem
1069 2491 1127 2529 esse
1145 2473 1178 2529 de
1195 2473 1289 2547 volup·

215 2567 283 2626 tate3
306 2558 336 2614 in
361 2557 420 2613 Erl.
443 2567 474 2613 et
496 2556 666 2614 melioribus
688 2555 775 2635 [AB]
798 2567 842 2614 est
864 2576 896 2615 ne
911 2559 1075 2631 -qut'dem
1121 2557 1156 2614 Iu
1174 2558 1288 2615 Tuscu·

216 2643 292 2700 lanis
315 2642 361 2700 ll.
387 2644 422 2700 31
449 2642 542 2698 codex
566 2642 786 2717 Rohdigeranus
809 2653 839 2698 et
861 2641 1017 2701 Gudianus
1041 2643 1075 2709 2,
1098 2653 1222 2717 uterque
1245 2642 1289 2698 in·

215 2728 309 2786 fimus.
334 2729 443 2784 habent
465 2746 568 2784 nec-
588 2729 703 2803 quidem,
727 2727 783 2792 ΙΙΙ,
797 2730 834 2784 21
860 2727 1039 2786 Oxonieusis
1062 2746 1137 2784 unns
1160 2736 1190 2784 et
1211 2727 1289 2784 Reh-

217 2814 388 2889 digeranus,
420 2813 474 2873 IV.
498 2813 538 2869 84
562 2811 640 2870 Gud.
665 2813 691 2868 2.
742 2812 833 2887 Apud
858 2813 1021 2888 Vergilium
1049 2822 1095 2869 ter
1117 2810 1240 2887 (Georg.
1263 2813 1289 2882 1,

220 2899 278 2957 126
303 2911 330 2954 et
356 2898 431 2964 390,
460 2897 523 2966 ΙΙΙ,
549 2899 623 2968 561)
648 2897 730 2953 multi
759 2897 875 2954 codices
902 2898 1012 2955 habent
1039 2917 1086 2954 nec
1115 2929 1151 2941 -
1181 2899 1289 2972 quidem

217 2984 369 3057 secutique
392 3000 443 3039 eos
465 2981 527 3039 fere
549 2982 676 3039 editores
699 2992 766 3039 ante
789 2982 938 3058 lleynium
961 2994 1060 3050 erant;
1083 2982 1134 3040 sed
1157 3002 1188 3040 ne
1211 2983 1290 3058 prio·

245 3202 265 3266 ¹)
285 3201 353 3251 Nihil
373 3203 405 3248 ad
424 3201 490 3250 hauc
508 3202 680 3264 quaestionem
698 3200 830 3264 pertinere,
850 3203 870 3250 si
890 3201 914 3250 iu
933 3201 1057 3250 sententia
1073 3216 1088 3249 a
1103 3217 1145 3250 nec
1158 3201 1289 3264 incipienti

284 3282 373 3334 postea
392 3284 442 3318 una
461 3270 547 3334 aliqua
564 3285 614 3319 vox
632 3271 767 3332 separatim
786 3271 873 3318 addito
892 3268 992 3334 quidem,
1012 3271 1037 3318 id
1056 3277 1102 3328 est,
1121 3268 1204 3318 saltem
1218 3280 1291 3318 note·

284 3347 333 3397 tur,
353 3339 435 3388 miuus
453 3339 589 3403 peritorum
608 3353 685 3388 causa
703 3339 769 3389 dico.

244 3408 267 3469 ²)
286 3407 316 3455 Iu
335 3408 440 3456 Catonis
458 3408 515 3457 loco
534 3407 644 3455 dubitavi
664 3407 772 3471 saepius,
792 3421 824 3455 aa
841 3417 867 3455 et
885 3424 913 3455 ne
933 3434 962 3444 -
981 3405 1116 3470 quidemst
1135 3423 1223 3455 nec-
1238 3405 1290 3469 qai·

286 3474 337 3524 dent
357 3490 444 3539 parum
460 3484 527 3525 recto
541 3478 671 3525 diceretur.
708 3475 772 3526 Nam
791 3486 984 3539 utrumcumque
999 3475 1109 3539 ponitur,
1126 3475 1226 3524 videtur
1239 3490 1290 3524 vox

285 3561 345 3592 nanc
362 3544 399 3592 ita
417 3547 506 3602 notari,
524 3546 596 3609 quasi
611 3545 659 3594 hoo
673 3554 770 3608 tempus
785 3544 828 3594 alii
845 3545 999 3593 contrarium
1015 3544 1055 3601 sit,
1074 3543 1141 3608 quod
1157 3553 1215 3592 ante
1225 3543 1290 3593 Cato

286 3614 498 3673 commemorarit;
516 3626 602 3662 verum
620 3615 642 3662 is
661 3614 749 3662 transit
768 3613 801 3661 ad
815 3627 906 3661 noram
921 3613 1057 3661 senectutis
1072 3611 1290 3675 reprehensionem

287 3682 440 3741 tollendam,
459 3691 488 3729 ut
505 3683 541 3730 sic
559 3683 644 3746 potius
662 3682 796 3731 dicendum
813 3682 928 3730 videatur
946 3679 1037 3730 fuisse:
1060 3677 1101 3729 Ne
1118 3679 1180 3730 ut'res
1199 3680 1291 3744 quidem

286 3761 333 3800 cet.
361 3750 405 3800 Sin
421 3759 504 3798 autern
521 3751 702 3813 intellegemus,
722 3760 750 3798 ut
767 3750 793 3798 in
808 3749 856 3799 hac
870 3750 995 3814 scriptura
1009 3751 1140 3799 debemus:
1162 3747 1217 3809 „Ne
1231 3766 1292 3798 nanc

286 3817 390 3881 quidem,
414 3832 470 3867 cum
494 3820 530 3869 ad
551 3820 664 3867 nltimam
686 3828 711 3868 at
732 3819 927 3867 infirmissimam
951 3829 1047 3883 partem
1070 3820 1206 3868 senectutis
1232 3834 1291 3882 pro·

286 3900 387 3949 gressus
405 3891 485 3947 sum“,
504 3889 578 3936 nimia
597 3889 702 3952 abrupte
720 3887 768 3935 hoc
784 3885 871 3935 iuierri
888 3887 987 3935 ridetur
1000 3902 1046 3936 nec
1062 3887 1137 3951 plane
1152 3887 1291 3951 perspicue.

286 3957 341 4014 (Ad
359 3969 398 4007 ea,
417 3970 482 4019 quae
500 3965 645 4019 sequuntur,
665 3955 752 4005 referri
767 3971 796 4004 ns
807 3981 837 3992 -
848 3953 939 4019 quidem
957 3970 1004 4004 sna
1021 3964 1113 4005 natura
1130 3969 1182 4004 nou
1201 3964 1292 4019 potest,

286 4025 334 4072 hac
352 4024 486 4073 sententia:
508 4024 542 4073 Ut
560 4024 707 4073 adulescens
726 4024 791 4073 tauri
810 4033 854 4072 aut
872 4023 998 4087 elephanti
1012 4025 1077 4072 vires
1094 4037 1145 4072 non
1164 4025 1293 4073 desidera-

286 4094 353 4149 bam,
372 4093 407 4140 ita
420 4107 452 4140 ne
465 4106 532 4140 nuuc
546 4094 647 4156 quidem
665 4092 834 4142 adulescentis
848 4093 984 4156 desidero.)
1011 4093 1100 4156 Itaque
1115 4092 1291 4142 blandiebatur

288 4163 396 4210 aliorum
415 4160 572 4209 coniectura:
591 4159 644 4210 Nee
661 4177 722 4209 nunc
738 4160 850 4225 squallens.
879 4160 928 4210 Sed
948 4175 1027 4225 neque
1045 4161 1108 4209 haec
1126 4176 1193 4209 nova
1210 4175 1292 4225 repre·

286 4229 416 4278 hensionis
434 4229 554 4278 refutatio
572 4229 698 4292 particula
715 4246 757 4278 nec
775 4230 897 4294 superiori
911 4229 1020 4278 orationi
1035 4240 1163 4293 tamquam
1178 4230 1294 4294 proxime

285 4299 345 4346 inde
364 4308 423 4362 apta
441 4308 466 4347 et
483 4312 538 4347 eam
556 4298 661 4363 explens
678 4298 791 4347 subnecti
809 4307 904 4362 potest,
928 4307 952 4345 et
974 4313 1035 4346 nunc
1057 4298 1093 4347 sic
1116 4312 1217 4362 quoque
1241 4313 1293 4347 uon

286 4367 366 4415 multo
384 4368 542 4417 commodius
560 4367 691 4416 diceretur.
731 4365 890 4434 [Lahmeyeri
909 4368 1035 4416 enarratio
1054 4381 1132 4430 prava
1146 4376 1196 4425 cett
1214 4367 1293 4430 signi·

286 4436 373 4484 ficeret
391 4436 457 4484 euim
476 4435 541 4485 Cato
560 4444 644 4493 caute,
665 4436 717 4485 lieri
736 4433 843 4484 tortasse
860 4445 949 4499 postea
966 4450 1053 4499 posse,
1075 4444 1104 4484 ut
1122 4434 1292 4500 desideraret]
