3030 5086
183 506 188 516 .
288 452 352 519 458
679 472 725 518 on
746 470 877 518 simeon
899 471 971 518 son.

290 638 460 716 Statorem,
483 638 541 704 hoc
561 639 700 718 intellegi
722 641 879 717 volumus,
907 640 1039 705 salutem
1062 639 1220 704 hominum
1241 640 1273 705 in
1296 639 1369 706 eius

289 760 359 806 esso
386 742 492 806 tutela.
542 741 670 806 Minime
696 750 801 806 autern
829 741 986 820 convenit,
1014 759 1083 806 cum
1110 741 1171 822 ipsi
1196 742 1279 807 inter
1306 761 1369 808 nos

290 842 367 908 viles
389 843 582 924 neglectique
604 843 709 921 simus,
731 844 902 924 postulare,
925 851 961 907 ut
983 843 1033 908 dis
1054 843 1281 908 immortalibus
1299 843 1369 909 cari

290 944 387 1009 simus
415 952 446 1008 et
467 944 507 1008 ab
528 944 566 1009 iis
589 945 764 1025 diligamur.
809 946 1077 1025 Quemadmodum
1099 944 1195 1026 igitur
1216 944 1370 1011 membris

156 1069 176 1083 ··
250 1046 406 1113 butimur
438 1044 541 1126 prius,
575 1065 669 1127 quam
698 1046 874 1124 didicimus,
908 1047 995 1111 cuius
1028 1065 1066 1111 ea
1098 1047 1241 1112 utilitatis
1267 1065 1370 1113 causa

290 1147 475 1226 habeamus,
502 1148 548 1213 sic
568 1145 650 1212 lutei
676 1166 734 1213 uos
762 1156 875 1212 natura
901 1148 942 1211 ad
971 1147 1089 1212 civilem
1112 1149 1370 1214 communitatem

290 1249 444 1313 coniuncti
465 1257 497 1315 et
519 1250 688 1314 consociati
710 1268 827 1314 sumus.
868 1251 959 1329 Quod
976 1249 1006 1313 ni
1023 1250 1068 1314 ita
1089 1267 1124 1314 se
1144 1249 1285 1327 haberet,
1307 1268 1371 1316 nec

288 1351 426 1415 iustitiae
447 1351 529 1415 ullus
558 1359 643 1417 esset
669 1369 726 1416 nec
752 1350 883 1415 bonitati
909 1351 1005 1415 locus.
1049 1353 1100 1417 67.
1123 1350 1184 1416 Sed
1206 1351 1369 1432 quomodo

291 1452 447 1516 homiuum
469 1452 551 1518 iuter
566 1452 707 1518 homiues
724 1452 801 1517 iuris
818 1470 888 1516 esse
904 1453 1026 1517 vincula
1043 1460 1164 1534 putant,
1186 1453 1231 1518 sic
1247 1452 1371 1518 homini

225 1556 274 1621 *10
290 1552 366 1617 nihil
392 1553 471 1618 iuris
498 1573 569 1619 esse
596 1572 664 1618 cum
692 1553 808 1619 bestiis.
858 1553 1024 1620 Praeclare
1050 1554 1132 1620 enirn
1160 1555 1370 1636 Chrysippus,

363 1795 381 1841 l.
401 1807 447 1839 non
464 1791 515 1840 eins
533 1791 554 1839 1.
607 1795 622 1839 8
657 1789 730 1856 [cales
747 1806 794 1855 pro
811 1790 868 1840 celes
888 1790 923 1858 A]
969 1791 1049 1841 civiles
1067 1792 1089 1841 E
1108 1791 1197 1842 abiecti
1210 1792 1301 1848 ceteri,
1320 1789 1367 1842 Or.

289 1857 578 1924 nethtimmqnelss
603 1860 757 1910 'snmusLR
790 1860 914 1912 atomi.
951 1859 1045 1927 [dion]
1084 1860 1244 1912 aremuli
1281 1865 1303 1908 b.
1326 1858 1369 1926 [es

289 1942 366 1976 causo
383 1926 492 1978 alaidis
510 1925 540 1994 Α]
578 1944 608 1976 eo
625 1936 649 1978 td
668 1926 817 1977 ntr'litota'sll
856 1932 878 1976 7.
896 1928 1021 1985 sociatila
1056 1929 1143 1978 ancili
1178 1932 1200 1977 8.
1220 1945 1263 1978 nse
1279 1927 1368 1978 deme·

289 1995 397 2045 nrlntiC
432 1995 466 2045 Et
484 1995 540 2060 (pro
558 1995 611 2056 ssd)
630 2010 724 2055 ornnes,
743 1996 787 2047 Or.
825 1995 935 2060 quoniom
953 1995 1063 2046 moch
1104 1995 1168 2061 qnod
1184 1995 1259 2046 PMR
1276 2012 1324 2061 quo
1345 1995 1368 2048 C

290 2067 313 2115 9.
332 2080 383 2112 esse
400 2078 450 2113 om.
470 2064 490 2113 1.
526 2081 577 2113 me
594 2063 689 2114 vinculo
708 2092 738 2102 -
758 2063 816 2113 nr'hil
832 2064 890 2114 iern'a
908 2080 956 2115 om.
976 2065 1051 2114 PMR
1090 2071 1126 2115 10.
1145 2072 1205 2114 anst
1224 2064 1322 2116 PMCR

288 2287 457 2362 Hospitulem
481 2280 595 2346 Ξένιον,
630 2287 725 2345 Paulo
748 2300 815 2345 ente
838 2299 862 2345 et
881 2289 981 2346 Libero
1003 2289 1091 2344 etism
1107 2284 1156 2358 Εξ,
1180 2288 1261 2360 Bes,
1283 2299 1369 2364 atque

290 2373 390 2429 Libero
412 2371 491 2431 Gud.
515 2381 648 2446 uterque.

374 2460 439 2514 viles
460 2459 621 2532 rreplectr'que
642 2458 748 2531 sumus)
762 2457 839 2533 Spir.
852 2456 908 2536 [B]
925 2467 957 2515 ot
970 2457 1036 2540 Eri,
1059 2459 1169 2515 Veram
1187 2457 1365 2534 scripturam

290 2541 459 2599 coniectura
482 2561 497 2598 e
521 2542 584 2599 Pal.
614 2546 626 2599 l
652 2552 803 2599 assecutus
826 2554 888 2600 eret
912 2542 1072 2614 Gruterus,
1102 2561 1177 2617 quse
1200 2542 1229 2599 in
1253 2542 1321 2602 Pel.
1347 2543 1366 2600 9
1474 2557 1484 2570 ·

290 2636 320 2683 et
347 2628 392 2685 ed.
418 2626 508 2684 Marsi
538 2628 636 2684 nescio
664 2628 740 2684 unde
769 2646 833 2684 curn
857 2628 1034 2703 interpolata
1062 2628 1187 2684 conflata
1214 2636 1272 2685 est:
1300 2628 1367 2686 mles

289 2713 386 2769 abiecti
416 2714 591 2786 neglectique,
625 2713 676 2769 sed
704 2731 758 2770 nec
785 2713 849 2788 ipse
882 2730 936 2769 nec
968 2713 1125 2786 quisquam
1158 2721 1276 2771 secutus
1310 2722 1367 2770 est.

293 2798 390 2854 Cicilee
412 2808 471 2866 sut,
494 2797 518 2854 ei
541 2798 570 2854 in
595 2798 650 2854 hoc
667 2799 731 2854 or'lec
748 2797 907 2874 significari
924 2797 1102 2867 conceditur,
1124 2801 1189 2856 viles
1206 2816 1292 2855 neruo
1309 2815 1366 2873 pro

289 2883 384 2939 abiecti
399 2882 611 2940 substituturus
628 2893 705 2948 erot;
723 2883 773 2940 sed
791 2900 855 2940 cnm
874 2882 980 2941 leviter
996 2883 1188 2958 deprevatum
1202 2891 1278 2940 esset
1290 2885 1367 2953 viles,

289 2967 473 3043 suppositum
497 2979 539 3024 est
557 2968 755 3043 participium,
779 2977 810 3025 ut
830 2968 927 3025 simile
943 2978 1020 3025 esset
1036 2968 1132 3025 elteri.
1165 2968 1291 3025 Abiectus
1308 2976 1366 3039 est,

289 3053 339 3126 qui
363 3054 491 3109 animum
516 3052 685 3129 despondit,
716 3053 763 3110 cui
786 3054 867 3110 deest
890 3053 985 3111 libero
1007 3063 1037 3109 et
1057 3071 1201 3129 generosa
1222 3052 1282 3121 vis3
1313 3053 1367 3128 qui

289 3137 468 3215 neglegitur,
502 3146 535 3194 ut
562 3156 633 3196 cure
660 3137 741 3194 nulla
769 3138 832 3196 eius
859 3148 976 3215 agetur,
1011 3139 1090 3212 quod
1117 3137 1298 3196 contrsrinur
1320 3147 1369 3197 est

289 3223 434 3279 benevolo
456 3223 553 3278 studio
576 3234 606 3281 et
627 3223 729 3291 emori,
752 3224 778 3280 is
796 3225 857 3280 vilis
876 3233 921 3280 est
937 3223 974 3292 ei,
998 3242 1091 3296 aquo
1108 3223 1281 3300 neglegitur,
1305 3240 1366 3282 uon

288 3308 429 3364 sbiectns.
464 3307 558 3365 Peulo
571 3318 637 3383 post
648 3308 736 3365 etiem
750 3308 827 3382 Spir.
840 3305 893 3389 [B]
908 3328 993 3366 causo
1004 3311 1135 3366 utilitatis.
1162 3310 1198 3366 In
1210 3307 1271 3366 Erl.
1285 3307 1316 3365 ei
1327 3327 1368 3367 ex

288 3392 434 3450 coortum
453 3403 507 3452 est.
558 3395 679 3463 Vereor,
702 3411 739 3450 ne
758 3395 786 3450 in
805 3394 965 3470 archetypo
982 3413 1066 3451 causo
1085 3404 1205 3469 propter
1221 3412 1253 3452 eo
1269 3402 1369 3453 trans·

290 3477 418 3553 positum
440 3477 539 3535 fuerit.
601 3479 710 3547 Sociotr',
734 3489 766 3536 ut
790 3479 823 3548 L,
847 3479 928 3539 Oxx.
952 3474 1009 3548 Εξ;
1035 3498 1063 3536 v.
1088 3479 1125 3535 ed
1149 3481 1199 3537 71.

377 3564 425 3620 67.
450 3564 490 3619 Et
506 3561 651 3642 querendo)
669 3563 736 3620 Non
751 3573 811 3620 tem
825 3565 920 3640 pergit
932 3564 1008 3623 Cato
1020 3582 1108 3637 quern
1120 3582 1237 3622 cursum
1256 3573 1286 3622 et
1297 3583 1369 3640 pre·

289 3665 420 3724 gressum
434 3647 557 3719 inhibet,
570 3668 606 3705 ne
619 3649 728 3706 bestias
740 3650 827 3705 etiam
836 3649 963 3707 societas
975 3648 1106 3706 illeiuris
1115 3650 1370 3725 comprehendere

289 3733 433 3791 videatur
458 3735 563 3807 Itaque
580 3733 766 3792 scribendum
780 3734 910 3792 videtur
929 3736 986 3792 Sed
996 3735 1059 3807 (set)
1071 3737 1216 3830 quomodo
1234 3744 1265 3793 et
1279 3753 1369 3835 pree

289 3817 405 3875 cedite.
429 3813 707 3919 [Sicnuncposui]
730 3819 816 3894 Diog.
829 3819 928 3876 Laert.
935 3822 1005 3888 Vll,
1019 3820 1091 3876 129·
1102 3806 1369 3914 'secedamus-

289 3904 353 3967 τοῖς
370 3904 445 3974 (τοῖς
460 3901 617 3993 Στωϊκοῖς)
636 3897 776 3978 andrei
748 3922 823 3960 crac
845 3895 928 3997 ἡμῖν
931 3897 1044 3961 δίκαιον
1060 3894 1136 3979 πρὸς
1151 3922 1190 3960 τα
1179 3895 1285 3964 <itta
1303 3897 1368 3971 ζῶα

289 3976 339 4042 διὰ
360 3976 424 4078 τὴν
435 3972 645 4081 ἄνομοιοτητα,
668 3975 753 4046 καθά
773 4003 843 4062 φησι
860 3977 1075 4081 Xpoomrroc
1060 4006 1089 4043 εν
1111 3984 1153 4058 τῷ
1173 3977 1282 4067 πρώτῳ
1298 3976 1368 4063 περὶ

291 4058 477 4144 decennovenn
498 4059 546 4126 uei
570 4063 812 4136 lloocedoimoc’
797 4090 826 4126 sn
848 4057 956 4147 πρώτῳ
978 4061 1045 4147 περὶ
1067 4059 1263 4147 καθήκοντος.

376 4156 522 4211 Praeclare
543 4159 611 4213 enim
637 4158 805 4232 Chrysippus
827 4157 898 4230 cet)
921 4158 959 4214 N.
983 4157 1020 4213 D.
1042 4159 1081 4227 lI,
1106 4158 1179 4214 154.
1202 4157 1266 4234 Ipse
1286 4177 1366 4215 murr-

289 4240 342 4296 dus
363 4242 472 4297 deornm
495 4241 679 4314 henricumque
699 4262 784 4300 cereso
800 4244 896 4315 sectas
918 4253 965 4313 est,
988 4261 1112 4318 quaeque
1132 4245 1160 4299 in
1181 4262 1212 4301 eo
1233 4253 1309 4312 eant,
1332 4262 1368 4300 ea

286 4335 388 4399 parate
411 4327 450 4381 ad
464 4328 587 4398 fructum
611 4327 742 4383 leontinum
764 4338 789 4384 et
810 4331 916 4384 inocente
937 4338 1008 4384 eunt.
1049 4329 1096 4386 Ex
1113 4327 1227 4387 Seneca
1243 4338 1274 4386 et
1289 4329 1367 4387 Iase-

291 4409 384 4467 tantio
400 4410 544 4484 quaedam
559 4411 681 4487 Lipsius
697 4412 788 4488 Phys.
806 4412 896 4472 Stoic.
909 4413 951 4481 ll,
965 4415 993 4484 8,
1014 4414 1075 4471 slis
1097 4413 1221 4472 Beierns
1243 4414 1280 4471 ad
1302 4412 1366 4473 Off.
