3030 5086
256 457 321 525 516
372 479 374 483 ¹
646 475 692 521 ns
713 475 845 522 rmmus
868 475 942 523 nor.

166 640 176 657 '
256 644 333 710 nihil
360 649 506 722 novetur,
535 644 663 709 eaedem
691 661 742 708 res
769 650 918 709 maneant
942 644 1005 709 alio
1032 644 1133 709 modo.
1177 645 1228 710 23.
1251 645 1335 725 Quid

257 746 339 812 enim
360 747 504 825 interest,
528 746 667 825 divitias,
690 763 782 826 opes,
804 745 1016 812 valetudinem
1039 746 1120 810 bons
1142 745 1229 810 diem
1250 765 1335 812 enne

255 847 447 930 praeposita,
470 866 539 913 cum
560 847 620 927 ille,
642 849 695 929 qui
717 848 780 912 ista
801 847 885 913 bona
906 848 989 926 dicit
1012 847 1107 912 nihilo
1129 847 1202 929 plus
1220 848 1258 914 iis
1275 848 1334 914 tri-

255 950 334 1016 buat
354 969 449 1031 quam
470 956 514 1029 tu,
537 950 590 1032 qui
611 950 722 1015 eadem
743 949 797 1014 illa
818 949 1003 1031 praeposita
1024 950 1190 1014 nominas?
1221 951 1334 1032 ltaque

216 1053 347 1120 bhomo
369 1053 402 1117 in
423 1052 532 1134 primis
554 1052 707 1133 ingenuus
729 1057 761 1117 et
777 1052 892 1133 gravis,
916 1052 1030 1134 dignus
1051 1051 1106 1116 illa
1122 1050 1334 1118 familiaritate

255 1155 407 1236 Scipionis
419 1159 452 1220 et
461 1153 569 1234 Laelii,
579 1154 759 1233 Panaetius,
777 1172 847 1219 cum
859 1155 900 1220 ad
915 1157 950 1234 Q.
964 1153 1160 1219 Tuberonem
1172 1154 1213 1219 de
1224 1154 1333 1220 delore

255 1257 403 1338 patiendo
421 1256 579 1333 scriberet
602 1256 763 1337 quodesse
779 1263 875 1338 caput
892 1257 1035 1334 debebat
1057 1257 1083 1321 si
1103 1255 1235 1338 probari
1254 1275 1331 1337 pos-

326 1433 343 1476 1.
363 1435 466 1476 moretm
484 1425 575 1477 ELCR
610 1426 671 1476 Post
698 1435 795 1476 novmur
817 1429 914 1476 addunt
937 1426 966 1476 de
989 1425 1047 1491 ipsu
1070 1427 1139 1475 rebus
1157 1424 1215 1475 arbel
1232 1434 1336 1475 mutetur

254 1510 348 1554 omues,
368 1495 409 1546 Or.
429 1496 494 1544 inter
513 1509 598 1545 uncos.
633 1494 755 1544 wdunE
791 1499 814 1544 ³.
833 1494 869 1544 bis
880 1494 1013 1546 arceor.
1032 1494 1104 1544 obt.
1141 1500 1162 1544 6.
1183 1493 1258 1544 edulii
1273 1497 1334 1560 (pro

215 1563 424 1627 adhelmi
465 1562 603 1620 stomld
640 1563 796 1628 l.possitE

253 1704 382 1761 ostendit
404 1703 572 1760 Wunderus
600 1702 637 1759 ad
660 1712 734 1761 orat.
758 1721 813 1779 pro
835 1703 939 1761 Plano.
965 1704 1003 1760 36
1027 1722 1056 1778 p.
1080 1704 1156 1773 120,
1188 1701 1333 1760 adhibitis

254 1790 343 1846 etiam
365 1788 452 1845 huius
474 1789 573 1864 operis
595 1788 668 1845 locis
693 1789 734 1858 ΙΙ,
762 1791 830 1857 111,
854 1790 908 1855 Ν,
933 1789 982 1845 47.
1026 1786 1154 1866 [Tamen
1179 1788 1217 1845 N.
1242 1788 1281 1845 1).
1304 1787 1333 1859 Ι,

256 1875 294 1932 87
319 1883 364 1932 est
384 1877 412 1930 in
434 1875 491 1931 ulta
512 1875 568 1930 aliu
589 1875 643 1930 nisi
664 1874 795 1943 humanm
825 1893 879 1949 pro
903 1873 978 1932 Sest.
1007 1875 1081 1931 128:
1104 1877 1180 1931 cuius
1202 1892 1334 1947 umquam

249 1970 364 2036 propter
386 1961 498 2016 sabam
520 1961 575 2015 uisi
594 1956 706 2035 meum]

339 2048 366 2100 in
388 2045 482 2102 libellis
504 2043 566 2117 suo)
589 2043 639 2102 Sic
656 2044 772 2101 codices
791 2043 926 2101 meliores
938 2041 1018 2120 ([Β,]
1037 2042 1213 2102 Cuiacianus
1233 2043 1331 2102 Scali-

254 2130 327 2206 geri,
339 2128 432 2208 Mor.)
444 2138 473 2186 et
489 2129 602 2206 flagitat
619 2148 675 2186 res.
698 2129 944 2187 Accommodavit
961 2128 1098 2186 librarius
1110 2147 1212 2185 vocem
1228 2128 1332 2204 proxi·

255 2233 320 2271 mae
339 2215 419 2289 (suo).
452 2215 548 2272 Paulo
570 2224 638 2290 post
660 2214 725 2272 edd.
749 2214 879 2272 abAldo
901 2215 989 2271 verbis
1010 2217 1081 2283 suis;
1103 2214 1234 2271 restituit
1255 2214 1331 2271 alte·

253 2318 318 2357 rum
342 2299 435 2359 Gaius
458 2319 495 2357 ex
518 2293 560 2368 Εξ
582 2299 776 2374 omnibusque
799 2300 869 2357 suis.
1247 2290 1252 2300 ’
1361 2296 1365 2300 ’

339 2389 366 2442 iu
388 2405 417 2443 eo
439 2386 506 2442 nibil
526 2385 648 2459 nocetur)
671 2384 720 2443 Sic
739 2385 907 2452 Lambinus,
932 2385 966 2443 P.
981 2385 1070 2442 Fabri
1093 2384 1331 2442 emendationem

255 2488 395 2545 sequens;
412 2470 496 2528 codd.
510 2468 641 2539 Gruteri‚
649 2471 735 2540 Dav„
747 2463 843 2545 ὓξχψ,
851 2468 929 2538 Gaii,
942 2468 997 2547 [B]
1009 2480 1140 2537 moretum
1161 2470 1224 2526 edd.
1238 2488 1331 2543 quae·

256 2555 322 2611 dam
335 2566 450 2613 veteres
465 2565 610 2613 movemur.
639 2555 722 2628 Quae
734 2555 932 2629 sequebantur
943 2555 1043 2628 verba,
1060 2566 1139 2611 recte
1153 2573 1171 2610 a
1182 2554 1330 2623 Manutio,

255 2658 349 2717 nuper
370 2641 408 2697 ab
430 2641 496 2698 aliis
519 2641 657 2697 damnata
674 2649 750 2710 sunt,
773 2640 827 2696 etsi
840 2638 919 2698 Gad.
935 2641 963 2709 2,
987 2640 1037 2715 qui
1054 2658 1090 2696 ea
1106 2639 1223 2710 omittit,
1246 2639 1332 2697 nulla

230 2754 234 2763 ·
256 2744 376 2800 prorsus
389 2727 419 2783 in
431 2727 483 2783 tali
494 2745 526 2783 re
538 2725 698 2783 auctoritas
710 2733 764 2792 est,
778 2742 832 2782 nec
843 2726 962 2782 omnino
974 2725 1103 2782 cuiusvis
1114 2725 1201 2782 unius
1209 2725 1330 2795 codicis,

256 2806 337 2891 [Om.
350 2812 438 2868 etiam
450 2809 551 2887 (ἕως,
569 2828 662 2884 aeque
679 2811 774 2868 malus
793 2805 921 2889 auctor]
946 2809 1005 2870 Sed
1022 2819 1053 2867 et
1069 2809 1200 2885 putidam
1218 2810 1330 2867 habent

190 2957 197 2972 ⁰
255 2896 459 2972 repetitionem
482 2897 512 2953 in
531 2896 630 2953 verbis
652 2896 792 2953 continuo
815 2914 846 2952 se
868 2895 1084 2970 excipientibus
1107 2895 1170 2952 sine
1191 2895 1253 2952 ulla
1275 2914 1329 2952 ex·

253 2982 418 3041 cusatione.
446 2990 476 3038 et
497 2981 670 3056 gravissime
698 2979 822 3038 offendit
847 2980 926 3037 idem
953 2981 1128 3039 vocabulum
1159 2981 1187 3037 in
1212 2981 1328 3038 duobus

253 3067 391 3124 membris
413 3066 563 3134 orationis,
586 3084 662 3140 quae
684 3067 747 3123 sine
766 3066 915 3141 particula
937 3066 1163 3141 coniunguntur,
1186 3066 1229 3122 sic
1246 3065 1326 3140 posi·

252 3161 323 3223 tum,
347 3152 431 3226 quasi
453 3152 509 3208 sibi
531 3152 627 3226 ipsum
649 3151 829 3208 contrarium
852 3152 891 3208 sit
912 3152 958 3223 (de
978 3155 1046 3226 ipsis
1063 3152 1142 3208 rebus
1164 3184 1197 3192 -
1220 3152 1329 3207 casm

251 3241 321 3309 res),
349 3246 379 3294 et
406 3236 562 3294 manifesto
590 3237 725 3294 turbatur
746 3236 842 3294 forma
869 3256 887 3293 a
909 3235 1051 3295 Cicerone
1080 3236 1229 3304 instituta;
1256 3254 1328 3293 nam

252 3321 330 3396 quod
352 3321 485 3398 negando
508 3322 618 3379 dictum
647 3332 710 3379 erat
731 3324 770 3394 (in
793 3341 822 3378 eo
843 3323 910 3379 ulkil
931 3324 1065 3394 novetur),
1094 3321 1123 3378 id
1151 3320 1329 3378 affirmando

253 3407 432 3483 explicatur:
462 3409 567 3465 eaedem
588 3426 632 3464 res
654 3416 709 3464 cet.
732 3408 778 3480 (ut
799 3407 837 3463 ad
859 3417 991 3464 nostrum
1014 3413 1124 3463 mbram
1147 3408 1196 3464 sed
1217 3405 1328 3464 addere

251 3493 375 3568 possis);
397 3493 474 3550 inter
495 3493 569 3549 haec
590 3492 663 3549 nihil
685 3492 832 3568 interponi
856 3502 961 3567 potest.
996 3494 1033 3549 lit
1055 3502 1158 3568 aperta
1180 3500 1225 3548 est
1241 3491 1329 3567 origo

251 3577 444 3635 additamenti
466 3578 587 3654 ascripti
609 3578 646 3634 ad
669 3596 717 3646 ea,
746 3596 821 3652 quae
851 3578 1030 3652 praecedunt
1051 3578 1138 3652 (quod
1160 3609 1201 3618 —
1223 3580 1250 3634 in
1273 3579 1328 3650 eo),

251 3662 479 3739 interpretanda.
523 3660 597 3744 [Pro
620 3665 765 3737 signficant
787 3664 924 3721 Baiterus
954 3663 983 3720 in
1013 3664 1057 3719 ed.
1082 3663 1150 3719 min.
1174 3663 1331 3736 siqnificant

251 3749 416 3825 eKayseri
439 3749 617 3814 coniectura,
641 3768 697 3805 non
720 3748 963 3823 improbabiliter.
1000 3748 1058 3805 Sed
1081 3767 1117 3804 ne
1139 3748 1186 3804 hic
1205 3747 1328 3821 quidem

252 3843 363 3891 certum
380 3843 432 3901 est,
450 3844 590 3909 quantum
603 3832 707 3892 Cicero
724 3834 934 3891 sententiarum
952 3833 1144 3909 implicationi
1163 3830 1329 3910 tribuerit]

337 3920 386 3977 23.
409 3939 469 3976 cum
489 3921 528 3976 ud
554 3918 586 3987 Q.
616 3920 777 3976 Tuberonem
795 3952 835 3961 —
851 3919 990 3992 scriberet)
1013 3919 1072 3992 Qui
1094 3919 1212 3975 libellus
1234 3918 1327 3975 etiam

251 4005 346 4060 Acad.
358 4006 400 4074 ΙΙ,
415 4005 473 4062 135
492 4005 682 4081 significatur,
700 4023 753 4061 nec
770 4005 857 4061 aliam
877 4005 1049 4061 crediderim
1067 4005 1147 4061 illam
1167 4003 1329 4078 epistulam

251 4088 350 4159 fuisse,
363 4109 438 4165 quae
451 4091 538 4151 Tusc.
551 4091 606 4157 IV,
620 4091 638 4146 4
653 4089 828 4147 nominatur.
852 4091 888 4164 Q.
900 4091 1096 4154 Tuberonem,
1115 4088 1251 4146 Africani
1269 4089 1327 4146 mi·

251 4176 330 4232 noris
353 4176 463 4233 sororis
479 4175 581 4245 filium,
604 4176 654 4250 qui
675 4174 804 4233 Stoicam
827 4175 1012 4250 disciplinam
1035 4186 1065 4231 et
1087 4174 1191 4231 studiis
1214 4182 1242 4230 et
1262 4173 1329 4231 vita

251 4262 387 4336 persequi
410 4270 532 4319 conatus
555 4271 608 4331 est,
632 4260 736 4320 Cicero
758 4279 846 4335 saepe
865 4270 1081 4317 commemorat.
1117 4258 1252 4316 Panaetii
1269 4260 1327 4316 mi-

251 4346 341 4403 tiores
357 4346 448 4405 fuisse
465 4347 626 4404 sententias
644 4364 730 4420 quam
750 4356 881 4403 veterum
900 4346 1066 4405 Stoicorum
1084 4346 1111 4418 (ξ
1125 4346 1186 4418 79),
1204 4344 1327 4402 notissi-

252 4449 331 4489 mum
342 4441 387 4490 est
398 4433 497 4510 (Diog.
511 4433 608 4491 Laert.
623 4432 692 4502 VII,
708 4432 776 4503 128,
789 4430 868 4491 Gall.
880 4432 953 4502 ΧΙΙ,
967 4432 996 4502 5,
1012 4432 1070 4505 10).
1100 4430 1244 4504 Nusquam
1255 4431 1327 4505 (pro
