3030 5086
358 496 402 541 ar
425 496 506 542 unu.
528 496 592 541 aaa.
615 496 636 541 n
661 496 734 542 cae.
755 499 862 546 aa-aa.
878 499 1008 558 (ra-ra.)
1158 481 1220 547 267

142 672 245 730 stratu
271 664 374 728 omnia
401 663 570 744 voluptatis
599 682 694 728 eausa
727 662 882 729 iacturum
915 683 985 730 esse
1019 675 1112 747 teque
1146 665 1222 730 nihil

141 764 254 832 iecisse
275 765 306 829 in
323 766 388 830 vita
410 765 470 829 nisi
486 765 657 846 voluptatis
674 765 791 829 causa?
809 802 848 812 -
866 768 917 831 An
939 784 997 847 me,
1020 767 1133 850 inquia
1157 775 1222 832 tum

142 874 297 933 amentem
320 874 428 947 putea,
457 874 493 931 ut
520 869 605 948 apud
633 867 795 949 imperitos
822 866 884 931 isto
907 869 1001 933 modo
1023 869 1156 950 loquar?
1180 907 1218 918 -

141 971 185 1033 At
205 975 241 1034 tu
262 970 372 1035 adem
395 969 458 1034 ista
481 969 531 1033 die
552 970 584 1033 in
607 968 721 1033 Iudicio
744 974 806 1046 aut,
829 969 857 1033 si
879 987 1027 1034 coronam
1047 971 1146 1051 times,
1170 970 1220 1036 die

140 1070 174 1135 in
196 1079 315 1135 senatu.
359 1071 537 1152 Numquam
558 1068 663 1135 facies.
709 1070 781 1149 Cur,
806 1069 865 1134 nisi
888 1072 971 1150 quod
994 1073 1095 1153 turpis
1118 1073 1259 1142 uratiob

140 1171 212 1237 est?
255 1172 347 1237 Mene
369 1190 444 1252 ergo
467 1179 498 1237 et
521 1171 676 1236 Triarium
700 1172 812 1254 dignos
835 1172 1005 1252 existimas,
1033 1175 1119 1254 apud
1141 1192 1220 1255 quos

141 1273 278 1354 turpiter
300 1273 452 1355 loquare?

196 1369 205 1408 ¹
227 1376 342 1440 XXIII.
366 1377 415 1440 ld.
450 1375 566 1440 Verum
590 1381 672 1440 esto:
695 1374 825 1440 verbum
848 1375 949 1456 ipsum
969 1376 1139 1457 voluptatis
1157 1395 1220 1442 non

142 1476 236 1542 habet
259 1477 457 1557 dignitatem,
486 1495 544 1542 nec
571 1495 628 1542 nos
650 1476 786 1543 fortasse
808 1477 1029 1558 intellegimus;
1057 1477 1117 1542 hoc
1138 1479 1219 1544 enim

140 1578 311 1644 identidem
322 1577 433 1657 ulcitis,
447 1598 506 1642 non
520 1578 700 1660 intellegere
713 1597 779 1658 nos,
792 1597 884 1660 quam
897 1579 1006 1643 dicatis
1017 1580 1218 1661 voluptatem.
1239 1583 1281 1648 10

141 1680 220 1744 Rem
243 1680 385 1744 videlieet
406 1677 560 1745 difficilem
584 1689 616 1745 et
632 1680 811 1745 obscuram!
844 1681 1011 1744 Indiuidua
1028 1699 1097 1745 cunr
1117 1681 1219 1746 dicitis
1294 1705 1297 1712 ·

212 1855 234 1900 Ξ.
254 1849 367 1913 iaquitC
408 1855 429 1899 5.
449 1849 513 1913 quod
529 1851 620 1901 om.E
657 1858 691 1899 eat
710 1850 787 1900 oratio
807 1849 926 1901 LPMCR
968 1854 990 1898 a.
1010 1850 1127 1901 mamea
1148 1849 1218 1968 [ΑᾸῙ]

144 1921 166 1968 7.
184 1916 309 1982 loquereE
349 1923 385 1969 10.
404 1917 545 1982 voluptatem
564 1935 634 1982 quam
652 1917 739 1968 dt'cntt'a
757 1917 878 1969 LPMCR
895 1918 1057 1983 voluptatisE
1098 1925 1135 1969 ll.
1154 1921 1179 1968 υἱ
1195 1936 1219 1968 es

143 2001 238 2047 omues,
258 1988 301 2036 Or.
339 2003 390 2035 cam
407 1986 486 2035 dicitis
504 2003 553 2036 orn.
573 1986 671 2037 Pacu

141 2142 310 2200 Walterus.
356 2142 447 2199 Nulla
474 2143 536 2213 hic,
571 2151 603 2200 ut
627 2147 640 2212 ξ
665 2144 721 2211 78,
754 2144 831 2200 ratio
856 2154 899 2200 eat
922 2143 1052 2200 incertae
1076 2161 1218 2218 personae

140 2227 333 2298 inducendae,
356 2245 422 2284 cum
446 2227 476 2284 iu
499 2246 588 2284 unum
612 2229 797 2302 Torquatum
821 2229 894 2285 haec
917 2228 1031 2285 cadant.

229 2316 283 2370 aiei
313 2314 387 2386 quod
419 2317 506 2388 turpia
539 2316 624 2369 oratio
657 2314 709 2387 eat)
744 2311 892 2371 Omittunt
921 2316 995 2388 quod
1022 2313 1110 2370 etiam
1141 2312 1219 2389 Spir.

143 2394 199 2478 [B]
232 2406 261 2455 et
295 2407 353 2454 tres
387 2399 471 2455 Panr.
506 2398 642 2467 Davisii3
674 2408 844 2471 ,sequuntur
882 2418 932 2456 eos
966 2399 1013 2455 hic
1047 2410 1076 2455 et
1110 2397 1218 2467 Gaius,

142 2479 261 2563 [contra
282 2486 313 2540 A
335 2479 378 2561 et]
401 2484 452 2541 vix
475 2495 562 2540 recte.
596 2484 673 2540 Nam
697 2494 748 2540 aut
770 2484 813 2541 eie
834 2485 999 2558 quaeritur:
1027 2484 1115 2553 Quam
1136 2486 1219 2541 olium

139 2588 252 2626 canaam
274 2569 356 2625 habea
377 2571 431 2624 nial
452 2569 540 2626 barac?
568 2569 597 2625 id
622 2578 681 2626 eat:
706 2572 759 2625 nisi
780 2571 862 2643 qaod,
885 2577 935 2625 aut
959 2569 1016 2627 aie:
1043 2569 1132 2638 Quam
1154 2589 1218 2627 caat·

140 2673 200 2712 aem
222 2654 367 2728 (omnino)
390 2654 485 2717 habea,
509 2657 534 2710 al
555 2655 624 2710 horae
646 2673 697 2710 aon
721 2655 821 2711 lubeat
842 2654 872 2711 id
895 2663 954 2711 est:
977 2658 1002 2711 ai
1024 2658 1111 2730 tarpeia
1133 2658 1219 2711 oratio

139 2758 191 2796 aon
215 2749 267 2808 σας
290 2739 408 2795 tertium
433 2738 520 2795 illud:
548 2738 635 2806 Quom
658 2758 768 2795 caeream
791 2740 888 2808 lobea,
911 2742 965 2795 rriai
988 2772 1024 2782 -
1049 2747 1107 2797 cett
1129 2740 1219 2796 inter·

139 2823 287 2900 rogationi
317 2824 354 2880 ad
382 2824 569 2899 negationem
598 2823 752 2881 inclinanti
780 2826 984 2899 exceptionem
1013 2824 1137 2882 similem
1168 2825 1219 2881 ad·

139 2909 261 2986 iungere
284 2908 410 2980 videtur,
433 2927 468 2965 ac
491 2910 516 2966 si
539 2910 619 2966 dicas
642 2912 695 2965 m'az‘
709 2912 797 2983 sorte,
821 2908 899 2982 quod
922 2909 990 2965 hinc
1012 2909 1140 2966 alienum
1165 2918 1218 2965 est.

140 2993 281 3053 Notabile
304 3002 417 3063 taurea,
440 2993 555 3064 infra§
582 2996 639 3050 102
664 2993 799 3051 similiter
821 2994 850 3050 in
875 2995 1046 3051 melioribus
1068 2994 1218 3051 codicibus

143 3075 208 3160 [sed
236 3075 385 3157 omnibus]
418 3098 481 3136 ease
510 3083 575 3143 m'ai,
605 3079 635 3136 in
665 3079 861 3137 deterioribus
889 3083 942 3136 nisi
967 3099 1035 3136 curra
1085 3079 1216 3136 Verbum

141 3165 245 3222 ultimo
278 3163 344 3221 loeo
377 3164 486 3221 habent
520 3165 608 3221 etiam
638 3165 730 3238 Spin,
765 3165 849 3234 Baa,
885 3164 963 3224 Gud.
998 3167 1010 3221 l
1047 3174 1076 3221 et
1110 3183 1147 3220 ex
1181 3163 1218 3221 iis

142 3249 244 3309 Gzius.

226 3333 299 3409 Cap.
329 3334 456 3406 XXIII,
487 3335 535 3390 75.
581 3354 662 3408 quam
696 3335 794 3390 dz'catis
821 3333 996 3408 voluptatem)
1025 3335 1137 3391 Verum
1172 3353 1218 3391 or·

141 3420 238 3477 diuam
261 3421 363 3494 (prere
387 3420 463 3476 enim
487 3420 703 3476 substantivum
734 3419 946 3493 interrogativo
970 3420 1217 3494 praeponebatur,

139 3505 170 3563 in
199 3506 276 3579 quod
305 3505 477 3580 praesertim
506 3505 601 3561 oratio
629 3504 791 3577 incumbat)
824 3503 953 3561 restituit
981 3503 1075 3563 Gaius
1108 3524 1124 3561 e
1158 3504 1219 3561 auia

141 3591 224 3648 codd.
248 3600 365 3665 praeter
388 3589 467 3648 Gud.
492 3591 509 3646 2
534 3590 603 3662 (nisi
632 3590 668 3645 de
696 3589 892 3646 deterioribus
920 3589 1011 3647 falsus
1035 3600 1093 3652 eat,
1123 3601 1154 3646 ut
1182 3589 1218 3646 de

141 3676 263 3747 Marso).
287 3686 316 3731 et
338 3676 470 3732 ediderat
492 3675 535 3732 sic
558 3674 730 3733 Cratander.

226 3761 293 3817 Rem
317 3763 436 3818 videlicet
457 3761 607 3834 dispellere)
630 3762 665 3817 In
689 3759 825 3817 omuibus
844 3759 937 3834 codd,
960 3758 1016 3815 hoc
1033 3769 1087 3829 est,
1111 3758 1140 3813 in
1159 3777 1218 3815 uno

140 3844 274 3922 principe
297 3847 502 3921 compendium
525 3846 581 3902 hoc
603 3848 659 3903 vid.
683 3846 800 3902 transiit
822 3845 852 3901 in
875 3846 958 3913 videa,
981 3853 1013 3900 ut
1036 3843 1115 3901 alibi.
1140 3843 1217 3916 quod

141 3940 351 3988 commutatum
381 3943 443 3988 erat
472 3951 537 3989 cum
566 3931 659 3987 altero
682 3933 753 4000 dud,
783 3931 812 3987 in
840 3932 940 3987 t'adr'cea
963 3931 1028 4004 (pro
1050 3929 1153 3987 Plane.
1177 3927 1216 3985 72

139 4015 239 4089 ibique
262 4015 389 4090 Garat).
436 4017 573 4075 Correxit
596 4017 748 4073 Manutius
776 4015 940 4072 certissima
962 4014 1166 4071 emendatione
1189 4022 1219 4069 et

140 4101 281 4159 amultie
304 4103 438 4176 probata,
461 4112 563 4158 contra
587 4121 672 4175 quem
697 4100 790 4159 Gzius
813 4098 923 4156 frustra
946 4107 1067 4174 pugnat.
1112 4099 1218 4172 Neque

141 4185 217 4243 anim
241 4187 271 4242 in
295 4187 462 4243 huiusmodi
485 4187 594 4256 ironia,
618 4205 683 4243 cum
708 4186 751 4243 id.
776 4185 854 4259 quod
878 4185 1064 4241 adversarius
1087 4182 1219 4259 intellegi

140 4281 243 4347 negat,
278 4283 470 4347 pervagatum
499 4291 563 4328 esse
591 4272 788 4346 significatur,
823 4271 977 4344 quisquam
1013 4271 1088 4328 videa
1121 4268 1218 4325 dicere

140 4365 246 4432 potest.
292 4358 369 4431 Quid
404 4356 480 4414 enim
515 4357 564 4413 ille
598 4356 687 4413 videt?
738 4358 815 4414 Tum
844 4356 896 4413 illo
924 4354 1070 4412 vocabulo
1099 4354 1218 4425 utimur,

141 4459 206 4499 cum
229 4442 355 4500 alterum
378 4443 414 4499 ad
438 4462 498 4499 rem
523 4442 578 4499 sibi
602 4454 712 4499 notam.
735 4459 810 4515 quae
833 4441 870 4497 ad
893 4440 982 4497 alium
1006 4439 1134 4514 aliquem
1152 4457 1218 4515 per·
