3030 5086
289 459 354 525 624
681 477 725 522 ns
747 476 879 525 auersus
902 477 973 523 sou.
1068 503 1072 511 ·

289 646 402 724 mnus,
425 644 582 709 firmitatis
605 652 637 709 et
659 645 789 709 roboris.
835 647 883 710 13.
907 644 1008 709 Simus
1030 644 1125 726 igitur
1147 630 1294 710 contenti
1311 642 1375 708 his.

289 746 432 827 Namque
454 747 564 811 homm
587 746 707 827 posteri
730 746 873 811 meliores
895 746 937 810 illi
960 747 1093 827 quidem,
1115 766 1186 811 mea
1202 745 1376 824 sententia,

290 866 383 929 quam
395 847 584 928 reliquarum
595 847 772 929 philosophi
784 848 1030 929 discipliuarum,
1043 850 1098 913 sed
1109 849 1154 913 ita
1165 850 1376 928 degenerant,

290 957 325 1013 ut
351 949 412 1029 ipsi
445 967 481 1012 ex
515 968 549 1015 se
577 950 642 1014 nati
670 968 740 1014 esse
762 950 935 1015 videauttu.
980 950 1117 1014 Primum
1145 949 1376 1032 Theophrasti,

251 1053 273 1119 5
291 1051 396 1114 Strato
419 1050 579 1132 physicum
602 1070 637 1116 se
659 1051 770 1130 voluit;
798 1051 830 1114 in
853 1070 915 1133 quo
938 1054 996 1117 etsi
1018 1059 1067 1117 est
1089 1070 1234 1132 magnus,
1262 1059 1376 1116 tamen

292 1171 372 1217 nova
383 1153 542 1234 pleraque,
560 1161 592 1217 et
607 1171 766 1234 perpauca
784 1153 823 1218 de
839 1154 986 1219 moribus.
1019 1154 1120 1218 Huius
1131 1154 1215 1236 Lyco
1228 1153 1378 1219 oratione

363 1327 383 1374 l.
401 1339 481 1371 sumus
501 1325 522 1372 tt
572 1330 595 1373 ¹2.
614 1340 649 1371 me
668 1327 724 1388 (pro
742 1310 846 1386 moolli
864 1324 887 1372 iu
906 1341 936 1372 ea
954 1323 974 1372 P
1023 1331 1046 1375 4.
1065 1341 1116 1373 esee
1134 1338 1183 1375 om.
1203 1323 1224 1372 L
1276 1327 1300 1374 t.
1321 1339 1377 1373 em

291 1391 348 1456 (pro
365 1391 441 1454 nic
481 1397 504 1442 6,
523 1390 552 1439 de
570 1407 617 1440 om
638 1393 660 1440 E
695 1391 738 1439 hos
756 1400 812 1457 (pro
830 1391 949 1457 hamdis}
985 1391 1049 1457 lpco
1067 1407 1116 1443 om.
1136 1393 1166 1449 E,
1185 1406 1267 1441 vacuo
1286 1393 1377 1456 spatio

292 1460 379 1508 relicto
398 1459 481 1508 Lissas
499 1460 519 1508 P
539 1460 626 1525 [peior
645 1469 666 1508 et
685 1461 730 1508 Lis
748 1460 835 1525 [μείω
854 1460 922 1510 eaeC

291 1616 366 1672 alter
389 1627 454 1671 uter
475 1634 560 1673 casus
583 1615 776 1691 praeferatur,
800 1627 832 1672 ut
853 1620 910 1673 ueri
930 1619 1025 1674 similis
1046 1634 1163 1691 semper
1184 1636 1203 1674 a
1224 1615 1376 1674 Cicerone

292 1701 412 1769 dieitur;
448 1698 615 1780 [Charisius
649 1701 765 1775 quidem
794 1721 856 1758 vero
882 1705 977 1759 similis
1004 1701 1142 1758 Latinum
1174 1719 1238 1760 esse
1266 1710 1376 1777 negat;

291 1786 409 1844 Liuium
432 1789 526 1843 sirru'h'o
548 1791 604 1843 veri
625 1798 669 1843 ter
691 1787 812 1856 dixisse,
835 1788 886 1843 sed
909 1787 1016 1862 plurali
1039 1805 1162 1844 numero
1184 1788 1284 1844 amsa
1300 1789 1376 1844 ueris

292 1871 391 1943 (etiam
412 1872 534 1939 XXIX,
554 1874 603 1938 20,
626 1875 664 1944 l),
688 1884 748 1928 tum
771 1874 883 1928 similius
905 1892 967 1928 vero
989 1881 1019 1929 et
1041 1874 1202 1929 simillimam
1223 1890 1295 1936 vero,
1319 1890 1376 1930 ex·

293 1956 378 2030 posui
401 1956 543 2015 Emendd.
569 1957 653 2013 Livv.
678 1977 705 2032 p.
729 1953 817 2036 1193]
840 1967 952 2025 eontra,
975 1967 1008 2013 ut
1029 1957 1160 2028 videtur,
1183 1975 1301 2032 semper
1323 1957 1377 2015 hoc

292 2043 377 2097 simile
403 2043 456 2105 illi,
490 2047 526 2112 ei,
555 2045 688 2116 superiori
714 2044 830 2115 (neutro
857 2047 987 2118 genere).
1039 2043 1229 2099 Recentiores
1255 2042 1326 2098 inde
1356 2059 1377 2099 a

293 2126 389 2183 Livio.
413 2127 462 2200 qui
486 2139 583 2183 tamen
602 2127 637 2183 de
655 2127 788 2201 personis
806 2128 924 2202 saepius
940 2128 1109 2203 genetivum
1128 2127 1236 2184 habere
1253 2127 1377 2184 videtur

293 2210 358 2282 (eir.
383 2210 532 2270 Drakenb.
563 2212 600 2268 ad
624 2212 683 2279 VI,
711 2214 763 2277 13,
788 2213 833 2283 3),
862 2213 953 2269 dativi
983 2231 1068 2268 usum
1098 2212 1376 2288 magis·magisque

293 2295 381 2352 stiam
410 2297 439 2352 in
463 2315 654 2372 personarum
679 2297 869 2354 similitudine
892 2297 1095 2371 frequentant.
1125 2303 1231 2373 poetae
1252 2296 1375 2372 quidem

294 2382 464 2455 Augusteao
487 2382 593 2438 aetatis
615 2381 699 2451 adeo,
722 2393 755 2438 ut
777 2402 814 2438 ex
829 2382 970 2457 Vergilio,
994 2382 1129 2452 Horatio,
1153 2381 1253 2441 Ovidii
1277 2383 1376 2439 Meta·

294 2466 500 2541 morphosibus
523 2467 573 2523 vix
597 2466 663 2542 plus
685 2486 761 2524 unus
783 2468 865 2524 loeus
887 2476 1059 2538 annotetur,
1083 2467 1112 2523 in
1136 2486 1194 2541 quo
1216 2466 1377 2543 genetivus

294 2550 333 2606 sit
355 2552 441 2621 (Hor.
466 2551 528 2609 Sat.
551 2553 598 2620 ΙΙ,
625 2555 656 2621 1,
681 2553 721 2624 3).
772 2553 970 2626 persequetur
997 2551 1123 2609 fortasse
1152 2555 1224 2610 haee
1251 2552 1376 2610 uberius

293 2635 452 2709 aliquando
476 2637 719 2712 Wesenbergius,
748 2637 798 2710 qui
821 2655 920 2693 voram
945 2637 1088 2694 rationem
1112 2637 1224 2712 primus
1245 2638 1376 2711 aperuit.

383 2721 429 2777 13.
452 2723 501 2778 sed
522 2725 561 2778 ito
582 2721 756 2795 depenerent)
780 2723 882 2778 anb.
905 2725 1113 2796 deperierarant,
1141 2722 1278 2796 idemque
1301 2722 1376 2779 Eru.

294 2805 382 2862 scribi
406 2807 543 2863 malebat.
578 2807 636 2865 Sed
660 2826 724 2862 enm
749 2825 786 2862 ex
810 2807 927 2881 scriptis
949 2807 1067 2864 illorum
1086 2807 1236 2864 hominum
1256 2806 1378 2864 intelle·

292 2900 380 2965 gutur
402 2909 452 2946 eos
476 2891 684 2967 degenerasse,
708 2892 855 2966 praesenti
879 2900 1010 2966 tempore
1033 2891 1138 2950 Cicero
1161 2892 1264 2964 utitur,
1287 2892 1377 2967 quasi

294 2993 371 3031 nune
388 2976 513 3044 demum,
533 2977 597 3052 ipso
615 2977 742 3045 vidente,
766 2977 945 3051 degenerent
961 2987 990 3034 et
1006 2977 1178 3046 desciscant,
1202 2995 1261 3051 qua
1278 2976 1378 3053 figura

294 3060 365 3116 alibi
389 3061 476 3117 etiem
500 3061 529 3117 in
553 3061 609 3118 hoo
631 3062 722 3117 rerba
745 3079 815 3118 usus
838 3071 894 3133 est,
916 3071 950 3119 ut
972 3062 1108 3118 videatur
1128 3060 1294 3138 significare
1315 3080 1377 3120 non

294 3147 408 3219 deperiet·
422 3148 472 3218 fio,
495 3147 546 3203 sed
569 3149 682 3220 depener
699 3166 767 3203 sitm.
801 3147 890 3203 Tusc.
908 3147 1018 3217 11,60:
1041 3149 1174 3204 Zenonem
1195 3148 1378 3220 sipirifioabat,

295 3251 313 3286 a
345 3250 399 3305 quo
430 3234 505 3288 illum
534 3234 696 3305 degenerare
722 3232 841 3299 dolebam
876 3231 953 3289 Phil.
981 3233 1078 3303 XIII,
1109 3232 1164 3289 30:
1198 3233 1238 3288 Et
1265 3234 1379 3307 quidem

288 3318 380 3390 fratri
408 3326 466 3388 tuo,
500 3320 549 3390 qui
579 3337 597 3373 a
630 3318 703 3374 vobis
730 3318 796 3373 nihil
822 3318 964 3391 deperierat
991 3317 1033 3384 (id
1061 3326 1120 3387 est,
1153 3317 1267 3393 agendo
1296 3335 1379 3374 nune

296 3400 433 3471 ostendit,
451 3420 558 3458 senon
576 3402 790 3478 degenerasse),
809 3406 977 3459 eaeor-simus.
1001 3400 1120 3480 [Livius
1137 3420 1254 3476 quoque
1265 3402 1380 3473 XXII,

300 3487 378 3549 14,6
399 3488 589 3560 depeneramue
611 3506 665 3562 pro
682 3489 908 3561 depeneraoimus,
932 3507 969 3544 ne
980 3488 1118 3545 Tacitum
1137 3505 1378 3549 commemorem.

297 3568 399 3628 Germ.
412 3570 477 3649 42]
512 3574 557 3628 De
579 3592 611 3629 re
634 3571 828 3629 conferendus
851 3583 896 3629 est
917 3573 999 3629 loeus
1023 3572 1178 3632 Strabonis
1200 3573 1237 3629 ed
1260 3572 1375 3642 n1‚41

296 3655 452 3730 ascriptus.

383 3743 505 3797 Primum
533 3743 725 3816 Theophrasti,
755 3743 848 3799 Strato
870 3743 1014 3817 physicum
1041 3761 1069 3799 se
1096 3741 1191 3815 uoluit)
1215 3742 1281 3799 Non
1306 3759 1380 3800 eon-

296 3826 428 3901 iungitur
451 3827 545 3883 Strato
561 3828 747 3902 Theophrasti,
770 3846 824 3883 nee
837 3827 941 3883 Latine
965 3828 1007 3884 sio
1024 3827 1132 3883 dieitur
1148 3826 1382 3904 (significaretur

298 3912 434 3987 proprius
456 3912 564 3986 aliquis
586 3913 784 3988 Theophrasti
803 3912 912 3973 Strato,
935 3914 973 3968 ab
995 3913 1062 3969 aliis
1084 3912 1208 3969 aliorum
1227 3912 1380 3971 Stratoni·

298 3996 353 4052 bus
376 3997 531 4071 diversus),
555 3997 605 4054 sed
628 4016 666 4053 ex
689 4017 733 4067 eo,
756 3997 833 4072 quod
856 4006 924 4054 onte
948 3998 1133 4054 dictumest:
1157 3998 1251 4053 horum
1263 4001 1381 4072 posteri,

298 4081 417 4138 auditur
433 4082 658 4153 substantivum,
683 4094 715 4139 ut
733 4083 785 4139 sit:
809 4084 931 4138 Primum
954 4084 1134 4158 Theophrasti
1147 4083 1257 4139 ereditur
1272 4099 1296 4138 s.
1313 4101 1382 4140 sue·

299 4185 402 4236 oeeeor,
433 4169 526 4224 Strato
549 4178 604 4227 oet.
633 4169 826 4242 similiterque
855 4168 883 4224 in
908 4168 1022 4224 ceteris.
1067 4166 1129 4226 cfr.
1152 4168 1207 4236 ΙΙΙ,
1232 4167 1250 4223 3
1272 4176 1304 4224 et
1327 4169 1382 4225 61.

300 4250 379 4309 Gud.
403 4264 525 4326 uterque
547 4273 575 4309 oe
596 4274 652 4310 esse
674 4257 769 4320 voluit,
798 4263 830 4309 ut
852 4253 944 4310 edidit
967 4253 1143 4323 Lambinus,
1171 4251 1382 4327 supplemento

300 4355 357 4391 non
382 4338 564 4407 necessario,
594 4348 625 4394 ut
647 4347 771 4414 apparet
793 4356 830 4394 ex
853 4338 906 4409 iis,
930 4357 1006 4412 quae
1028 4338 1065 4393 nd
1088 4338 1135 4407 II,
1162 4338 1219 4394 102
1243 4337 1383 4413 ascripsi.

386 4443 454 4479 nova
471 4425 612 4497 pleraque,
635 4433 660 4479 et
678 4442 818 4498 perpauca
840 4424 874 4480 cle
894 4423 1026 4497 moribus)
1046 4423 1141 4482 Aesd.
1154 4424 1180 4492 I,
1194 4422 1248 4479 34:
1272 4421 1383 4491 Strato,
