3030 5086
470 496 513 541 an
536 496 616 541 aran.
640 497 703 540 nra.
725 496 748 541 11
771 495 844 542 cnr.
866 499 904 543 rr.
922 498 1053 557 (aa-aa.)
1232 478 1296 543 203

218 664 268 728 his
291 664 401 745 primis
423 663 620 729 naturalibus
643 663 787 744 voluptas
804 664 1000 742 lusitanum,
1023 683 1137 747 magna
1152 664 1295 746 quaestio

219 775 282 844 est;
305 765 380 830 nihil
396 784 470 829 vero
487 774 600 846 putare
616 784 686 831 esse
702 776 829 846 praeter
846 766 1047 848 voluptatem,
1070 786 1131 831 non
1149 766 1294 843 membra

218 887 280 933 non
304 886 429 943 sensus,
452 885 513 930 non
536 858 650 946 ingenii
673 879 805 944 motum,
828 887 889 932 non
912 869 1120 950 integritatem
1142 867 1293 948 eorporis,

219 989 281 1034 non
303 969 520 1046 valetudinem,
543 988 682 1034 summae
703 969 779 1033 mihi
800 971 925 1034 videtur
946 971 1096 1035 inscitiae.
1131 974 1233 1051 Atque
1254 969 1293 1033 ab

218 1071 278 1135 isto
302 1071 404 1152 eapite
426 1070 523 1136 fluore
544 1090 672 1135 necesse
699 1081 748 1135 est
770 1090 890 1136 omnem
914 1073 1065 1135 rationem
1087 1073 1240 1138 bonorum
1263 1072 1332 1139 etb

217 1172 380 1236 malorum.
424 1172 583 1237 Polemoni
611 1182 643 1237 et
669 1173 731 1236 iam
753 1183 826 1237 ante
851 1173 1010 1238 Aristoteli
1038 1192 1075 1237 ea
1102 1175 1205 1254 prima
1226 1172 1295 1238 visa

218 1283 300 1351 sunt,
323 1293 403 1355 quae
425 1275 519 1355 paulo
541 1284 615 1338 ante
637 1275 708 1339 dixi.
752 1275 836 1357 Ergo
860 1284 935 1340 nata
957 1285 1006 1341 est
1030 1276 1185 1349 sententia
1208 1285 1292 1341 vete·

217 1396 286 1440 rum
311 1377 563 1440 Academicorum
587 1385 618 1440 et
638 1376 932 1457 Peripateticorum,
963 1387 997 1441 ut
1025 1375 1118 1442 finem
1142 1377 1292 1442 bonorum

218 1479 358 1543 dicerent
379 1480 547 1543 secundum
571 1488 715 1542 naturam
739 1478 851 1555 vivere
874 1480 907 1543 id
930 1488 987 1558 est
1010 1481 1125 1544 virtute
1147 1479 1293 1551 adhibita,

291 1671 310 1713 l.
331 1664 434 1731 [prunas
453 1666 499 1732 d]
554 1674 567 1712 4
600 1683 645 1714 noa
668 1666 825 1715 valetudinem
844 1682 891 1715 om,
913 1667 934 1714 E
959 1667 1019 1715 Post
1036 1665 1084 1715 val.
1104 1666 1154 1714 add
1187 1665 1293 1728 corpora'a

219 1733 258 1800 [Λ,
281 1735 324 1798 qni
348 1733 510 1801 dalbodium]
532 1735 552 1783 Ι)
588 1734 698 1784 insaniae
717 1749 770 1800 {pro
788 1735 944 1785 nectabere
985 1740 1006 1782 6.
1026 1743 1048 1783 at
1065 1743 1138 1783 anteo
1156 1736 1206 1796 (orn
1234 1734 1293 1796 mou)

219 1802 278 1852 Pet
296 1812 352 1851 oute
371 1804 391 1852 C
410 1802 488 1860 reram
508 1818 558 1852 una
577 1819 638 1852 voce
657 1805 740 1863 coddt

216 1995 248 2034 se
271 1976 494 2049 reprehendere,
518 1995 661 2033 summum
679 1977 787 2033 bonum
805 1995 843 2033 ex
859 1977 956 2051 primo
972 1975 1094 2032 infantis
1111 1987 1142 2032 et
1158 1975 1293 2032 animalis

217 2062 350 2136 appetitu
373 2062 416 2117 sie
433 2061 624 2129 ostendentis,
647 2073 679 2117 ut
698 2073 794 2117 tamen
812 2061 892 2118 aliud
912 2062 1036 2137 primum
1055 2061 1154 2136 appeti
1173 2061 1293 2126 diceret,

216 2146 297 2203 aliud
321 2165 464 2203 summum
488 2144 608 2202 faceret.
652 2145 789 2204 Ceterum
814 2166 1004 2221 peromnem
1029 2147 1104 2203 hunc
1128 2147 1222 2203 locum
1243 2143 1293 2205 Ci-

216 2231 332 2289 ceronis
365 2224 579 2307 neglegentiam
613 2231 753 2288 aemulati
782 2245 849 2289 sunt
882 2232 1010 2289 editores
1038 2244 1088 2288 out
1118 2231 1294 2288 difficillima

215 2317 334 2375 silentio
356 2317 589 2373 transmittentes
611 2326 663 2374 out
684 2317 762 2373 nihil
780 2318 916 2374 distinete
939 2318 1138 2393 expedientes.

304 2403 353 2458 34.
387 2406 509 2477 uoluptas
530 2405 592 2459 insit
615 2406 706 2473 rrecrre)
731 2403 888 2477 Negabant
911 2403 1004 2461 Stoici
1028 2403 1097 2472 (ΙΙΙ.
1125 2404 1173 2469 17,
1204 2402 1290 2476 Diog.
1319 2402 1322 2408 '

218 2488 315 2546 Laert.
340 2489 409 2554 Vll,
434 2489 472 2544 85
497 2499 525 2543 et
550 2489 602 2560 86)
1112 2550 1117 2563 1
1284 2498 1286 2502 “

300 2583 399 2647 pertore
420 2576 489 2646 esse)
514 2573 579 2629 Non
604 2573 769 2629 necessario
788 2572 922 2629 Bremius
944 2575 1029 2629 inesse
1051 2571 1140 2629 scribi
1164 2571 1292 2634 volebat.

217 2659 356 2733 quoniam
375 2670 531 2731 utrumque
549 2658 665 2725 dieitur,
689 2669 718 2713 et
740 2661 824 2713 inesse
845 2661 872 2713 ia
890 2660 989 2732 phania
1011 2667 1125 2714 naturae
1148 2669 1176 2713 et
1192 2676 1249 2714 aare
1265 2661 1293 2712 r'a

215 2747 259 2813 iar,
282 2743 447 2800 boeotiam
472 2742 655 2816 frequentius
678 2743 714 2798 de
736 2743 782 2810 iis,
805 2761 880 2816 quae
903 2743 932 2798 in
950 2742 1050 2816 aliquo
1067 2761 1174 2819 genere
1191 2761 1292 2799 nume·

216 2840 327 2885 rentur.
372 2828 429 2902 Qui
453 2829 589 2884 audiunt:
612 2829 679 2884 m'lril
700 2848 769 2888 esee.
793 2830 867 2902 quod
888 2832 963 2895 tersit,
988 2838 1018 2884 et
1039 2827 1135 2903 ellipsi
1154 2840 1187 2884 -et
1210 2828 1291 2904 pleo-

217 2933 320 2971 nasmo
343 2924 464 2970 utuntur
487 2933 634 2988 perverso.

303 3020 354 3055 non
382 2999 514 3058 mentera,
548 3020 598 3054 oon
626 2999 734 3072 cerasus)
765 2999 874 3054 Debuit
902 2997 1006 3055 Cicero
1035 2997 1143 3053 addere
1174 3002 1291 3069 trengam

217 3103 284 3140 nam
309 3085 424 3141 bonitas
447 3095 476 3140 et
499 3085 651 3159 integritas
674 3084 777 3139 barum
800 3102 895 3139 rerum
920 3084 949 3139 in
973 3084 1075 3158 primis
1099 3084 1293 3139 nrrrueraban·

218 3180 274 3240 tur,
298 3188 356 3226 non
380 3169 471 3244 ipsae.
518 3169 579 3227 cfr.
601 3170 640 3238 V,
668 3171 714 3225 18.

303 3275 354 3311 non
376 3256 564 3326 valetudinem)
588 3255 653 3314 Om.
677 3255 764 3309 etiam
784 3253 861 3327 Spir.
881 3265 910 3308 et
928 3251 1006 3309 Gud.
1025 3254 1058 3320 2;
1081 3267 1110 3309 et
1134 3253 1294 3328 praecipua

218 3350 332 3396 tantum
349 3351 507 3415 ponuntur,
526 3359 583 3397 non
601 3340 698 3396 omnia
712 3339 796 3415 plene
809 3352 1025 3394 enumerantur.
1050 3339 1121 3394 Veri
1140 3349 1236 3394 tamen
1254 3339 1293 3394 si·

218 3425 315 3482 milius
339 3436 425 3485 esset,
449 3426 600 3481 aberrasse
618 3426 741 3481 alterum
760 3423 910 3479 librarium.
930 3424 1091 3480 omittendo
1115 3443 1202 3498 quam
1220 3423 1292 3480 alte·

217 3529 281 3567 rum
304 3511 386 3568 nulla
403 3530 492 3566 eausa
508 3511 665 3581 addidisse,
689 3507 814 3589 [nisiex
833 3511 861 3565 A
880 3521 906 3564 et
928 3509 959 3567 B.
983 3509 1156 3582 quibuscum
1180 3508 1294 3566 faciunt

217 3595 296 3655 Oxx.
308 3610 362 3671 χψ,
385 3597 514 3671 suspicio
537 3606 715 3662 nasceretur,
739 3595 775 3651 ad
798 3596 972 3666 intepentem
994 3598 1113 3669 corpnn's
1132 3595 1291 3671 ascriptum
1383 3621 1386 3628 ·

217 3699 281 3738 esse
304 3701 354 3737 noa
377 3684 553 3738 valetudinem
575 3685 703 3756 corporae.
749 3680 788 3736 Et
810 3691 879 3753 apte
902 3690 968 3754 post
992 3680 1049 3735 duo
1074 3680 1206 3737 birrorum
1227 3699 1293 3736 ver·

216 3767 320 3823 borum
342 3768 472 3823 membra
490 3770 553 3836 (noo
575 3788 620 3831 m,
643 3787 693 3823 uon
710 3768 792 3838 sena.)
815 3773 964 3838 ponuntur
986 3765 1043 3821 duo
1067 3765 1209 3821 trinorum
1229 3767 1293 3836 (non

216 3855 271 3925 inp.
291 3862 362 3908 mot..
384 3872 435 3907 non
458 3857 505 3908 int.
526 3853 666 3926 corporis).
688 3850 835 3907 contrarie
858 3849 958 3905 relatis
981 3854 1078 3921 r'rrpem'r'
1098 3861 1127 3906 et
1149 3846 1292 3929 corporea}

218 3935 297 3996 Gud.
324 3941 337 3993 l
363 3937 592 4012 superscriptum
617 3936 758 3992 habebat:
781 3935 821 3990 ul'
844 3936 1054 3992 incolumitatem.

302 4033 327 4078 et
349 4027 402 4079 ium
425 4027 498 4097 orate)
524 4022 632 4079 Divisit
656 4034 722 4096 post
740 4021 795 4077 'l‘lu
809 4019 976 4076 Bentleium
989 4020 1134 4076 Bremius.
1169 4020 1293 4077 Praeter

218 4106 336 4166 Callae
359 4127 475 4181 quoque
499 4119 568 4163 vett.
592 4107 666 4167 edd..
691 4105 914 4173 Vict.‚'Lanrb.‚
939 4105 1015 4161 Dar.
1038 4104 1096 4171 (hio
1119 4122 1184 4161 cum
1203 4104 1304 4183 CCC)

217 4203 242 4250 ot
263 4203 332 4249 ortae.

303 4275 395 4354 Erpo)
418 4278 571 4353 Significat
600 4278 694 4334 altero
722 4275 819 4351 posito
847 4273 970 4329 alterum
1000 4274 1098 4331 statim
1127 4276 1293 4332 necessario

217 4373 404 4421 consecutum
429 4382 502 4421 ease.
547 4365 670 4420 Frustra
692 4361 853 4419 Lambinus
876 4359 937 4415 binc
958 4378 1029 4432 erpo,
1052 4359 1104 4416 alii
1127 4359 1195 4416 alia.

303 4450 448 4505 caenandum
470 4459 596 4506 naturam
617 4447 716 4521 vivere)
740 4447 790 4506 Sic
808 4441 999 4504 Polemonem
1023 4443 1142 4513 dixisse,
1165 4445 1294 4503 affirmat
