3030 5086
280 449 344 514 634
671 462 717 514 nn
739 469 869 517 rrnrnns
892 469 964 515 non.

280 637 397 719 aliquid
426 636 549 714 referri,
578 643 613 700 ut
639 636 693 701 illo
720 637 901 717 prudentia,
931 657 1025 719 quam
1053 648 1154 704 artem
1176 641 1259 707 vitae
1286 657 1361 707 esse

280 741 424 815 diximus,
446 738 477 802 in
495 756 601 802 earnm
621 739 712 802 trium
729 757 833 802 rerum
851 739 955 820 alique
967 749 1119 815 versetur,
1142 758 1241 822 aqua
1258 741 1361 806 totius

280 843 364 907 vitae
380 842 473 905 ducet
490 841 662 905 exordium.
698 841 747 904 19.
764 841 810 905 Ex
828 858 864 905 eo
882 848 996 917 autern,
1013 844 1097 922 quod
1114 843 1260 908 statuerit
1276 861 1360 920 esse,

280 962 342 1025 quo
359 943 494 1024 primunr
512 949 625 1006 namra
641 952 811 1019 moveatur,
830 941 943 1007 existet
959 944 1037 1009 recti
1053 944 1147 1009 etiem
1164 944 1243 1009 ratio
1261 953 1363 1024 utque

241 1043 262 1104 5
280 1045 410 1122 honesti,
433 1062 596 1125 quaecum
614 1044 717 1125 oliqno
735 1062 797 1108 uno
814 1064 851 1108 ox
869 1044 968 1110 tribus
987 1045 1046 1109 iliis
1060 1063 1232 1127 congruere
1245 1045 1362 1135 possit,

280 1155 314 1211 ut
337 1154 390 1211 aut
413 1146 444 1209 id
467 1145 630 1209 honesturn
648 1146 696 1224 sit,
720 1145 822 1211 iecere
840 1147 941 1210 omnio
961 1146 1042 1231 [aut]
1062 1147 1232 1228 voluptatis
1250 1165 1360 1222 causa,

353 1321 372 1364 1.
397 1315 496 1379 aliquod
518 1314 583 1364 nor.
629 1315 691 1365 or'tne
714 1314 840 1364 donimus
865 1319 923 1379 (oni,
948 1321 1010 1371 assei
1034 1317 1056 1366 Ε
1114 1322 1136 1368 2.
1161 1334 1237 1367 rernm
1261 1333 1304 1367 orn
1337 1316 1361 1364 Ι,

281 1391 303 1434 8.
323 1384 462 1433 ducatarL
498 1392 573 1432 autem
592 1399 639 1432 orn.
661 1384 681 1431 L
718 1391 739 1431 ⁴.
760 1384 828 1432 sitnm
847 1386 907 1433 recti
923 1384 1011 1434 LPCR
1047 1385 1160 1434 oratlol'
1201 1391 1224 1437 5,
1243 1403 1291 1435 ano
1310 1384 1361 1434 alr'·

280 1453 425 1517 qnoLl'Cil
451 1452 581 1516 conprueE
598 1458 641 1503 ,6.
660 1461 685 1500 ut
702 1452 820 1502 dtneetnm
839 1455 891 1516 (oni
919 1462 961 1503 ant
979 1453 1068 1513 rimor,
1096 1463 1139 1504 ont
1156 1455 1210 1503 sine
1228 1456 1301 1504 uncis
1312 1454 1361 1504 Or.

279 1611 431 1685 voluptate
455 1609 584 1683 potiendi
608 1618 658 1665 nort
681 1608 781 1666 dolore
805 1610 927 1667 vocandi
951 1610 1015 1684 ipsa
1039 1564 1124 1667 beata
1142 1611 1203 1668 vita
1220 1622 1362 1686 ponatur,

280 1707 306 1753 et
331 1706 464 1770 apertum
488 1706 532 1751 est
555 1704 582 1750 et
607 1694 635 1750 in
659 1713 784 1751 excursu
808 1704 913 1769 quarto
937 1694 1143 1753 declarabitur.
1182 1695 1239 1754 Sed
1261 1696 1363 1753 anirn-

279 1782 403 1838 adversa
427 1780 480 1837 hac
503 1778 621 1836 foliacia
643 1779 786 1836 tolluntur
809 1799 862 1837 nec
885 1798 948 1838 esse
972 1792 1094 1856 possunt
1111 1781 1186 1838 dune
1204 1781 1272 1838 illae
1290 1798 1363 1838 sen·

280 1867 403 1929 tentiae,
432 1883 504 1939 quas
533 1883 601 1920 mox
625 1864 696 1921 dicit
718 1883 782 1920 esse
806 1884 891 1940 posse
915 1884 968 1921 nec
991 1875 1088 1922 tarrren
1112 1865 1282 1924 defensores
1305 1866 1363 1923 ha·

177 1960 182 1970 '
280 1952 378 2008 bnisse
401 1955 427 2022 (ξ
453 1950 513 2022 20).
559 1948 723 2008 Stoicorum
747 1949 910 2007 honestum.
933 1950 988 2007 etsi
1012 1951 1180 2009 delinitione
1202 1950 1363 2026 Antipatri

279 2037 350 2109 (rid.
369 2036 405 2092 ad
423 2035 481 2104 111,
500 2035 552 2106 22)
575 2035 603 2091 in
628 2035 702 2091 banc
726 2034 951 2111 descriptionem
976 2036 1091 2093 incidit.
1115 2046 1212 2094 tamen
1236 2036 1362 2094 aliunde

278 2121 449 2179 ducebatur.

363 2226 420 2264 esse
447 2202 578 2279 diximus)
602 2206 674 2261 Esse
697 2204 790 2264 Gzius
818 2205 847 2262 in
871 2206 940 2263 Bas.
969 2215 997 2262 et
1020 2204 1100 2264 Gnd.
1129 2209 1140 2262 1
1173 2206 1268 2263 omitti
1297 2206 1361 2273 ait3

278 2291 473 2350 nominandus
502 2301 564 2346 orat
587 2290 648 2348 Erl.
674 2301 702 2346 et
725 2290 851 2348 fortasse
875 2291 953 2366 Spir.
978 2289 1043 2367 [B].
1091 2291 1149 2350 Sed
1173 2291 1282 2349 rectius
1304 2291 1362 2348 ad·

279 2379 371 2435 ditnr:
397 2378 457 2444 „sic
481 2375 675 2440 delinivimus,
700 2387 729 2432 nt
753 2386 845 2432 artem
869 2394 933 2433 esse
956 2376 1148 2434 diceremus‘*

368 2464 414 2520 19.
450 2465 516 2518 recti
546 2460 638 2534 etiam)
668 2461 717 2520 Sic
745 2460 838 2519 Gzius
867 2462 954 2518 etiam
984 2480 1000 2518 e
1030 2461 1107 2536 Spir.
1136 2458 1191 2539 [B]
1225 2472 1253 2519 et
1284 2479 1358 2519 mox

277 2551 368 2624 aliquo
390 2567 451 2604 uno.

365 2644 392 2689 nt
419 2643 466 2689 anet
494 2633 523 2687 id
546 2632 680 2688 dorensium
703 2637 738 2688 sit
761 2630 831 2708 cet.)
856 2631 886 2690 Si
911 2650 981 2688 vera
1003 2643 1071 2689 snnt
1094 2631 1246 2708 proxima,
1276 2631 1360 2688 inter

278 2738 309 2776 se
332 2720 383 2775 iilo
405 2718 586 2775 referuntur:
614 2728 661 2772 nort
688 2719 832 2792 voluptatis
859 2737 943 2774 consa
967 2749 1006 2760 -·
1029 2728 1077 2774 aot
1104 2737 1155 2774 iton
1183 2717 1291 2775 dolendi
1315 2748 1358 2760 -

276 2816 324 2862 ortt
347 2824 443 2861 eomern.
479 2803 526 2860 Ita
549 2802 615 2859 huic
638 2802 733 2877 primo
756 2813 804 2859 crit
827 2803 900 2859 nihii
923 2815 965 2859 cst
989 2803 1067 2877 quod
1091 2802 1276 2881 respondeat,
1300 2819 1358 2858 nee

277 2891 337 2947 ulla
361 2890 408 2946 hic
432 2888 573 2945 diiunctio
595 2907 659 2944 esse
683 2898 788 2962 potest.
833 2889 937 2962 Itaque
955 2888 1090 2946 ntanntio
1108 2888 1248 2964 suadente
1266 2888 1357 2946 Lern·

278 2976 363 3033 binus
386 2974 505 3030 sustulit
527 2984 573 3029 (ud
593 2974 693 3046 (quod,
717 2974 741 3029 si
761 2973 879 3030 silentio
896 2974 968 3029 fides
985 2983 1038 3041 est,
1063 2973 1179 3031 ridetur
1195 2974 1299 3031 obesse
1317 2973 1358 3031 ab

277 3060 336 3120 Ox.
361 3061 400 3128 E;
426 3060 451 3119 U
476 3059 622 3115 numerari
647 3078 704 3115 non
728 3058 841 3132 debet);
871 3058 964 3117 Gzius
987 3072 1101 3123 autem,
1124 3076 1189 3115 cunr
1213 3057 1302 3115 etiam
1327 3059 1359 3115 id

276 3145 414 3204 Ernestio
438 3143 645 3219 displicuisset,
670 3155 823 3217 utramque
841 3162 942 3200 rocem
966 3143 1084 3215 delevit,
1108 3143 1187 3203 Gnd.
1205 3147 1218 3202 1
1238 3153 1267 3201 et
1285 3144 1357 3201 Bas.

276 3234 319 3305 (at
342 3231 448 3306 quibus
471 3228 647 3289 codicibnsli
671 3230 841 3286 auctoribus
864 3239 958 3286 utens.
1004 3231 1116 3287 Verum
1139 3229 1164 3287 si
1187 3228 1252 3303 quis
1274 3237 1358 3286 recte

276 3316 449 3374 attenderit.
478 3314 603 3371 ridebit.
633 3314 730 3370 deleto
752 3314 808 3371 hoc
830 3325 892 3382 not,
924 3333 1011 3370 unum
1035 3315 1175 3373 constitui
1198 3314 1356 3372 honestum

276 3413 336 3459 tres
359 3413 457 3477 partes
480 3399 687 3474 complectens.
712 3409 742 3455 ut
765 3409 794 3457 et
817 3399 842 3456 is
865 3399 986 3456 honeste
1009 3411 1094 3476 agat,
1118 3401 1168 3475 qui
1192 3399 1359 3474 voluptatis

276 3507 365 3545 causa
393 3487 491 3543 omnia
518 3483 622 3547 faciat,
652 3495 680 3540 et
708 3485 774 3558 qni,
804 3484 828 3541 si
857 3484 886 3541 id
910 3503 967 3541 non
992 3485 1119 3558 placeat,
1148 3504 1206 3543 non
1235 3483 1359 3542 dolendi

275 3591 373 3639 causa,
397 3583 425 3628 et
443 3572 492 3645 qni
510 3570 671 3645 primorum
690 3581 822 3627 naturae.
858 3570 908 3632 Ut,
931 3570 961 3626 id
984 3570 1062 3644 qnod
1085 3570 1231 3629 sententia
1252 3580 1358 3645 postn-

276 3659 327 3730 lat,
351 3657 408 3715 trin
431 3657 552 3714 honesta
576 3657 652 3712 inter
675 3674 706 3711 se
730 3656 846 3713 diuersa
863 3655 1081 3730 intellegantur,
1105 3656 1246 3713 diiunctio
1265 3666 1359 3713 antea

276 3743 434 3820 significari
464 3743 559 3799 debet.
611 3744 711 3815 Atque
740 3741 777 3798 ad
805 3740 1057 3816 diligentissirnmn
1087 3760 1218 3799 nornmnr
1247 3750 1358 3798 exacta

276 3831 347 3888 haec
370 3829 465 3886 oratio
488 3841 579 3885 esset:
604 3838 631 3884 ot
653 3837 701 3883 arat
723 3828 753 3883 inl
774 3830 808 3883 sit
831 3827 976 3883 horreolum.
993 3831 1089 3902 ,rucene
1105 3832 1192 3884 onrm'o
1208 3829 1359 3902 voluptatis

275 3935 358 3972 errroon
381 3925 437 3970 cet.
460 3925 507 3970 nort
530 3917 567 3982 ld,
585 3917 681 3987 jocare
702 3916 789 3969 omnio
812 3932 861 3969 non
885 3914 993 3970 dolend
1015 3924 1069 3971 eet.
1117 3913 1175 3972 Sed
1199 3931 1263 3969 cunr
1288 3913 1358 3988 plu·

274 4002 349 4057 rium
375 4000 562 4056 honestorum
587 3999 743 4056 discrimen
768 3999 825 4054 inm
843 3997 1038 4073 significatum
1063 4008 1138 4055 esset
1163 3997 1283 4054 inillis:
1306 4008 1359 4055 ant

274 4088 305 4142 id
326 4087 462 4142 lmnestum
485 4089 527 4143 sit.
555 4084 627 4141 nihil
651 4103 723 4159 opus
746 4095 808 4140 eret
833 4102 992 4158 pronomen
1017 4093 1045 4140 et
1068 4083 1244 4140 infinitivum
1268 4101 1359 4158 repe·

276 4182 345 4228 tere.
390 4173 525 4246 Apparet
555 4170 610 4226 hoc
638 4180 685 4226 ont
709 4188 827 4244 prorsus
850 4169 1047 4226 necessarium
1071 4187 1150 4237 esse3
1179 4186 1233 4225 nec
1256 4167 1359 4225 minus

274 4268 354 4314 recte
372 4257 566 4313 disiunctione
584 4255 745 4330 poor-ticulno
763 4273 923 4329 pronomen
948 4254 1126 4312 definitionis
1149 4253 1236 4310 index
1261 4264 1290 4311 et
1310 4253 1359 4311 in·

274 4342 419 4399 finitivum
449 4351 516 4398 onte
546 4342 713 4416 significans
741 4341 897 4410 subicitur,
933 4358 990 4398 non
1020 4340 1113 4417 magis
1140 4351 1242 4397 nostro
1272 4358 1360 4398 more

275 4446 362 4502 quam
392 4427 514 4496 Latino,
548 4438 578 4483 ut
613 4437 736 4502 apparet
765 4445 801 4482 ox
831 4427 895 4495 111,
920 4428 975 4484 29:
1008 4427 1043 4484 id
1071 4444 1128 4483 esse
1155 4425 1229 4482 deute
1255 4429 1361 4497 vitare,
