3030 5086
500 396 545 442 nr
568 395 649 442 unu.
671 395 734 441 nra.
756 396 768 441 1
791 395 863 442 cna
883 397 907 445 a,
921 393 1019 456 (s-e.)
1259 377 1297 440 17

217 567 288 632 sint
310 583 462 632 conversa
484 564 525 629 de
542 562 694 630 Graecis?
737 562 817 627 Nam
840 562 866 627 si
890 562 1002 640 dicent„
1024 562 1064 627 ab
1085 561 1146 626 ilis
1167 562 1226 627 has
1249 581 1300 627 res

217 686 296 734 esse
317 675 482 744 tractatas,
511 685 550 731 ne
570 666 658 746 ipses
680 664 805 746 quidem
827 662 966 729 Graecos
988 671 1037 729 est
1057 682 1113 729 cur
1136 673 1199 729 tam
1221 665 1300 730 mul·

219 778 274 835 tos
296 771 410 851 legant,
431 786 525 849 quam
546 766 669 848 legendi
690 773 771 830 sunt
817 766 899 844 Quid
922 766 1003 831 enim
1022 773 1071 831 est
1087 785 1107 830 a
1124 766 1300 849 Chrysippo

300 947 320 988 1.
338 938 441 989 ἀίσσω
455 936 574 987 LPMCR
601 941 624 984 2.
647 933 746 1002 [ipsud
766 936 799 995 tin
818 936 867 984 fine
885 933 989 1003 versuti]
1020 934 1113 999 quidE
1142 935 1298 1003 [maltasA¹]

312 1131 394 1187 quom
416 1111 520 1184 Iependi
540 1107 614 1182 suaet)
644 1109 710 1166 Hoc
733 1126 791 1166 non
815 1106 892 1165 idem
916 1125 980 1165 esse
1003 1126 1088 1184 posse
1111 1128 1146 1166 ac
1169 1113 1299 1184 loquutur,

223 1198 305 1272 qood
333 1196 474 1254 Davisius
502 1195 654 1270 putabat„
673 1212 731 1250 non
765 1203 809 1250 est
842 1211 917 1268 opus
946 1192 1059 1262 dooeri3
1094 1196 1173 1269 quod
1202 1206 1299 1253 autam

223 1282 386 1358 Hottingar
408 1280 457 1354 (ad
480 1280 542 1339 Cio.
571 1279 607 1336 de
630 1279 730 1336 Divin.
752 1279 785 1336 II
808 1295 871 1352 cap.
896 1279 928 1352 7)
955 1297 1009 1353 pro
1037 1280 1090 1352 ieqi
1111 1291 1226 1355 poseant
1253 1300 1301 1339 ae·

221 1368 315 1444 cepit,
343 1384 361 1423 a
388 1385 447 1440 quo
476 1384 508 1422 ra
535 1364 600 1439 ipsa
627 1382 685 1421 non
715 1363 777 1420 abit
799 1362 934 1420 Handius
962 1364 1000 1420 ad
1024 1364 1184 1440 Wopkens.
1208 1366 1302 1425 [cett.

223 1453 306 1510 Tull.
329 1470 357 1526 p.
382 1451 457 1521 369,
492 1447 660 1524 explicans:
689 1451 787 1524 parati
812 1457 888 1518 mne,
922 1457 951 1503 ut
974 1450 1110 1523 lequuntur,
1144 1450 1173 1507 id
1202 1451 1303 1527 siper

122 1606 125 1611 Ι
221 1536 446 1615 grammaticam
470 1533 542 1592 ferri
564 1543 678 1609 posset,
707 1532 894 1590 asententie
915 1544 1118 1609 respueretur3
1147 1555 1201 1593 nec
1223 1538 1301 1594 enim

222 1623 264 1679 ed
285 1641 346 1679 rem
371 1621 546 1697 pertinebat,
569 1637 627 1676 non
650 1636 725 1693 opus
747 1636 812 1675 asse
835 1636 936 1674 omnes
954 1618 1061 1694 legere,
1085 1620 1216 1696 qui-legi
1234 1641 1301 1697 pos·

224 1716 306 1775 aent;
335 1706 401 1780 quis
423 1706 501 1762 enim
524 1703 553 1761 id
576 1701 724 1761 faciebat?
768 1704 874 1776 Itaque
896 1712 1003 1769 restat,
1032 1713 1065 1760 ut
1092 1722 1158 1761 cum
1182 1706 1301 1764 Bromio

223 1792 446 1866 intellegamus:
475 1808 562 1863 quam
591 1788 708 1864 legendi
731 1796 818 1857 sunt,
850 1787 875 1844 si
903 1789 969 1861 quis
992 1788 1095 1847 doetus
1118 1799 1149 1846 et
1170 1791 1302 1849 eruditus

223 1876 328 1953 heberi
351 1876 414 1932 vuit
436 1891 680 1947 communemque
702 1872 871 1930 studiorum
888 1874 1032 1931 rationem
1055 1876 1202 1950 persequi.
1244 1877 1303 1934 Illa

224 1970 324 2018 autem
353 1959 509 2037 gerundivi
540 1957 716 2034 significatio
743 1974 864 2032 prorsus
886 1958 1024 2015 abhorret
1053 1978 1070 2016 a
1093 1958 1246 2019 Ciceronis
1273 1971 1303 2019 et

224 2046 394 2121 aequalium
417 2063 482 2103 usu.
527 2043 658 2101 Primum
689 2043 719 2098 in
748 2041 800 2098 illo
829 2041 865 2098 de
893 2043 995 2102 Divin.
1025 2044 1090 2101 loco
1118 2046 1216 2120 agitur
1243 2065 1301 2104 non

225 2131 263 2187 de
285 2149 327 2200 re,
351 2147 427 2204 quaa
449 2128 512 2186 fieri
536 2128 645 2202 possit,
675 2127 727 2184 sed
756 2126 792 2183 da
815 2127 1016 2202 praedictione
1044 2130 1087 2185 rei
1109 2128 1241 2201 futurae,
1270 2140 1303 2188 ut

224 2217 410 2272 invemendam
427 2215 517 2286 (essa)
539 2213 646 2269 debeat
668 2229 732 2269 esse
753 2214 886 2268 inventum
908 2216 950 2281 iri,
973 2213 1120 2286 quomodo
1140 2224 1209 2272 ante
1227 2215 1301 2273 Lac·

226 2300 352 2357 tantium
375 2308 406 2356 at
417 2299 631 2374 Hieronymum
654 2315 741 2353 nemo
763 2296 896 2371 scripsit3
918 2306 997 2355 recte
1020 2316 1097 2355 nunc
1119 2317 1135 2356 a
1158 2300 1301 2357 bonorum

225 2384 312 2442 codd.
335 2385 482 2459 scripture
503 2385 693 2456 (inuenturum)
721 2379 830 2438 factum
860 2390 906 2439 eet
931 2386 1064 2440 inventum
1091 2386 1134 2440 ἰή.
1178 2383 1303 2458 (Caesar
1385 2424 1388 2430 -

226 2470 262 2528 B.
287 2469 320 2530 C.
343 2471 374 2538 1,
398 2469 437 2526 72
467 2468 598 2542 loquitur
625 2466 661 2523 de
689 2465 883 2541 adversariis,
912 2484 1000 2540 quoe,
1030 2467 1172 2526 victoriae
1195 2480 1301 2540 certus,

226 2555 284 2612 sibi
312 2554 530 2612 interficiendos
556 2552 630 2609 dure
656 2551 832 2609 necessitate
854 2551 982 2609 videbat.
1027 2551 1076 2631 [B.
1100 2553 1139 2613 G.
1163 2555 1259 2626 v111,
1284 2559 1303 2613 4

226 2659 265 2697 ex
287 2658 347 2697 nno
370 2638 448 2696 malo
470 2637 570 2695 codiee
593 2636 703 2693 editur:
731 2638 816 2693 millen
842 2656 977 2694 nummum
999 2640 1175 2696 condonando
1193 2644 1303 2716 polluce·

226 2736 287 2796 tnr3
310 2724 401 2783 ceteri
423 2725 572 2781 condonato
595 2721 718 2789 habent3
741 2720 813 2794 quid
835 2722 987 2796 scripserit
1008 2723 1136 2795 Hirtius,
1159 2725 1302 2783 incertum

225 2818 283 2868 est.
327 2809 427 2868 Unum
456 2807 572 2865 firmum
600 2815 644 2863 est
672 2805 839 2880 exemplum
867 2807 898 2862 iu
917 2810 1091 2881 promittendi
1111 2810 1202 2867 verbo
1224 2811 1302 2886 apud

226 2895 294 2953 Liv.
317 2894 382 2964 111,
406 2893 461 2961 45,
486 2893 520 2962 3,
548 2891 600 2948 ubi
623 2893 751 2965 promitto
774 2893 894 2967 pueliam
921 2895 1067 2950 sistendum
1090 2893 1193 2951 eodem
1217 2895 1304 2953 modo

226 2980 350 3047 dieitur,
374 2997 432 3052 quo
454 2997 532 3034 voveo
553 2977 645 3033 aedem.
661 2972 855 3054 faciendum.])
898 2977 934 3033 In
957 2975 1018 3035 cic.
1042 2978 1078 3034 da
1102 2977 1161 3036 off.
1186 2980 1215 3047 Ι,
1243 2981 1301 3036 159

226 3064 316 3121 etde
338 3062 422 3121 Orat.
445 3063 485 3120 ΙΙ.
511 3063 586 3132 209,
611 3080 684 3135 quos
706 3061 788 3118 locos
810 3061 970 3136 Hottinger
991 3073 1021 3118 et
1043 3064 1179 3121 Handius
1202 3065 1304 3135 citant,

225 3167 265 3207 ne
286 3148 409 3205 minima
431 3148 548 3221 quidem
571 3164 661 3203 causa
683 3155 741 3215 est,
771 3163 822 3203 our
844 3147 882 3203 ab
904 3147 1015 3204 usitata
1036 3141 1191 3223 gerundivi
1214 3150 1304 3225 signi·

227 3232 364 3291 ficatione
387 3228 562 3289 discedatur.
606 3231 722 3306 Neque,
746 3231 769 3287 si
793 3231 911 3304 quando
935 3231 1039 3290 Cicero
1062 3233 1134 3290 dicit
1156 3237 1304 3307 intellegen-

226 3321 293 3376 dum
314 3328 369 3385 est,
393 3317 422 3374 id
446 3318 543 3391 potius
565 3333 632 3372 cum
656 3335 690 3373 eo
714 3317 878 3391 comparari
901 3317 1002 3384 debet,
1027 3318 1200 3392 quodaiibi
1223 3320 1304 3385 dicit,

226 3405 344 3475 intelieqr'
364 3405 436 3471 lieet,
471 3420 558 3475 quam
587 3419 651 3458 cum
675 3420 724 3470 ee,
759 3400 846 3475 quod,
865 3401 935 3458 item
963 3402 1050 3472 alibi,
1084 3406 1200 3477 intellepi
1220 3406 1303 3462 debet.

227 3488 264 3546 In
292 3487 330 3544 iis
358 3487 447 3556 locis,
479 3487 510 3542 in
539 3486 645 3560 quibus
674 3486 809 3543 Bromius
838 3493 867 3542 et
895 3487 1050 3561 Zumptius
1078 3489 1104 3562 (ξ
1130 3490 1203 3563 650)
1231 3489 1304 3554 aius,

229 3571 308 3646 quod
336 3571 425 3628 liceat
451 3569 565 3639 iacere,
599 3570 841 3646 significationem
876 3589 940 3627 asse
970 3580 1074 3646 putant
1101 3573 1161 3646 (hic
1183 3574 1229 3641 ΙΙ,
1255 3576 1304 3637 77,

229 3657 287 3727 ΙΠ,
311 3658 340 3727 7,
364 3654 422 3715 Off.
445 3657 470 3725 Ι,
486 3657 567 3728 113),
591 3656 677 3713 simul
700 3655 890 3728 significatur,
914 3657 986 3729 quid
1007 3667 1118 3714 rectum
1143 3659 1182 3716 sit
1204 3667 1234 3716 et
1256 3659 1306 3715 de·

230 3748 311 3810 eaat3
333 3759 430 3815 nequa
452 3740 539 3797 aliter
560 3741 654 3815 accipi
677 3741 780 3808 debat,
804 3741 882 3813 quod
905 3742 992 3798 Tuse.
1016 3743 1046 3810 Ι,
1072 3742 1089 3798 2
1113 3742 1221 3816 legitur
1243 3745 1305 3817 (non

231 3858 270 3869 -
293 3835 355 3882 eunt
377 3827 560 3898 conserenda).
597 3825 654 3883 Sed
678 3843 742 3881 oum
760 3823 871 3897 aliquid
889 3824 1042 3882 ferendum
1061 3845 1126 3883 esse
1144 3828 1208 3885 viro
1228 3828 1304 3889 dico.

229 3917 276 3968 calc
287 3911 431 3984 serendum
448 3910 576 3985 primum
594 3910 659 3980 erit,
682 3909 759 3982 quod
777 3909 828 3965 vix
847 3909 991 3984 postulari
1009 3929 1027 3967 a
1044 3930 1190 3984 quoquam
1209 3922 1304 3986 potest

230 4004 263 4052 ut
284 3994 361 4052 ferat
384 3997 441 4067 (viu
463 3996 538 4069 quod
553 3996 628 4067 ferri
648 3994 767 4067 debeat);
789 3993 859 4050 hinc
877 4003 974 4051 autem
993 3998 1146 4070 proximus
1164 3997 1305 4054 transitus

231 4088 276 4137 est
297 4080 334 4137 ad
357 4080 402 4148 id,
431 4079 511 4154 quod
532 4080 584 4136 vix
611 4078 682 4136 ferri
706 4079 811 4153 possit,
840 4079 1074 4155 significandum.
1119 4083 1224 4155 Itaque
1247 4100 1305 4138 non

231 4164 323 4222 solum
347 4163 458 4223 Caesar
481 4173 510 4221 et
533 4164 688 4224 Cornelius
710 4163 811 4239 Nepos
837 4164 946 4220 anilem
971 4165 1107 4222 timentes
1130 4166 1305 4242 ambiguita-

232 4258 289 4306 tem
312 4249 355 4307 sie
378 4249 530 4320 dixerunt,
553 4253 599 4306 viu
620 4251 782 4307 credendum
803 4268 869 4317 esee,
893 4249 944 4306 sed
967 4250 1068 4307 eodem
1092 4252 1179 4308 modo
1202 4250 1306 4309 Cicero

232 4335 291 4404 lv,
315 4334 356 4392 53
385 4335 516 4392 dolorem
538 4335 611 4391 dicit
637 4354 762 4410 asperum
784 4344 809 4391 et
830 4337 876 4391 viee
891 4336 1050 4407 suendum,
1080 4337 1124 4405 V,
1149 4336 1188 4392 32
1217 4336 1306 4393 etiam

1087 4455 1101 4498 2
