<?xml version="1.0" encoding="UTF-8"?>
<!DOCTYPE html PUBLIC "-//W3C//DTD XHTML 1.0 Transitional//EN"
    "http://www.w3.org/TR/xhtml1/DTD/xhtml1-transitional.dtd">
<html xmlns="http://www.w3.org/1999/xhtml" xml:lang="en" lang="en">
 <head>
  <title>
</title>
<meta http-equiv="Content-Type" content="text/html;charset=utf-8" />
  <meta name='ocr-system' content='tesseract 3.04.00' />
  <meta name='ocr-capabilities' content='ocr_page ocr_carea ocr_par ocr_line ocrx_word'/>
</head>
<body>
  <div class='ocr_page' id='page_1' title='image "./mtulliiciceroni35cicegoog/mtulliiciceroni35cicegoog_0102.png"; bbox 0 0 3030 5086; ppageno 0'>
   <div class='ocr_carea' id='block_1_1' title="bbox 659 388 1294 455">
    <p class='ocr_par' dir='ltr' id='par_1_1' title="bbox 659 388 1294 455">
     <span class='ocr_line' id='line_1_1' title="bbox 659 388 1294 455; baseline 0.006 -4"><span class='ocrx_word' id='word_1_1' title='bbox 659 405 856 452; x_wconf 71' lang='lat' dir='ltr'>emensum.</span> <span class='ocrx_word' id='word_1_2' title='bbox 1236 388 1294 455; x_wconf 88' lang='lat' dir='ltr'>LV</span> 
     </span>
    </p>
   </div>
   <div class='ocr_carea' id='block_1_2' title="bbox 215 571 1296 1842">
    <p class='ocr_par' dir='ltr' id='par_1_2' title="bbox 215 571 1296 1842">
     <span class='ocr_line' id='line_1_2' title="bbox 217 571 1293 656; baseline 0.001 -15"><span class='ocrx_word' id='word_1_3' title='bbox 217 575 311 655; x_wconf 84' lang='lat' dir='ltr'>quasi</span> <span class='ocrx_word' id='word_1_4' title='bbox 339 592 459 640; x_wconf 90' lang='lat' dir='ltr'>summa</span> <span class='ocrx_word' id='word_1_5' title='bbox 485 571 614 655; x_wconf 54' lang='lat' dir='ltr'>{aalma</span> <span class='ocrx_word' id='word_1_6' title='bbox 635 591 739 639; x_wconf 87' lang='lat' dir='ltr'>rerum</span> <span class='ocrx_word' id='word_1_7' title='bbox 761 574 915 656; x_wconf 87' lang='lat' dir='ltr'>sequitur,</span> <span class='ocrx_word' id='word_1_8' title='bbox 943 576 1097 656; x_wconf 92' lang='lat' dir='ltr'>quomodo</span> <span class='ocrx_word' id='word_1_9' title='bbox 1125 594 1193 641; x_wconf 91' lang='lat' dir='ltr'>cum</span> <span class='ocrx_word' id='word_1_10' title='bbox 1221 576 1293 642; x_wconf 87' lang='lat' dir='ltr'>aliis</span> 
     </span>
     <span class='ocr_line' id='line_1_3' title="bbox 215 680 1291 764; baseline 0.001 -16"><span class='ocrx_word' id='word_1_11' title='bbox 215 682 360 748; x_wconf 89' lang='lat' dir='ltr'>eiusdem</span> <span class='ocrx_word' id='word_1_12' title='bbox 381 681 562 763; x_wconf 86' lang='lat' dir='ltr'>disciplinae</span> <span class='ocrx_word' id='word_1_13' title='bbox 583 680 725 762; x_wconf 86' lang='lat' dir='ltr'>partibus</span> <span class='ocrx_word' id='word_1_14' title='bbox 742 681 1064 764; x_wconf 64' lang='lat' dir='ltr'>disputationibusque</span> <span class='ocrx_word' id='word_1_15' title='bbox 1086 682 1291 749; x_wconf 76' lang='lat' dir='ltr'>cohaererent</span> 
     </span>
     <span class='ocr_line' id='line_1_4' title="bbox 217 788 1288 872; baseline 0.001 -17"><span class='ocrx_word' id='word_1_16' title='bbox 217 809 268 869; x_wconf 77' lang='lat' dir='ltr'>ee,</span> <span class='ocrx_word' id='word_1_17' title='bbox 291 809 373 872; x_wconf 80' lang='lat' dir='ltr'>quae</span> <span class='ocrx_word' id='word_1_18' title='bbox 387 791 416 855; x_wconf 92' lang='lat' dir='ltr'>is</span> <span class='ocrx_word' id='word_1_19' title='bbox 431 790 595 871; x_wconf 87' lang='lat' dir='ltr'>posuisset</span> <span class='ocrx_word' id='word_1_20' title='bbox 630 788 756 867; x_wconf 82' lang='lat' dir='ltr'>Deinde,</span> <span class='ocrx_word' id='word_1_21' title='bbox 778 790 804 853; x_wconf 92' lang='lat' dir='ltr'>si</span> <span class='ocrx_word' id='word_1_22' title='bbox 821 789 895 869; x_wconf 94' lang='lat' dir='ltr'>quid</span> <span class='ocrx_word' id='word_1_23' title='bbox 913 788 1015 855; x_wconf 91' lang='lat' dir='ltr'>minus</span> <span class='ocrx_word' id='word_1_24' title='bbox 1032 790 1074 855; x_wconf 84' lang='lat' dir='ltr'>ab</span> <span class='ocrx_word' id='word_1_25' title='bbox 1090 808 1127 855; x_wconf 94' lang='lat' dir='ltr'>eo</span> <span class='ocrx_word' id='word_1_26' title='bbox 1143 797 1200 855; x_wconf 87' lang='lat' dir='ltr'>aut</span> <span class='ocrx_word' id='word_1_27' title='bbox 1215 809 1288 871; x_wconf 87' lang='lat' dir='ltr'>per·</span> 
     </span>
     <span class='ocr_line' id='line_1_5' title="bbox 218 896 1291 980; baseline 0.002 -19"><span class='ocrx_word' id='word_1_28' title='bbox 218 897 329 980; x_wconf 87' lang='lat' dir='ltr'>spicue</span> <span class='ocrx_word' id='word_1_29' title='bbox 346 905 401 962; x_wconf 83' lang='lat' dir='ltr'>eut</span> <span class='ocrx_word' id='word_1_30' title='bbox 416 905 499 964; x_wconf 78' lang='lat' dir='ltr'>reete</span> <span class='ocrx_word' id='word_1_31' title='bbox 516 896 704 963; x_wconf 86' lang='lat' dir='ltr'>intellectum</span> <span class='ocrx_word' id='word_1_32' title='bbox 720 897 957 978; x_wconf 85' lang='lat' dir='ltr'>expositumque</span> <span class='ocrx_word' id='word_1_33' title='bbox 973 896 1157 968; x_wconf 79' lang='lat' dir='ltr'>iudicabam,</span> <span class='ocrx_word' id='word_1_34' title='bbox 1180 899 1291 978; x_wconf 89' lang='lat' dir='ltr'>aperui</span> 
     </span>
     <span class='ocr_line' id='line_1_6' title="bbox 217 1005 1290 1087; baseline 0.001 -17"><span class='ocrx_word' id='word_1_35' title='bbox 217 1015 253 1070; x_wconf 88' lang='lat' dir='ltr'>et</span> <span class='ocrx_word' id='word_1_36' title='bbox 274 1006 388 1083; x_wconf 82' lang='lat' dir='ltr'>notaui,</span> <span class='ocrx_word' id='word_1_37' title='bbox 410 1023 448 1071; x_wconf 87' lang='lat' dir='ltr'>aa</span> <span class='ocrx_word' id='word_1_38' title='bbox 469 1023 592 1087; x_wconf 89' lang='lat' dir='ltr'>quoque</span> <span class='ocrx_word' id='word_1_39' title='bbox 613 1021 820 1087; x_wconf 87' lang='lat' dir='ltr'>persequens,</span> <span class='ocrx_word' id='word_1_40' title='bbox 842 1023 923 1086; x_wconf 90' lang='lat' dir='ltr'>quae</span> <span class='ocrx_word' id='word_1_41' title='bbox 945 1022 1006 1069; x_wconf 91' lang='lat' dir='ltr'>non</span> <span class='ocrx_word' id='word_1_42' title='bbox 1028 1012 1093 1070; x_wconf 80' lang='lat' dir='ltr'>tam</span> <span class='ocrx_word' id='word_1_43' title='bbox 1114 1023 1134 1071; x_wconf 87' lang='lat' dir='ltr'>a</span> <span class='ocrx_word' id='word_1_44' title='bbox 1156 1005 1290 1072; x_wconf 80' lang='lat' dir='ltr'>decretis</span> 
     </span>
     <span class='ocr_line' id='line_1_7' title="bbox 216 1112 1290 1202; baseline 0.001 -25"><span class='ocrx_word' id='word_1_45' title='bbox 216 1112 412 1185; x_wconf 85' lang='lat' dir='ltr'>Graecorum</span> <span class='ocrx_word' id='word_1_46' title='bbox 438 1113 640 1190; x_wconf 86' lang='lat' dir='ltr'>aberrabant,</span> <span class='ocrx_word' id='word_1_47' title='bbox 672 1130 767 1194; x_wconf 89' lang='lat' dir='ltr'>quam</span> <span class='ocrx_word' id='word_1_48' title='bbox 794 1113 928 1202; x_wconf 81' lang='lat' dir='ltr'>abipso</span> <span class='ocrx_word' id='word_1_49' title='bbox 958 1112 1105 1179; x_wconf 83' lang='lat' dir='ltr'>Cicerone</span> <span class='ocrx_word' id='word_1_50' title='bbox 1136 1113 1168 1178; x_wconf 95' lang='lat' dir='ltr'>in</span> <span class='ocrx_word' id='word_1_51' title='bbox 1195 1131 1290 1195; x_wconf 83' lang='lat' dir='ltr'>argu·</span> 
     </span>
     <span class='ocr_line' id='line_1_8' title="bbox 216 1220 1296 1301; baseline -0.002 -15"><span class='ocrx_word' id='word_1_52' title='bbox 216 1222 332 1287; x_wconf 87' lang='lat' dir='ltr'>mentis</span> <span class='ocrx_word' id='word_1_53' title='bbox 354 1220 571 1286; x_wconf 86' lang='lat' dir='ltr'>concludendis</span> <span class='ocrx_word' id='word_1_54' title='bbox 588 1220 810 1301; x_wconf 82' lang='lat' dir='ltr'>sententiisque</span> <span class='ocrx_word' id='word_1_55' title='bbox 826 1220 1017 1301; x_wconf 74' lang='lat' dir='ltr'>explicandis</span> <span class='ocrx_word' id='word_1_56' title='bbox 1033 1221 1136 1286; x_wconf 89' lang='lat' dir='ltr'>minus</span> <span class='ocrx_word' id='word_1_57' title='bbox 1154 1229 1246 1286; x_wconf 88' lang='lat' dir='ltr'>acute</span> <span class='ocrx_word' id='word_1_58' title='bbox 1263 1227 1296 1286; x_wconf 86' lang='lat' dir='ltr'>et</span> 
     </span>
     <span class='ocr_line' id='line_1_9' title="bbox 218 1327 1296 1411; baseline 0 -17"><span class='ocrx_word' id='word_1_59' title='bbox 218 1329 367 1400; x_wconf 80' lang='lat' dir='ltr'>disdncte</span> <span class='ocrx_word' id='word_1_60' title='bbox 388 1329 524 1411; x_wconf 80' lang='lat' dir='ltr'>cogitata</span> <span class='ocrx_word' id='word_1_61' title='bbox 547 1346 647 1409; x_wconf 87' lang='lat' dir='ltr'>noque</span> <span class='ocrx_word' id='word_1_62' title='bbox 669 1327 831 1409; x_wconf 77' lang='lat' dir='ltr'>aptissime</span> <span class='ocrx_word' id='word_1_63' title='bbox 852 1327 956 1393; x_wconf 87' lang='lat' dir='ltr'>verbis</span> <span class='ocrx_word' id='word_1_64' title='bbox 978 1327 1203 1409; x_wconf 88' lang='lat' dir='ltr'>comprehensa</span> <span class='ocrx_word' id='word_1_65' title='bbox 1225 1347 1296 1394; x_wconf 90' lang='lat' dir='ltr'>esse</span> 
     </span>
     <span class='ocr_line' id='line_1_10' title="bbox 220 1435 1292 1517; baseline 0 -16"><span class='ocrx_word' id='word_1_66' title='bbox 220 1437 415 1516; x_wconf 80' lang='lat' dir='ltr'>videbantur,</span> <span class='ocrx_word' id='word_1_67' title='bbox 437 1442 473 1500; x_wconf 91' lang='lat' dir='ltr'>ut</span> <span class='ocrx_word' id='word_1_68' title='bbox 493 1435 608 1502; x_wconf 90' lang='lat' dir='ltr'>sensim</span> <span class='ocrx_word' id='word_1_69' title='bbox 630 1437 671 1502; x_wconf 89' lang='lat' dir='ltr'>ad</span> <span class='ocrx_word' id='word_1_70' title='bbox 693 1436 863 1502; x_wconf 82' lang='lat' dir='ltr'>orationem</span> <span class='ocrx_word' id='word_1_71' title='bbox 885 1435 1104 1516; x_wconf 86' lang='lat' dir='ltr'>scribendique</span> <span class='ocrx_word' id='word_1_72' title='bbox 1120 1454 1220 1517; x_wconf 83' lang='lat' dir='ltr'>genus</span> <span class='ocrx_word' id='word_1_73' title='bbox 1236 1437 1292 1501; x_wconf 88' lang='lat' dir='ltr'>de·</span> 
     </span>
     <span class='ocr_line' id='line_1_11' title="bbox 219 1543 1293 1624; baseline -0.003 -14"><span class='ocrx_word' id='word_1_74' title='bbox 219 1545 379 1611; x_wconf 80' lang='lat' dir='ltr'>laberetur</span> <span class='ocrx_word' id='word_1_75' title='bbox 399 1543 637 1610; x_wconf 88' lang='lat' dir='ltr'>animadversio.</span> <span class='ocrx_word' id='word_1_76' title='bbox 671 1543 719 1611; x_wconf 89' lang='lat' dir='ltr'>De</span> <span class='ocrx_word' id='word_1_77' title='bbox 740 1561 803 1624; x_wconf 89' lang='lat' dir='ltr'>quo</span> <span class='ocrx_word' id='word_1_78' title='bbox 824 1544 970 1609; x_wconf 86' lang='lat' dir='ltr'>universo</span> <span class='ocrx_word' id='word_1_79' title='bbox 992 1561 1106 1622; x_wconf 82' lang='lat' dir='ltr'>genere</span> <span class='ocrx_word' id='word_1_80' title='bbox 1126 1543 1173 1607; x_wconf 85' lang='lat' dir='ltr'>ita</span> <span class='ocrx_word' id='word_1_81' title='bbox 1192 1543 1293 1608; x_wconf 91' lang='lat' dir='ltr'>dicam</span> 
     </span>
     <span class='ocr_line' id='line_1_12' title="bbox 220 1649 1294 1734; baseline -0.001 -17"><span class='ocrx_word' id='word_1_82' title='bbox 220 1653 316 1734; x_wconf 92' lang='lat' dir='ltr'>paulo</span> <span class='ocrx_word' id='word_1_83' title='bbox 337 1659 418 1733; x_wconf 77' lang='lat' dir='ltr'>post,</span> <span class='ocrx_word' id='word_1_84' title='bbox 440 1651 555 1717; x_wconf 76' lang='lat' dir='ltr'>nidlam</span> <span class='ocrx_word' id='word_1_85' title='bbox 576 1658 612 1716; x_wconf 87' lang='lat' dir='ltr'>ut</span> <span class='ocrx_word' id='word_1_86' title='bbox 632 1670 719 1717; x_wconf 87' lang='lat' dir='ltr'>ame</span> <span class='ocrx_word' id='word_1_87' title='bbox 736 1650 874 1716; x_wconf 86' lang='lat' dir='ltr'>Ciceroni</span> <span class='ocrx_word' id='word_1_88' title='bbox 896 1650 1041 1718; x_wconf 89' lang='lat' dir='ltr'>iniuriam</span> <span class='ocrx_word' id='word_1_89' title='bbox 1058 1649 1171 1718; x_wconf 59' lang='lat' dir='ltr'>mtam</span> <span class='ocrx_word' id='word_1_90' title='bbox 1193 1669 1294 1732; x_wconf 80' lang='lat' dir='ltr'>usque</span> 
     </span>
     <span class='ocr_line' id='line_1_13' title="bbox 219 1757 1295 1842; baseline -0.002 -17"><span class='ocrx_word' id='word_1_91' title='bbox 219 1760 329 1842; x_wconf 87' lang='lat' dir='ltr'>iniquo</span> <span class='ocrx_word' id='word_1_92' title='bbox 350 1759 453 1825; x_wconf 79' lang='lat' dir='ltr'>animo</span> <span class='ocrx_word' id='word_1_93' title='bbox 475 1759 515 1824; x_wconf 86' lang='lat' dir='ltr'>dc</span> <span class='ocrx_word' id='word_1_94' title='bbox 536 1777 573 1824; x_wconf 90' lang='lat' dir='ltr'>eo</span> <span class='ocrx_word' id='word_1_95' title='bbox 596 1759 764 1828; x_wconf 74' lang='lat' dir='ltr'>iudicatum</span> <span class='ocrx_word' id='word_1_96' title='bbox 785 1777 856 1829; x_wconf 80' lang='lat' dir='ltr'>esse</span> <span class='ocrx_word' id='word_1_97' title='bbox 877 1757 967 1825; x_wconf 84' lang='lat' dir='ltr'>facile</span> <span class='ocrx_word' id='word_1_98' title='bbox 988 1763 1150 1840; x_wconf 86' lang='lat' dir='ltr'>appareat</span> <span class='ocrx_word' id='word_1_99' title='bbox 1183 1758 1295 1825; x_wconf 85' lang='lat' dir='ltr'>Notari</span> 
     </span>
    </p>
   </div>
   <div class='ocr_carea' id='block_1_3' title="bbox 219 1866 1407 1948">
    <p class='ocr_par' dir='ltr' id='par_1_3' title="bbox 219 1866 1407 1948">
     <span class='ocr_line' id='line_1_14' title="bbox 219 1866 1407 1948; baseline 0.001 -16"><span class='ocrx_word' id='word_1_100' title='bbox 219 1877 327 1933; x_wconf 78' lang='lat' dir='ltr'>eutem</span> <span class='ocrx_word' id='word_1_101' title='bbox 355 1867 432 1932; x_wconf 82' lang='lat' dir='ltr'>hoec</span> <span class='ocrx_word' id='word_1_102' title='bbox 458 1884 590 1948; x_wconf 83' lang='lat' dir='ltr'>prorsus</span> <span class='ocrx_word' id='word_1_103' title='bbox 618 1885 745 1932; x_wconf 88' lang='lat' dir='ltr'>necesse</span> <span class='ocrx_word' id='word_1_104' title='bbox 766 1872 828 1946; x_wconf 83' lang='lat' dir='ltr'>est3</span> <span class='ocrx_word' id='word_1_105' title='bbox 858 1866 928 1947; x_wconf 85' lang='lat' dir='ltr'>quis</span> <span class='ocrx_word' id='word_1_106' title='bbox 955 1866 1036 1932; x_wconf 90' lang='lat' dir='ltr'>enim</span> <span class='ocrx_word' id='word_1_107' title='bbox 1064 1872 1182 1947; x_wconf 79' lang='lat' dir='ltr'>potest,</span> <span class='ocrx_word' id='word_1_108' title='bbox 1210 1866 1295 1947; x_wconf 86' lang='lat' dir='ltr'>quod</span> <span class='ocrx_word' id='word_1_109' title='bbox 1403 1934 1407 1942; x_wconf 73' lang='grc'><strong>,</strong></span> 
     </span>
    </p>
   </div>
   <div class='ocr_carea' id='block_1_4' title="bbox 220 1973 1294 2377">
    <p class='ocr_par' dir='ltr' id='par_1_4' title="bbox 220 1973 1294 2377">
     <span class='ocr_line' id='line_1_15' title="bbox 221 1973 1293 2056; baseline 0.001 -17"><span class='ocrx_word' id='word_1_110' title='bbox 221 1975 304 2041; x_wconf 86' lang='lat' dir='ltr'>male</span> <span class='ocrx_word' id='word_1_111' title='bbox 324 1974 474 2055; x_wconf 89' lang='lat' dir='ltr'>scriptum</span> <span class='ocrx_word' id='word_1_112' title='bbox 497 1983 545 2039; x_wconf 85' lang='lat' dir='ltr'>est</span> <span class='ocrx_word' id='word_1_113' title='bbox 566 1981 688 2038; x_wconf 88' lang='lat' dir='ltr'>etcum</span> <span class='ocrx_word' id='word_1_114' title='bbox 710 1974 883 2040; x_wconf 84' lang='lat' dir='ltr'>sententiae</span> <span class='ocrx_word' id='word_1_115' title='bbox 901 1973 985 2054; x_wconf 79' lang='lat' dir='ltr'>dtis,</span> <span class='ocrx_word' id='word_1_116' title='bbox 1008 1974 1172 2056; x_wconf 85' lang='lat' dir='ltr'>perspicue</span> <span class='ocrx_word' id='word_1_117' title='bbox 1190 1974 1293 2040; x_wconf 89' lang='lat' dir='ltr'>decla·</span> 
     </span>
     <span class='ocr_line' id='line_1_16' title="bbox 220 2081 1292 2164; baseline 0 -17"><span class='ocrx_word' id='word_1_118' title='bbox 220 2102 306 2163; x_wconf 81' lang='lat' dir='ltr'>rare,</span> <span class='ocrx_word' id='word_1_119' title='bbox 328 2082 386 2147; x_wconf 87' lang='lat' dir='ltr'>nisi</span> <span class='ocrx_word' id='word_1_120' title='bbox 408 2099 445 2146; x_wconf 85' lang='lat' dir='ltr'>eo</span> <span class='ocrx_word' id='word_1_121' title='bbox 462 2081 535 2146; x_wconf 91' lang='lat' dir='ltr'>vitio</span> <span class='ocrx_word' id='word_1_122' title='bbox 551 2081 787 2152; x_wconf 77' lang='lat' dir='ltr'>demonstrato?</span> <span class='ocrx_word' id='word_1_123' title='bbox 820 2082 930 2164; x_wconf 72' lang='lat' dir='ltr'>ltaque</span> <span class='ocrx_word' id='word_1_124' title='bbox 946 2081 1038 2164; x_wconf 80' lang='lat' dir='ltr'>vulgo</span> <span class='ocrx_word' id='word_1_125' title='bbox 1054 2081 1133 2152; x_wconf 77' lang='lat' dir='ltr'>hoec</span> <span class='ocrx_word' id='word_1_126' title='bbox 1149 2087 1292 2162; x_wconf 79' lang='lat' dir='ltr'>praeter·</span> 
     </span>
     <span class='ocr_line' id='line_1_17' title="bbox 220 2189 1292 2270; baseline 0.004 -16"><span class='ocrx_word' id='word_1_127' title='bbox 220 2191 395 2269; x_wconf 85' lang='lat' dir='ltr'>mittuntur,</span> <span class='ocrx_word' id='word_1_128' title='bbox 417 2190 502 2270; x_wconf 90' lang='lat' dir='ltr'>quod</span> <span class='ocrx_word' id='word_1_129' title='bbox 522 2189 678 2254; x_wconf 89' lang='lat' dir='ltr'>incuriose</span> <span class='ocrx_word' id='word_1_130' title='bbox 698 2201 730 2255; x_wconf 90' lang='lat' dir='ltr'>et</span> <span class='ocrx_word' id='word_1_131' title='bbox 750 2207 864 2270; x_wconf 89' lang='lat' dir='ltr'>parum</span> <span class='ocrx_word' id='word_1_132' title='bbox 886 2189 1041 2259; x_wconf 82' lang='lat' dir='ltr'>subtiliter·</span> <span class='ocrx_word' id='word_1_133' title='bbox 1055 2189 1177 2270; x_wconf 78' lang='lat' dir='ltr'>legium</span> <span class='ocrx_word' id='word_1_134' title='bbox 1211 2190 1292 2258; x_wconf 87' lang='lat' dir='ltr'>Tum</span> 
     </span>
     <span class='ocr_line' id='line_1_18' title="bbox 221 2296 1294 2377; baseline 0.002 -15"><span class='ocrx_word' id='word_1_135' title='bbox 221 2299 265 2362; x_wconf 87' lang='lat' dir='ltr'>de</span> <span class='ocrx_word' id='word_1_136' title='bbox 291 2315 365 2362; x_wconf 87' lang='lat' dir='ltr'>vera</span> <span class='ocrx_word' id='word_1_137' title='bbox 390 2296 555 2366; x_wconf 88' lang='lat' dir='ltr'>multorum</span> <span class='ocrx_word' id='word_1_138' title='bbox 585 2297 724 2363; x_wconf 87' lang='lat' dir='ltr'>locorum</span> <span class='ocrx_word' id='word_1_139' title='bbox 751 2297 906 2377; x_wconf 81' lang='lat' dir='ltr'>scriptura</span> <span class='ocrx_word' id='word_1_140' title='bbox 934 2298 1017 2364; x_wconf 88' lang='lat' dir='ltr'>nullo</span> <span class='ocrx_word' id='word_1_141' title='bbox 1045 2297 1137 2365; x_wconf 85' lang='lat' dir='ltr'>modo</span> <span class='ocrx_word' id='word_1_142' title='bbox 1163 2297 1294 2364; x_wconf 87' lang='lat' dir='ltr'>iudicari</span> 
     </span>
    </p>
   </div>
   <div class='ocr_carea' id='block_1_5' title="bbox 129 2404 1298 2493">
    <p class='ocr_par' dir='ltr' id='par_1_5' title="bbox 129 2404 1298 2493">
     <span class='ocr_line' id='line_1_19' title="bbox 129 2404 1298 2493; baseline -0.001 -23"><span class='ocrx_word' id='word_1_143' title='bbox 129 2486 134 2493; x_wconf 24' lang='grc' dir='ltr'>Ι</span> <span class='ocrx_word' id='word_1_144' title='bbox 222 2424 334 2487; x_wconf 86' lang='lat' dir='ltr'>posse,</span> <span class='ocrx_word' id='word_1_145' title='bbox 360 2405 420 2476; x_wconf 85' lang='lat' dir='ltr'>nisi</span> <span class='ocrx_word' id='word_1_146' title='bbox 442 2404 500 2469; x_wconf 91' lang='lat' dir='ltr'>hoc</span> <span class='ocrx_word' id='word_1_147' title='bbox 521 2422 635 2485; x_wconf 77' lang='lat' dir='ltr'>genere</span> <span class='ocrx_word' id='word_1_148' title='bbox 656 2411 821 2486; x_wconf 84' lang='lat' dir='ltr'>perspecto</span> <span class='ocrx_word' id='word_1_149' title='bbox 843 2413 876 2470; x_wconf 89' lang='lat' dir='ltr'>et</span> <span class='ocrx_word' id='word_1_150' title='bbox 897 2405 1070 2479; x_wconf 79' lang='lat' dir='ltr'>declarato,</span> <span class='ocrx_word' id='word_1_151' title='bbox 1096 2405 1191 2486; x_wconf 87' lang='lat' dir='ltr'>paulo</span> <span class='ocrx_word' id='word_1_152' title='bbox 1213 2411 1298 2483; x_wconf 88' lang='lat' dir='ltr'>ante,</span> 
     </span>
    </p>
   </div>
   <div class='ocr_carea' id='block_1_6' title="bbox 223 2511 1302 3241">
    <p class='ocr_par' dir='ltr' id='par_1_6' title="bbox 223 2511 1302 3241">
     <span class='ocr_line' id='line_1_20' title="bbox 223 2511 1296 2594; baseline 0 -18"><span class='ocrx_word' id='word_1_153' title='bbox 223 2531 296 2577; x_wconf 89' lang='lat' dir='ltr'>cum</span> <span class='ocrx_word' id='word_1_154' title='bbox 316 2513 357 2577; x_wconf 92' lang='lat' dir='ltr'>de</span> <span class='ocrx_word' id='word_1_155' title='bbox 378 2511 556 2578; x_wconf 85' lang='lat' dir='ltr'>coniectura</span> <span class='ocrx_word' id='word_1_156' title='bbox 578 2512 649 2591; x_wconf 82' lang='lat' dir='ltr'>dixi,</span> <span class='ocrx_word' id='word_1_157' title='bbox 671 2512 810 2594; x_wconf 82' lang='lat' dir='ltr'>exposui.</span> <span class='ocrx_word' id='word_1_158' title='bbox 842 2514 890 2579; x_wconf 80' lang='lat' dir='ltr'>Ac</span> <span class='ocrx_word' id='word_1_159' title='bbox 908 2513 1003 2594; x_wconf 90' lang='lat' dir='ltr'>siqui</span> <span class='ocrx_word' id='word_1_160' title='bbox 1020 2512 1182 2594; x_wconf 82' lang='lat' dir='ltr'>putabunt,</span> <span class='ocrx_word' id='word_1_161' title='bbox 1204 2511 1296 2577; x_wconf 88' lang='lat' dir='ltr'>nimis</span> 
     </span>
     <span class='ocr_line' id='line_1_21' title="bbox 224 2617 1297 2702; baseline 0.002 -17"><span class='ocrx_word' id='word_1_162' title='bbox 224 2626 328 2685; x_wconf 85' lang='lat' dir='ltr'>tamen</span> <span class='ocrx_word' id='word_1_163' title='bbox 351 2619 514 2686; x_wconf 78' lang='lat' dir='ltr'>molestum</span> <span class='ocrx_word' id='word_1_164' title='bbox 537 2617 706 2699; x_wconf 75' lang='lat' dir='ltr'>metuisse,</span> <span class='ocrx_word' id='word_1_165' title='bbox 728 2620 780 2702; x_wconf 88' lang='lat' dir='ltr'>qui</span> <span class='ocrx_word' id='word_1_166' title='bbox 802 2640 841 2686; x_wconf 87' lang='lat' dir='ltr'>ne</span> <span class='ocrx_word' id='word_1_167' title='bbox 862 2620 915 2686; x_wconf 89' lang='lat' dir='ltr'>illa</span> <span class='ocrx_word' id='word_1_168' title='bbox 937 2621 1062 2702; x_wconf 89' lang='lat' dir='ltr'>quidem</span> <span class='ocrx_word' id='word_1_169' title='bbox 1083 2619 1152 2686; x_wconf 81' lang='lat' dir='ltr'>miti</span> <span class='ocrx_word' id='word_1_170' title='bbox 1173 2619 1297 2687; x_wconf 87' lang='lat' dir='ltr'>silentio</span> 
     </span>
     <span class='ocr_line' id='line_1_22' title="bbox 225 2727 1296 2811; baseline 0.002 -18"><span class='ocrx_word' id='word_1_171' title='bbox 225 2728 461 2808; x_wconf 82' lang='lat' dir='ltr'>transmiserim,</span> <span class='ocrx_word' id='word_1_172' title='bbox 484 2746 565 2809; x_wconf 87' lang='lat' dir='ltr'>quae</span> <span class='ocrx_word' id='word_1_173' title='bbox 580 2727 683 2811; x_wconf 88' lang='lat' dir='ltr'>quivis</span> <span class='ocrx_word' id='word_1_174' title='bbox 699 2746 757 2809; x_wconf 93' lang='lat' dir='ltr'>per</span> <span class='ocrx_word' id='word_1_175' title='bbox 775 2746 810 2794; x_wconf 88' lang='lat' dir='ltr'>se</span> <span class='ocrx_word' id='word_1_176' title='bbox 825 2729 1056 2795; x_wconf 78' lang='lat' dir='ltr'>animadverust</span> <span class='ocrx_word' id='word_1_177' title='bbox 1072 2728 1140 2793; x_wconf 90' lang='lat' dir='ltr'>sine</span> <span class='ocrx_word' id='word_1_178' title='bbox 1155 2727 1296 2795; x_wconf 87' lang='lat' dir='ltr'>admoui-</span> 
     </span>
     <span class='ocr_line' id='line_1_23' title="bbox 224 2835 1296 2918; baseline 0 -17"><span class='ocrx_word' id='word_1_179' title='bbox 224 2835 320 2914; x_wconf 75' lang='lat' dir='ltr'>tione,</span> <span class='ocrx_word' id='word_1_180' title='bbox 340 2835 363 2901; x_wconf 93' lang='lat' dir='ltr'>ii</span> <span class='ocrx_word' id='word_1_181' title='bbox 381 2836 408 2902; x_wconf 92' lang='lat' dir='ltr'>si</span> <span class='ocrx_word' id='word_1_182' title='bbox 424 2835 697 2914; x_wconf 79' lang='lat' dir='ltr'>consideraverint,</span> <span class='ocrx_word' id='word_1_183' title='bbox 719 2841 855 2918; x_wconf 83' lang='lat' dir='ltr'>quantas</span> <span class='ocrx_word' id='word_1_184' title='bbox 872 2836 1054 2901; x_wconf 86' lang='lat' dir='ltr'>exoriantur</span> <span class='ocrx_word' id='word_1_185' title='bbox 1069 2836 1180 2901; x_wconf 86' lang='lat' dir='ltr'>turbae</span> <span class='ocrx_word' id='word_1_186' title='bbox 1195 2835 1296 2901; x_wconf 90' lang='lat' dir='ltr'>homi·</span> 
     </span>
     <span class='ocr_line' id='line_1_24' title="bbox 227 2941 1298 3025; baseline -0.003 -16"><span class='ocrx_word' id='word_1_187' title='bbox 227 2963 312 3016; x_wconf 87' lang='lat' dir='ltr'>num,</span> <span class='ocrx_word' id='word_1_188' title='bbox 330 2943 356 3007; x_wconf 90' lang='lat' dir='ltr'>si</span> <span class='ocrx_word' id='word_1_189' title='bbox 374 2943 448 3025; x_wconf 93' lang='lat' dir='ltr'>quid</span> <span class='ocrx_word' id='word_1_190' title='bbox 464 2944 633 3024; x_wconf 87' lang='lat' dir='ltr'>aliquando</span> <span class='ocrx_word' id='word_1_191' title='bbox 649 2943 901 3016; x_wconf 84' lang='lat' dir='ltr'>animadversum</span> <span class='ocrx_word' id='word_1_192' title='bbox 919 2943 968 3023; x_wconf 88' lang='lat' dir='ltr'>sit,</span> <span class='ocrx_word' id='word_1_193' title='bbox 990 2943 1188 3024; x_wconf 86' lang='lat' dir='ltr'>perspicient,</span> <span class='ocrx_word' id='word_1_194' title='bbox 1205 2941 1298 3022; x_wconf 78' lang='lat' dir='ltr'>uulgo</span> 
     </span>
     <span class='ocr_line' id='line_1_25' title="bbox 226 3050 1299 3133; baseline -0.002 -17"><span class='ocrx_word' id='word_1_195' title='bbox 226 3071 289 3116; x_wconf 93' lang='lat' dir='ltr'>non</span> <span class='ocrx_word' id='word_1_196' title='bbox 312 3051 526 3129; x_wconf 86' lang='lat' dir='ltr'>animadverti,</span> <span class='ocrx_word' id='word_1_197' title='bbox 548 3058 583 3115; x_wconf 94' lang='lat' dir='ltr'>ut</span> <span class='ocrx_word' id='word_1_198' title='bbox 604 3051 653 3115; x_wconf 84' lang='lat' dir='ltr'>vel</span> <span class='ocrx_word' id='word_1_199' title='bbox 674 3050 752 3116; x_wconf 86' lang='lat' dir='ltr'>haec</span> <span class='ocrx_word' id='word_1_200' title='bbox 769 3050 810 3116; x_wconf 89' lang='lat' dir='ltr'>sit</span> <span class='ocrx_word' id='word_1_201' title='bbox 826 3051 903 3116; x_wconf 86' lang='lat' dir='ltr'>satis</span> <span class='ocrx_word' id='word_1_202' title='bbox 920 3070 1033 3133; x_wconf 75' lang='lat' dir='ltr'>magna</span> <span class='ocrx_word' id='word_1_203' title='bbox 1050 3051 1178 3115; x_wconf 78' lang='lat' dir='ltr'>notandi</span> <span class='ocrx_word' id='word_1_204' title='bbox 1194 3067 1299 3127; x_wconf 82' lang='lat' dir='ltr'>causa,</span> 
     </span>
     <span class='ocr_line' id='line_1_26' title="bbox 226 3157 1302 3241; baseline 0.003 -19"><span class='ocrx_word' id='word_1_205' title='bbox 226 3168 264 3223; x_wconf 89' lang='lat' dir='ltr'>ut</span> <span class='ocrx_word' id='word_1_206' title='bbox 284 3168 465 3227; x_wconf 76' lang='lat' dir='ltr'>assuescant</span> <span class='ocrx_word' id='word_1_207' title='bbox 487 3157 625 3223; x_wconf 88' lang='lat' dir='ltr'>nonnulli</span> <span class='ocrx_word' id='word_1_208' title='bbox 648 3177 709 3224; x_wconf 94' lang='lat' dir='ltr'>non</span> <span class='ocrx_word' id='word_1_209' title='bbox 727 3159 950 3241; x_wconf 88' lang='lat' dir='ltr'>perturbari.¹)</span> <span class='ocrx_word' id='word_1_210' title='bbox 985 3159 1144 3224; x_wconf 81' lang='lat' dir='ltr'>Postremo</span> <span class='ocrx_word' id='word_1_211' title='bbox 1166 3157 1302 3240; x_wconf 85' lang='lat' dir='ltr'>pertinet</span> 
     </span>
    </p>
   </div>
   <div class='ocr_carea' id='block_1_7' title="bbox 257 3424 1301 3661">
    <p class='ocr_par' dir='ltr' id='par_1_7' title="bbox 257 3424 1301 3661">
     <span class='ocr_line' id='line_1_27' title="bbox 257 3424 1300 3490; baseline -0.002 -14"><span class='ocrx_word' id='word_1_212' title='bbox 257 3426 280 3490; x_wconf 90' lang='lat'>¹)</span> <span class='ocrx_word' id='word_1_213' title='bbox 297 3426 428 3476; x_wconf 75' lang='lat' dir='ltr'>Ascrlbam</span> <span class='ocrx_word' id='word_1_214' title='bbox 449 3439 531 3475; x_wconf 89' lang='lat' dir='ltr'>unum</span> <span class='ocrx_word' id='word_1_215' title='bbox 555 3439 583 3476; x_wconf 83' lang='lat' dir='ltr'>ex</span> <span class='ocrx_word' id='word_1_216' title='bbox 602 3427 653 3476; x_wconf 86' lang='lat' dir='ltr'>ello</span> <span class='ocrx_word' id='word_1_217' title='bbox 671 3439 747 3489; x_wconf 89' lang='lat' dir='ltr'>opere</span> <span class='ocrx_word' id='word_1_218' title='bbox 767 3428 921 3489; x_wconf 83' lang='lat' dir='ltr'>exemplum.</span> <span class='ocrx_word' id='word_1_219' title='bbox 958 3425 1034 3477; x_wconf 84' lang='lat' dir='ltr'>Tusc.</span> <span class='ocrx_word' id='word_1_220' title='bbox 1054 3424 1087 3487; x_wconf 87' lang='lat' dir='ltr'>ll,</span> <span class='ocrx_word' id='word_1_221' title='bbox 1105 3424 1140 3478; x_wconf 81' lang='lat'>43</span> <span class='ocrx_word' id='word_1_222' title='bbox 1158 3426 1206 3475; x_wconf 86' lang='lat' dir='ltr'>lroc</span> <span class='ocrx_word' id='word_1_223' title='bbox 1224 3428 1300 3488; x_wconf 89' lang='lat' dir='ltr'>poul-</span> 
     </span>
     <span class='ocr_line' id='line_1_28' title="bbox 297 3509 1301 3576; baseline -0.003 -15"><span class='ocrx_word' id='word_1_224' title='bbox 297 3518 349 3562; x_wconf 84' lang='lat' dir='ltr'>tur:</span> <span class='ocrx_word' id='word_1_225' title='bbox 370 3512 440 3570; x_wconf 80' lang='lat' dir='ltr'>Quod</span> <span class='ocrx_word' id='word_1_226' title='bbox 457 3525 514 3573; x_wconf 80' lang='lat' dir='ltr'>erpo</span> <span class='ocrx_word' id='word_1_227' title='bbox 532 3518 554 3559; x_wconf 80' lang='lat' dir='ltr'>et</span> <span class='ocrx_word' id='word_1_228' title='bbox 570 3511 714 3573; x_wconf 80' lang='lat' dir='ltr'>portulclur</span> <span class='ocrx_word' id='word_1_229' title='bbox 731 3526 747 3559; x_wconf 84' lang='lat' dir='ltr'>a</span> <span class='ocrx_word' id='word_1_230' title='bbox 765 3511 872 3576; x_wconf 68' lang='lat' dir='ltr'>sortibus</span> <span class='ocrx_word' id='word_1_231' title='bbox 889 3518 911 3559; x_wconf 86' lang='lat' dir='ltr'>et</span> <span class='ocrx_word' id='word_1_232' title='bbox 928 3511 1059 3566; x_wconf 81' lang='lat' dir='ltr'>laudetur,</span> <span class='ocrx_word' id='word_1_233' title='bbox 1079 3525 1135 3560; x_wconf 84' lang='lat' dir='ltr'>cum</span> <span class='ocrx_word' id='word_1_234' title='bbox 1152 3512 1193 3574; x_wconf 75' lang='lat' dir='ltr'>fit.</span> <span class='ocrx_word' id='word_1_235' title='bbox 1211 3509 1238 3558; x_wconf 78' lang='lat' dir='ltr'>id</span> <span class='ocrx_word' id='word_1_236' title='bbox 1255 3515 1301 3558; x_wconf 82' lang='lat' dir='ltr'>cul</span> 
     </span>
     <span class='ocr_line' id='line_1_29' title="bbox 297 3596 1300 3661; baseline -0.002 -15"><span class='ocrx_word' id='word_1_237' title='bbox 297 3597 450 3646; x_wconf 72' lang='lat' dir='ltr'>extimescere</span> <span class='ocrx_word' id='word_1_238' title='bbox 471 3596 571 3646; x_wconf 78' lang='lat' dir='ltr'>seriem</span> <span class='ocrx_word' id='word_1_239' title='bbox 593 3602 638 3645; x_wconf 83' lang='lat' dir='ltr'>aut</span> <span class='ocrx_word' id='word_1_240' title='bbox 656 3610 705 3645; x_wconf 82' lang='lat' dir='ltr'>nou</span> <span class='ocrx_word' id='word_1_241' title='bbox 723 3598 788 3661; x_wconf 67' lang='lat' dir='ltr'>serre</span> <span class='ocrx_word' id='word_1_242' title='bbox 805 3609 923 3659; x_wconf 76' lang='lat' dir='ltr'>praesens</span> <span class='ocrx_word' id='word_1_243' title='bbox 945 3609 1029 3646; x_wconf 79' lang='lat' dir='ltr'>nonne</span> <span class='ocrx_word' id='word_1_244' title='bbox 1046 3603 1119 3660; x_wconf 80' lang='lat' dir='ltr'>turpe</span> <span class='ocrx_word' id='word_1_245' title='bbox 1138 3600 1189 3646; x_wconf 78' lang='lat' dir='ltr'>eet?</span> <span class='ocrx_word' id='word_1_246' title='bbox 1225 3597 1300 3658; x_wconf 77' lang='lat' dir='ltr'>Atqul</span> 
     </span>
    </p>
   </div>
   <div class='ocr_carea' id='block_1_8' title="bbox 299 3680 1394 3745">
    <p class='ocr_par' dir='ltr' id='par_1_8' title="bbox 299 3680 1394 3745">
     <span class='ocr_line' id='line_1_30' title="bbox 299 3680 1394 3745; baseline -0.002 -14"><span class='ocrx_word' id='word_1_247' title='bbox 299 3681 443 3745; x_wconf 77' lang='lat' dir='ltr'>postuletur</span> <span class='ocrx_word' id='word_1_248' title='bbox 470 3688 494 3731; x_wconf 83' lang='lat' dir='ltr'>ct</span> <span class='ocrx_word' id='word_1_249' title='bbox 515 3682 640 3730; x_wconf 84' lang='lat' dir='ltr'>laudetur</span> <span class='ocrx_word' id='word_1_250' title='bbox 667 3680 760 3730; x_wconf 74' lang='lat' dir='ltr'>doloris</span> <span class='ocrx_word' id='word_1_251' title='bbox 780 3681 917 3744; x_wconf 76' lang='lat' dir='ltr'>patientia,</span> <span class='ocrx_word' id='word_1_252' title='bbox 946 3684 1122 3731; x_wconf 80' lang='lat' dir='ltr'>eutlrnescllur</span> <span class='ocrx_word' id='word_1_253' title='bbox 1147 3695 1194 3731; x_wconf 86' lang='lat' dir='ltr'>nec</span> <span class='ocrx_word' id='word_1_254' title='bbox 1222 3680 1302 3729; x_wconf 78' lang='lat' dir='ltr'>lemur</span> <span class='ocrx_word' id='word_1_255' title='bbox 1391 3735 1394 3741; x_wconf 43' lang='grc'>,</span> 
     </span>
    </p>
   </div>
   <div class='ocr_carea' id='block_1_9' title="bbox 297 3765 1304 4426">
    <p class='ocr_par' dir='ltr' id='par_1_9' title="bbox 297 3765 1304 4426">
     <span class='ocr_line' id='line_1_31' title="bbox 298 3765 1301 3829; baseline -0.003 -13"><span class='ocrx_word' id='word_1_256' title='bbox 298 3768 373 3817; x_wconf 84' lang='lat' dir='ltr'>dolor.</span> <span class='ocrx_word' id='word_1_257' title='bbox 410 3767 475 3817; x_wconf 85' lang='lat' dir='ltr'>llaec</span> <span class='ocrx_word' id='word_1_258' title='bbox 500 3769 577 3829; x_wconf 80' lang='lat' dir='ltr'>igitur</span> <span class='ocrx_word' id='word_1_259' title='bbox 604 3780 618 3815; x_wconf 88' lang='lat' dir='ltr'>e</span> <span class='ocrx_word' id='word_1_260' title='bbox 642 3767 765 3815; x_wconf 84' lang='lat' dir='ltr'>Clceronc</span> <span class='ocrx_word' id='word_1_261' title='bbox 793 3765 901 3816; x_wconf 86' lang='lat' dir='ltr'>conlusu</span> <span class='ocrx_word' id='word_1_262' title='bbox 925 3778 996 3824; x_wconf 88' lang='lat' dir='ltr'>esse,</span> <span class='ocrx_word' id='word_1_263' title='bbox 1024 3767 1158 3816; x_wconf 81' lang='lat' dir='ltr'>Nissenlus</span> <span class='ocrx_word' id='word_1_264' title='bbox 1182 3765 1301 3815; x_wconf 87' lang='lat' dir='ltr'>anlmud·</span> 
     </span>
     <span class='ocr_line' id='line_1_32' title="bbox 299 3851 1302 3914; baseline -0.005 -12"><span class='ocrx_word' id='word_1_265' title='bbox 299 3856 379 3904; x_wconf 77' lang='lat' dir='ltr'>vertit,</span> <span class='ocrx_word' id='word_1_266' title='bbox 398 3851 546 3914; x_wconf 81' lang='lat' dir='ltr'>addldltque</span> <span class='ocrx_word' id='word_1_267' title='bbox 566 3851 689 3909; x_wconf 83' lang='lat' dir='ltr'>modeste,</span> <span class='ocrx_word' id='word_1_268' title='bbox 708 3851 876 3913; x_wconf 82' lang='lat' dir='ltr'>scrlptorlbus</span> <span class='ocrx_word' id='word_1_269' title='bbox 896 3855 1009 3913; x_wconf 85' lang='lat' dir='ltr'>anthuls</span> <span class='ocrx_word' id='word_1_270' title='bbox 1025 3852 1152 3914; x_wconf 85' lang='lat' dir='ltr'>quaedam</span> <span class='ocrx_word' id='word_1_271' title='bbox 1168 3851 1302 3899; x_wconf 81' lang='lat' dir='ltr'>inhaerere</span> 
     </span>
     <span class='ocr_line' id='line_1_33' title="bbox 297 3934 1301 3999; baseline -0.004 -11"><span class='ocrx_word' id='word_1_272' title='bbox 297 3937 441 3988; x_wconf 76' lang='lat' dir='ltr'>excusanda</span> <span class='ocrx_word' id='word_1_273' title='bbox 462 3939 544 3998; x_wconf 77' lang='lat' dir='ltr'>magu</span> <span class='ocrx_word' id='word_1_274' title='bbox 562 3949 641 3999; x_wconf 80' lang='lat' dir='ltr'>quam</span> <span class='ocrx_word' id='word_1_275' title='bbox 659 3936 790 3999; x_wconf 77' lang='lat' dir='ltr'>probanda</span> <span class='ocrx_word' id='word_1_276' title='bbox 808 3939 853 3985; x_wconf 87' lang='lat' dir='ltr'>aul</span> <span class='ocrx_word' id='word_1_277' title='bbox 871 3937 1009 3993; x_wconf 80' lang='lat' dir='ltr'>lmlmnda;</span> <span class='ocrx_word' id='word_1_278' title='bbox 1030 3937 1107 3986; x_wconf 90' lang='lat' dir='ltr'>modo</span> <span class='ocrx_word' id='word_1_279' title='bbox 1127 3948 1159 3987; x_wconf 87' lang='lat' dir='ltr'>ua</span> <span class='ocrx_word' id='word_1_280' title='bbox 1178 3934 1301 3986; x_wconf 79' lang='lat' dir='ltr'>anacolu-</span> 
     </span>
     <span class='ocr_line' id='line_1_34' title="bbox 298 4021 1302 4085; baseline 0 -13"><span class='ocrx_word' id='word_1_281' title='bbox 298 4024 360 4072; x_wconf 84' lang='lat' dir='ltr'>thon</span> <span class='ocrx_word' id='word_1_282' title='bbox 384 4035 442 4072; x_wconf 83' lang='lat' dir='ltr'>osse</span> <span class='ocrx_word' id='word_1_283' title='bbox 460 4022 577 4078; x_wconf 61' lang='lat' dir='ltr'>dixissem</span> <span class='ocrx_word' id='word_1_284' title='bbox 603 4036 662 4072; x_wconf 87' lang='lat' dir='ltr'>nam</span> <span class='ocrx_word' id='word_1_285' title='bbox 681 4024 848 4085; x_wconf 73' lang='lat' dir='ltr'>grammatica</span> <span class='ocrx_word' id='word_1_286' title='bbox 872 4024 996 4075; x_wconf 77' lang='lat' dir='ltr'>orationis</span> <span class='ocrx_word' id='word_1_287' title='bbox 1019 4021 1102 4073; x_wconf 85' lang='lat' dir='ltr'>lorma</span> <span class='ocrx_word' id='word_1_288' title='bbox 1120 4024 1216 4085; x_wconf 84' lang='lat' dir='ltr'>optlme</span> <span class='ocrx_word' id='word_1_289' title='bbox 1239 4032 1302 4072; x_wconf 84' lang='lat' dir='ltr'>con·</span> 
     </span>
     <span class='ocr_line' id='line_1_35' title="bbox 299 4105 1304 4168; baseline -0.003 -12"><span class='ocrx_word' id='word_1_290' title='bbox 299 4113 354 4156; x_wconf 83' lang='lat' dir='ltr'>stat.</span> <span class='ocrx_word' id='word_1_291' title='bbox 397 4107 463 4168; x_wconf 83' lang='lat' dir='ltr'>Quld</span> <span class='ocrx_word' id='word_1_292' title='bbox 487 4106 617 4156; x_wconf 84' lang='lat' dir='ltr'>lloserus?</span> <span class='ocrx_word' id='word_1_293' title='bbox 655 4108 709 4157; x_wconf 89' lang='lat' dir='ltr'>Non</span> <span class='ocrx_word' id='word_1_294' title='bbox 734 4106 819 4157; x_wconf 77' lang='lat' dir='ltr'>ferens</span> <span class='ocrx_word' id='word_1_295' title='bbox 843 4106 978 4155; x_wconf 86' lang='lat' dir='ltr'>andaclam</span> <span class='ocrx_word' id='word_1_296' title='bbox 1003 4107 1129 4166; x_wconf 85' lang='lat' dir='ltr'>lesenll,</span> <span class='ocrx_word' id='word_1_297' title='bbox 1154 4105 1245 4155; x_wconf 85' lang='lat' dir='ltr'>ubsssc</span> <span class='ocrx_word' id='word_1_298' title='bbox 1268 4107 1304 4155; x_wconf 88' lang='lat' dir='ltr'>ult</span> 
     </span>
     <span class='ocr_line' id='line_1_36' title="bbox 300 4189 1302 4256; baseline -0.004 -14"><span class='ocrx_word' id='word_1_299' title='bbox 300 4197 355 4256; x_wconf 88' lang='lat' dir='ltr'>post</span> <span class='ocrx_word' id='word_1_300' title='bbox 369 4205 425 4240; x_wconf 86' lang='lat' dir='ltr'>cum</span> <span class='ocrx_word' id='word_1_301' title='bbox 439 4193 475 4256; x_wconf 71' lang='lat' dir='ltr'>fir,</span> <span class='ocrx_word' id='word_1_302' title='bbox 494 4192 562 4255; x_wconf 87' lang='lat' dir='ltr'>quod</span> <span class='ocrx_word' id='word_1_303' title='bbox 577 4192 699 4241; x_wconf 84' lang='lat' dir='ltr'>lncllllme</span> <span class='ocrx_word' id='word_1_304' title='bbox 714 4191 917 4254; x_wconf 74' lang='lat' dir='ltr'>intellegaturtll,</span> <span class='ocrx_word' id='word_1_305' title='bbox 936 4190 1045 4239; x_wconf 84' lang='lat' dir='ltr'>dolorem</span> <span class='ocrx_word' id='word_1_306' title='bbox 1056 4191 1121 4253; x_wconf 80' lang='lat' dir='ltr'>pati,</span> <span class='ocrx_word' id='word_1_307' title='bbox 1141 4204 1169 4241; x_wconf 78' lang='lat' dir='ltr'>ex</span> <span class='ocrx_word' id='word_1_308' title='bbox 1189 4205 1219 4240; x_wconf 85' lang='lat' dir='ltr'>eo</span> <span class='ocrx_word' id='word_1_309' title='bbox 1234 4189 1302 4239; x_wconf 86' lang='lat' dir='ltr'>hund</span> 
     </span>
     <span class='ocr_line' id='line_1_37' title="bbox 300 4275 1303 4340; baseline -0.002 -13"><span class='ocrx_word' id='word_1_310' title='bbox 300 4278 438 4328; x_wconf 83' lang='lat' dir='ltr'>dlldeulter</span> <span class='ocrx_word' id='word_1_311' title='bbox 455 4277 538 4327; x_wconf 87' lang='lat' dir='ltr'>audlrl</span> <span class='ocrx_word' id='word_1_312' title='bbox 558 4276 664 4326; x_wconf 84' lang='lat' dir='ltr'>dolorem</span> <span class='ocrx_word' id='word_1_313' title='bbox 681 4277 880 4340; x_wconf 80' lang='lat' dir='ltr'>perpetiendum.</span> <span class='ocrx_word' id='word_1_314' title='bbox 919 4276 968 4325; x_wconf 83' lang='lat' dir='ltr'>Sed</span> <span class='ocrx_word' id='word_1_315' title='bbox 992 4277 1052 4339; x_wconf 84' lang='lat' dir='ltr'>quid</span> <span class='ocrx_word' id='word_1_316' title='bbox 1077 4275 1120 4326; x_wconf 85' lang='lat' dir='ltr'>det</span> <span class='ocrx_word' id='word_1_317' title='bbox 1138 4275 1303 4326; x_wconf 84' lang='lat' dir='ltr'>concluslonl</span> 
     </span>
     <span class='ocr_line' id='line_1_38' title="bbox 301 4362 924 4426; baseline -0.006 -11"><span class='ocrx_word' id='word_1_318' title='bbox 301 4371 325 4415; x_wconf 81' lang='lat' dir='ltr'>ct</span> <span class='ocrx_word' id='word_1_319' title='bbox 343 4368 494 4421; x_wconf 79' lang='lat' dir='ltr'>sententiae.</span> <span class='ocrx_word' id='word_1_320' title='bbox 515 4366 537 4414; x_wconf 84' lang='lat' dir='ltr'>sl</span> <span class='ocrx_word' id='word_1_321' title='bbox 555 4362 626 4413; x_wconf 82' lang='lat' dir='ltr'>allud</span> <span class='ocrx_word' id='word_1_322' title='bbox 645 4368 685 4414; x_wconf 80' lang='lat' dir='ltr'>est</span> <span class='ocrx_word' id='word_1_323' title='bbox 702 4363 775 4426; x_wconf 78' lang='lat' dir='ltr'>quod.</span> <span class='ocrx_word' id='word_1_324' title='bbox 794 4362 862 4412; x_wconf 84' lang='lat' dir='ltr'>allud</span> <span class='ocrx_word' id='word_1_325' title='bbox 881 4362 924 4411; x_wconf 76' lang='lat' dir='ltr'>id?</span> 
     </span>
    </p>
   </div>
   <div class='ocr_carea' id='block_1_10' title="bbox 0 0 1537 5086">
    <p class='ocr_par' dir='ltr' id='par_1_10' title="bbox 0 0 1537 5086">
     <span class='ocr_line' id='line_1_39' title="bbox 0 0 1537 5086; baseline 0 0"><span class='ocrx_word' id='word_1_326' title='bbox 0 0 1537 5086; x_wconf 95' lang='lat' dir='ltr'> </span> 
     </span>
    </p>
   </div>
  </div>
 </body>
</html>
