3030 5086
571 492 745 540 axcuasus
769 492 812 539 vt
1167 474 1231 539 835

155 667 287 724 ablativo
305 666 430 740 primum
450 682 528 734 casu,
547 677 575 722 et
592 664 670 740 apud
685 662 857 723 Ciceronem
876 664 997 738 eiusque
1014 664 1152 738 aequales
1170 664 1234 721 solo

156 747 247 833 [iere]
264 751 405 819 ablativo,
428 750 461 806 fit
478 751 508 805 in
525 749 700 826 pronomine
722 752 890 823 quicumque,
913 750 990 806 idem
1008 750 1146 825 genetivo
1163 767 1233 805 casu

154 838 188 894 tit
209 837 239 894 in
263 841 385 911 quisquc,
409 848 442 891 ut
464 854 517 910 pro
539 840 657 892 cuiusuis
679 845 806 908 ponatur
828 853 893 890 cum
917 834 1006 891 certis
1025 834 1233 904 substantivis3

155 941 237 991 nam,
266 933 299 979 ut
326 939 377 977 eos
405 920 554 987 omittam,
584 920 632 994 qui
657 918 800 978 Cicerone
827 919 1009 994 antiquiores
1031 931 1113 990 sunt,
1144 920 1232 976 etiam

154 1007 233 1084 apud
256 1005 428 1066 Ciceronem
452 1005 649 1079 aequalesque
680 1015 709 1061 ct
736 1008 864 1079 cuiusque
893 1007 967 1062 rnodi
987 1005 1095 1062 dicitur
1116 1008 1162 1077 (ut
1184 1005 1232 1061 hio

155 1093 197 1164 11,
211 1093 230 1149 3
246 1095 330 1148 multu
346 1092 549 1164 cuiusquemodi
564 1101 593 1146 et
607 1091 645 1146 22
663 1091 867 1164 cuiusquemodi
883 1093 1044 1165 uoluptates)
1058 1104 1088 1146 ct
1104 1093 1234 1164 cuiusque

153 1180 259 1253 ceucris
280 1175 354 1249 (Cic.
378 1176 413 1232 R
436 1176 471 1232 Ρ.
494 1175 552 1245 111,
578 1178 626 1245 14,
650 1173 735 1233 Caes.
758 1175 794 1232 Β.
819 1173 857 1232 G.
881 1176 918 1236 V,
946 1176 993 1242 tt,
1016 1176 1051 1232 B.
1077 1173 1109 1234 C.
1133 1175 1158 1242 Ι,
1183 1177 1234 1241 51,

156 1262 277 1324 Sallust.
289 1261 354 1320 Cat.
368 1263 407 1317 ‘24
421 1272 448 1316 et
463 1262 502 1316 28
516 1273 544 1317 et
558 1262 608 1330 40,
632 1258 720 1318 Corn.
734 1263 825 1336 Ages.
839 1261 872 1327 8;
895 1260 1017 1317 Tacitus
1030 1261 1106 1317 Hist.
1121 1261 1177 1323 lv,
1192 1261 1228 1317 51

154 1353 284 1422 cuiusque
310 1348 413 1403 ordinis
430 1345 515 1417 dixit,
538 1341 731 1424 [coniunctim
759 1350 887 1419 cuiusque
912 1349 1017 1420 qenem'a
1039 1356 1064 1402 et
1085 1348 1187 1402 ordinis
1208 1356 1234 1402 ct

155 1436 251 1490 cetuna
269 1432 304 1504 Q.
318 1430 381 1491 Cic.
400 1431 435 1486 de
458 1442 517 1506 pat.
534 1449 615 1488 cons.
630 1430 648 1487 3
661 1444 690 1486 et
703 1425 766 1510 34].
782 1431 808 1504 Ι)
843 1430 902 1489 Sed
925 1450 1000 1505 quac
1024 1443 1176 1506 praeterea
1198 1431 1235 1488 de

156 1517 328 1594 pronomine
362 1520 477 1591 quisquc
510 1529 595 1572 extra
628 1515 782 1572 relativam
813 1516 1055 1591 significationem
1091 1535 1144 1590 pro
1174 1521 1234 1590 qui·

156 1622 276 1677 cumque,
300 1602 356 1658 hoc
378 1612 432 1669 est,
456 1615 488 1657 ut
511 1612 643 1676 apparet,
670 1620 723 1676 pro
746 1592 834 1674 quiuis
858 1601 953 1674 posito
976 1599 1175 1676 proferuntur,
1199 1620 1234 1658 ea

155 1688 253 1764 posita
281 1699 350 1744 suut
376 1686 479 1742 autin
503 1686 666 1742 manifestis
689 1686 802 1742 mendis
825 1698 876 1741 aut
899 1686 928 1742 in
951 1686 1145 1761 apertissimis
1167 1706 1234 1762 gra·

155 1773 343 1846 vissimisque
365 1771 515 1844 erroribus
537 1771 702 1838 hominum,
732 1771 879 1845 quomodo
904 1771 1008 1828 Latina
1037 1772 1151 1828 dicatur
1173 1778 1235 1846 qui-

155 1877 267 1932 cumque
300 1867 351 1914 aut
379 1860 480 1931 quivis,
515 1875 573 1912 non
607 1852 938 1914 auinradrertentiurn.'
966 1857 1109 1914 Maudose
1137 1857 1235 1914 editur

156 1943 233 2019 apud
256 1941 412 2001 Caesarem
437 1942 472 1998 B.
497 1940 537 2000 G.
562 1942 616 2011 VI,
637 1942 692 1997 23:
715 1945 764 2015 qut¹
786 1941 942 2016 (hospites)
965 1961 1073 2016 quaque
1094 1944 1128 1999 de
1149 1963 1234 2000 causa

155 2030 194 2085 cd
215 2048 258 2084 cos
280 2037 415 2096 venerunt,
438 2028 472 2083 cb
494 2029 593 2083 iniuria
611 2028 754 2102 prohibeat
775 2038 935 2101 scrtctosquc
957 2028 1068 2094 babeam
1092 2047 1159 2084 nam
1179 2028 1234 2084 illa

155 2113 323 2170 coniunctio
346 2116 395 2187 qui
415 2131 523 2186 quoquc
544 2114 578 2168 dc
599 2131 684 2169 curua
707 2112 943 2169 distributionem
968 2113 1113 2188 significat
1133 2113 1234 2188 singu·

155 2198 249 2256 larum
273 2216 426 2254 causarum
445 2198 489 2271 (ut
508 2215 573 2255 oum
597 2198 677 2255 dico:
700 2199 840 2255 dixerunt
862 2197 968 2254 deiude
990 2198 1159 2272 separatim,
1182 2197 1232 2272 qui

156 2274 272 2358 quaque
300 2283 336 2338 de
364 2301 396 2338 re
426 2283 507 2339 missi
535 2287 640 2356 eraut).
686 2284 777 2340 Recte
805 2283 920 2338 codices
949 2283 1053 2356 optimi
1082 2283 1177 2354 (Leid.
1205 2287 1233 2353 1,

156 2369 254 2427 Haun.
272 2370 302 2424 A
319 2368 398 2442 apud
421 2367 647 2443 Elberlingium,
672 2368 759 2434 Suel„
785 2367 898 2440 Ursini)
918 2368 1041 2424 babent:
1064 2387 1233 2442 quacumque

155 2455 190 2511 dc
210 2472 302 2510 ceusu.
346 2452 437 2527 Apud
460 2453 595 2509 Tacitum
621 2454 700 2509 Anu.
712 2453 802 2523 XIII,
819 2456 857 2509 14
880 2453 1052 2510 Waltherus
1075 2472 1128 2527 pro
1151 2465 1232 2510 rooto

156 2541 285 2595 naeuius
308 2556 345 2594 ex
368 2538 433 2594 edd.
457 2548 526 2594 vett.
550 2538 676 2613 arripuit
703 2558 735 2594 uc
763 2541 900 2611 cuiusque.
947 2536 1068 2595 Gruteri
1093 2558 1232 2605 errorem,

156 2624 258 2698 quiin
283 2622 415 2682 Sallustii
434 2621 523 2682 Catil.
544 2624 600 2679 cb
624 2642 677 2698 pro
700 2642 744 2693 eo,
769 2623 846 2697 quod
870 2635 949 2679 recte
972 2624 1124 2680 scribitur:
1147 2644 1233 2699 supra

156 2729 239 2783 quom
261 2712 386 2783 cuiquam
408 2709 533 2765 credibile
555 2719 607 2771 cst,
637 2708 729 2765 edidit
757 2708 882 2764 barbare
909 2729 991 2781 quum
1018 2713 1114 2783 cuique
1136 2709 1233 2783 (quasi

156 2794 252 2851 dicas:
269 2799 354 2850 maim
365 2804 403 2849 est
415 2813 496 2868 quom
509 2798 599 2866 quiuis
610 2796 681 2849 alius
697 2813 751 2867 pro
763 2812 807 2860 eo,
826 2793 903 2867 quod
917 2805 974 2849 est:
993 2813 1075 2866 quum
1088 2798 1234 2869 quisquam

155 2881 247 2951 clius),
266 2898 323 2935 nou
342 2878 428 2934 modo
440 2876 643 2943 refellendum,
662 2878 713 2934 sed
731 2897 767 2934 ne
781 2879 940 2934 notandum
954 2878 1070 2952 quidem
1089 2891 1233 2954 putarem,

156 2963 212 3020 nisi
225 2962 287 3020 fere
299 2963 328 3018 in
342 2962 464 3019 eundem
477 2982 571 3038 nuper
583 2962 733 3019 incidisset
747 2963 998 3037 Stuereuburgius
1012 2964 1041 3019 in
1055 2975 1234 3020 commenta·

86 3051 91 3060 '
156 3050 236 3106 tione
253 3049 382 3105 secunda
399 3047 521 3103 editioni
539 3048 680 3104 librorum
700 3050 735 3104 de
753 3048 859 3104 officiis
877 3048 1018 3105 subiecta.
1053 3048 1131 3104 Nam
1155 3049 1233 3123 quod

156 3135 234 3191 ultra
246 3133 412 3190 communia
429 3133 480 3188 illa
498 3151 598 3189 eorum
617 3145 784 3208 praecepta,
802 3133 851 3207 qui
870 3133 1054 3207 pronomina,
1072 3145 1234 3206 quaesunt

156 3223 300 3293 quisquam
324 3231 351 3274 et
376 3221 455 3286 ullus,
479 3229 592 3274 tantum
617 3218 646 3273 in
670 3217 815 3292 negativis
838 3218 991 3274 sententiis
1015 3218 1084 3292 poni
1105 3219 1233 3287 tradunt,

155 3304 293 3380 progredi
317 3303 410 3359 uoluit
432 3321 486 3359 nec
509 3303 676 3377 perspexit,
707 3303 737 3358 in
760 3303 806 3359 his
829 3302 950 3358 vocibus
972 3303 1140 3378 generalem
1169 3322 1233 3360 esse

157 3388 399 3457 affirmationem,
424 3387 572 3463 negationi
596 3388 638 3444 ita
659 3388 852 3458 contrariam,
876 3400 907 3444 ut
931 3388 956 3443 ei
981 3389 1120 3458 sulliciat,
1143 3408 1232 3448 uuum

158 3474 287 3542 uraniae,
311 3473 515 3547 quodcumque
539 3473 585 3537 sit,
609 3492 682 3542 esse,
706 3474 730 3530 si
753 3474 783 3529 in
807 3491 881 3546 quos
904 3473 984 3529 locos
1007 3473 1160 3545 inciderat,
1184 3474 1234 3548 qui

156 3558 292 3633 vulgaria
314 3558 366 3614 illa
388 3559 512 3614 artificia
535 3577 654 3633 prorsus
677 3558 865 3633 respuebant,
889 3558 994 3632 quibus
1018 3559 1179 3615 sententias
1196 3577 1232 3614 ex

157 3643 343 3700 affirmativis
366 3643 517 3718 negativas
540 3642 662 3713 faciunt,
686 3644 767 3700 velut
785 3662 850 3699 cum
870 3644 1044 3700 occurrebat
1062 3643 1134 3699 dict:
1157 3655 1234 3718 turpe

156 3737 205 3797 cst,
228 3727 371 3784 ridiculum
392 3739 440 3795 cst,
463 3747 519 3784 csse
542 3747 710 3803 quemquam,
734 3729 840 3803 partim
865 3729 931 3785 aliis
953 3747 1023 3785 usus
1040 3739 1085 3783 est
1102 3729 1232 3793 auxiliis,

155 3812 186 3868 in
210 3812 246 3869 iis
269 3826 365 3868 autem
389 3812 472 3882 locis,
497 3813 545 3869 ubi
570 3813 611 3869 sic
634 3832 808 3870 concurrere
831 3814 949 3870 videbat
972 3832 1134 3888 pronomen
1157 3818 1232 3887 quis·

156 3918 239 3972 quom
262 3910 291 3954 et
314 3897 469 3953 relativum
493 3900 537 3970 (ut
559 3916 623 3954 cum
648 3899 769 3955 dicitur:
798 3900 871 3954 Mili
887 3909 975 3974 potest
997 3901 1135 3969 accidere,
1158 3901 1233 3972 quod

156 3986 282 4057 cuiquam
299 3990 415 4057 potest),
445 4001 606 4057 pronomen
635 3987 749 4058 quisquc
776 4003 866 4058 prave
894 3984 1046 4041 substituit
1068 3984 1155 4058 idque
1178 4004 1232 4059 pro

155 4135 382 4143 ...—-.—--—---.—

184 4221 206 4279 ¹)
226 4216 275 4264 Pro
290 4217 395 4264 relativo
408 4231 439 4264 ne
453 4216 631 4279 cuiusquemodi
642 4218 742 4280 quidam
758 4233 877 4281 umquam
892 4219 996 4277 dieitur;
1015 4235 1072 4268 nam
1088 4220 1155 4282 quod
1171 4219 1231 4267 olim

225 4287 249 4332 in
274 4286 389 4333 oratioue
412 4300 457 4347 pro
477 4286 570 4333 Flacco
589 4291 621 4333 40
643 4287 787 4347 lugebatur:
814 4286 909 4335 tubulos
931 4286 986 4336 ilios
1005 4287 1084 4350 ipsus,
1107 4287 1231 4350 cuiusque·

225 4352 289 4400 triadi
304 4362 365 4411 sarit,
384 4363 449 4401 recte
468 4364 591 4401 mutatum
610 4366 648 4402 cst
666 4366 691 4403 ct
708 4355 847 4416 evestigiis
866 4357 961 4404 codicis
980 4356 1100 4405 Vaticani
1119 4365 1230 4404 erutum:

225 4420 366 4470 cuicuimodi
381 4431 442 4470 suut.

976 4527 1025 4574 bd*
