3030 5086
464 499 508 545 ar
530 499 612 545 aaa.
636 499 699 544 ara.
724 499 746 545 v
769 499 841 546 car.
860 501 901 547 er.
920 501 1052 566 (aomar
1234 480 1296 545 747

219 668 323 746 legere
346 686 425 744 eum,
448 666 524 748 quid
547 666 604 731 sibi
628 666 791 731 dicendum
813 667 869 745 sit,
890 684 960 730 oum
981 667 1120 731 dolorem
1143 684 1297 731 summum

219 769 333 832 malum
357 787 426 832 esse
449 768 570 831 dixerit.
614 768 734 831 Eadem
760 786 842 832 nunc
863 787 931 832 mea
953 769 1119 833 adversum
1142 779 1173 832 te
1194 768 1296 832 oratio

219 879 275 934 ost.
320 869 407 933 Dicis
430 871 538 933 eadem
561 869 667 933 omnia
694 875 726 932 et
748 869 830 934 bona
857 876 889 934 et
911 869 1008 939 mala,
1038 888 1119 950 quae
1140 868 1295 952 [quidem]

220 973 326 1036 dieunt
353 972 389 1048 ii,
423 971 476 1050 qui
504 965 671 1051 numquam
698 971 917 1052 philosophum
945 960 1078 1052 pictum.
1114 980 1150 1035 ut
1176 971 1297 1049 dicitur,

219 1074 374 1151 viderunt,
398 1071 616 1151 valetudinem,
639 1072 731 1150 vires,
749 1078 911 1151 staturam,
929 1071 1069 1150 formam,
1087 1073 1336 1153 integritatomd

218 1175 454 1256 unguiculorum
477 1173 614 1238 omnium
637 1172 724 1251 bona,
748 1172 987 1253 deformitatem,
1010 1174 1165 1252 morbum,
1187 1173 1297 1239 debili·
1411 1165 1412 1172 '

220 1284 316 1341 tatem
339 1276 430 1339 mala.
481 1276 530 1340 81.
558 1277 625 1339 Iam
652 1274 707 1339 illa
733 1282 862 1339 externa
888 1294 984 1356 parce
1011 1283 1045 1339 tu
1073 1275 1213 1356 quidem;
1241 1276 1297 1341 sed

294 1486 312 1530 1,
332 1478 362 1526 sit
380 1478 502 1527 dicendum
522 1480 542 1526 a
579 1483 601 1527 2.
620 1477 708 1527 maiam
725 1478 786 1526 dizit
804 1480 855 1539 (om
883 1480 985 1536 ΜΕ
1026 1483 1048 1526 8.
1067 1477 1148 1528 datam
1166 1478 1257 1542 quidem
1277 1478 1297 1526 P

220 1564 277 1598 cum
297 1557 356 1596 nota
376 1547 563 1611 transponendi
593 1548 653 1595 Sino
668 1547 739 1595 uneIs
752 1547 795 1596 Or.
833 1555 855 1598 t.
875 1547 895 1594 ii
908 1563 960 1597 om.
971 1546 1083 1598 PCROr,
1101 1547 1128 1596 ti
1136 1547 1156 1596 L
1192 1553 1215 1597 6.
1235 1548 1297 1599 bono

222 1632 270 1666 orn.
290 1631 384 1679 omnes,
404 1616 456 1674 or,
475 1616 516 1665 hic
534 1625 595 1663 nota
613 1615 697 1664 mendi
715 1615 798 1679 posita
836 1619 856 1665 7,
875 1623 900 1664 tu
919 1614 978 1679 qaid
994 1616 1016 1664 E

218 1811 288 1863 artis
309 1810 336 1862 ia
359 1803 539 1881 eloquentior)
562 1802 636 1884 [Sed
658 1805 701 1860 sio
717 1823 839 1879 >quoque
863 1815 985 1861 naturae
1009 1806 1117 1862 mentio
1136 1805 1236 1878 inepta
1253 1813 1299 1861 est

219 1902 251 1949 et
272 1901 335 1949 tota
358 1890 560 1965 interrogatio,
584 1889 721 1963 quoniam
745 1890 775 1946 in
800 1891 950 1965 voluptate
974 1891 1080 1946 bonurn
1100 1908 1163 1946 esse
1176 1889 1297 1965 Epicuri

218 1977 381 2033 constabat.
417 1975 635 2049 Disputationis
656 1993 759 2031 orrrsus
778 1975 852 2030 bane
875 1975 998 2048 requirit
1015 1975 1206 2032 sententiam:
1230 1975 1298 2032 Noa

218 2081 369 2136 quaeram,
393 2079 479 2134 quam
498 2079 569 2116 vera
591 2060 629 2116 sit
651 2060 716 2135 ipsa
735 2060 853 2134 Epicuri
877 2060 913 2116 de
931 2062 1007 2118 bono
1025 2060 1186 2126 sententia,
1209 2078 1298 2133 quae-

221 2167 298 2212 ram,
329 2165 416 2220 quam
439 2145 496 2202 sibi
519 2156 640 2202 constet.
687 2145 731 2200 Ea
757 2144 885 2201 eflicitur
907 2145 1040 2202 detracta
1067 2146 1095 2202 in
1126 2164 1184 2201 uno
1206 2145 1298 2201 verbo

217 2231 415 2306 aspirationer
443 2250 492 2286 car
519 2240 622 2286 tentiam
649 2231 728 2286 abeat
749 2231 820 2302 (tam
845 2231 931 2305 longo
957 2231 1083 2287 anobis
1107 2230 1299 2303 discedentia

220 2327 319 2372 natura
338 2318 411 2382 boni,
431 2317 503 2372 iilud
519 2333 653 2388 urpoeam,
689 2315 755 2371 Hoc
767 2333 844 2372 nune
857 2316 977 2372 invento
995 2326 1025 2371 et
1036 2316 1176 2390 reposito,
1193 2315 1298 2371 omitto

221 2401 370 2467 refellere,
400 2418 475 2474 quae
498 2399 660 2466 Graserus,
689 2400 874 2457 incommodo
902 2399 968 2456 Ioco
992 2400 1158 2456 Phalaridis
1182 2410 1298 2456 taurum

216 2504 381 2553 arcessens,
405 2496 433 2542 et
455 2486 574 2560 Isepins
597 2486 625 2541 iu
650 2484 759 2543 Annal.
784 2484 890 2542 Philol.
909 2486 1046 2542 LXXIII
1071 2504 1099 2559 p.
1119 2485 1179 2541 297
1203 2493 1300 2540 tenta-

220 2581 297 2627 runt.
343 2570 427 2643 Quae
449 2570 519 2627 olim
548 2581 768 2637 annotaveram,
792 2570 907 2644 reliqui,
932 2583 963 2626 ut
986 2580 1151 2646 appareret,
1175 2570 1298 2625 eircum-

221 2657 354 2731 spexisse
378 2665 407 2711 et
429 2655 504 2712 alios
527 2665 556 2710 et
578 2674 634 2725 ma,
657 2655 763 2729 ecquid
786 2674 823 2711 ex
847 2656 944 2712 lrabeat
965 2656 1017 2711 illo
1037 2654 1113 2711 effici
1132 2649 1254 2732 posset]

170 2731 173 2735 ⁵
307 2760 376 2815 qaae
398 2742 505 2814 quatem
528 2743 619 2796 dicuat
641 2743 667 2802 a:
691 2740 753 2816 qm)
770 2740 896 2797 Restitui
920 2760 956 2796 ex
976 2740 1037 2798 art.
1051 2739 1097 2817 [et
1108 2738 1148 2816 B]
1168 2749 1198 2795 et
1217 2739 1299 2795 Leid.

222 2844 399 2901 pronomen,
428 2826 506 2899 quod
529 2825 558 2881 iu
582 2826 637 2881 hac
659 2825 878 2898 comparatione
902 2844 994 2899 paene
1018 2825 1214 2882 necessarium
1239 2833 1298 2890 est;

222 2911 280 2967 vid.
304 2911 341 2966 ad
360 2911 401 2979 II,
415 2912 464 2966 48.
509 2909 587 2982 Quid
611 2910 756 2985 particula
778 2912 887 2983 quidem
909 2911 938 2966 iu
962 2910 1017 2966 hac
1039 2909 1134 2967 forma
1157 2909 1300 2966 orationis

221 2998 335 3066 (endem.
359 3014 429 3069 quae
451 2997 570 3068 quidem)
593 3005 671 3069 agat,
694 2995 803 3053 neseio.
842 2993 883 3072 [B
905 3014 958 3068 qne
979 2996 1035 3068 qa?
1052 2997 1158 3061 dicaam
1181 2994 1301 3051 sustulit

154 3152 161 3160 .
223 3081 360 3138 Baiterus
383 3080 567 3156 particulam,
591 3098 667 3154 quae
689 3080 865 3154 geminando
888 3090 952 3137 orte
975 3077 1117 3155 videtur]

308 3168 500 3223 ualetudinem.
529 3169 598 3221 vires
621 3168 693 3239 oet.)
716 3164 791 3223 Cum
815 3164 920 3222 Cicero
947 3166 989 3222 aie
1017 3165 1179 3240 posuisset:
1208 3165 1300 3220 eadem
1349 3229 1353 3235 ³
1399 3178 1406 3197 ·

223 3255 310 3307 omnio
332 3262 356 3307 et
378 3253 446 3306 borao
465 3261 489 3307 et
508 3253 589 3312 nands,
612 3250 749 3325 exempla
765 3250 918 3324 utriusque
934 3251 1050 3325 generis
1067 3260 1119 3306 aut
1135 3249 1300 3315 coniuncta,

223 3335 309 3392 modo
332 3355 368 3391 ne
392 3337 651 3411 permiscerentur.
681 3335 789 3392 addere
811 3345 942 3410 poterat,
971 3353 1148 3410 quamquam
1178 3334 1300 3407 aliquid,

223 3421 301 3495 quod
324 3420 468 3490 offendat,
492 3421 577 3476 habet
603 3420 770 3476 huiusmodi
792 3421 989 3477 enumeratio:
1017 3422 1208 3482 ualetudinem,
1231 3423 1301 3476 vires
1401 3423 1405 3430 '

223 3539 264 3548 -
287 3509 461 3577 irateqmtutem
484 3508 683 3579 artqot'cuioram
705 3508 829 3569 ornatum,
849 3508 1053 3579 deformitatem,
1077 3514 1149 3574 eet„
1173 3512 1223 3570 aut
1248 3505 1300 3559 bo·

223 3609 327 3647 norum
351 3600 379 3646 et
405 3591 547 3647 malorum
570 3591 707 3665 exempla
729 3590 837 3647 additis
857 3591 903 3647 his
920 3591 1088 3647 nominibus
1105 3589 1300 3664 distIngvere;

223 3677 371 3750 quomodo
394 3677 509 3733 codices
539 3677 615 3732 hunc
638 3676 734 3732 locum
758 3676 899 3751 seriptum
923 3676 1047 3739 habant,
1077 3675 1182 3733 Cicero
1206 3694 1301 3748 neque

223 3761 319 3817 sciens
342 3762 469 3817 scribere
493 3770 606 3834 poterat
630 3780 725 3835 neque
752 3761 782 3817 iu
811 3769 870 3817 tam
894 3773 997 3836 aperta
1019 3771 1049 3817 et
1070 3760 1153 3816 brevi
1177 3760 1302 3834 duplicIs

223 3847 340 3921 generis
363 3866 458 3902 rerum
483 3847 704 3903 enumeratione
722 3846 906 3922 neglegentia
929 3847 958 3902 in
983 3847 1012 3902 id
1031 3845 1170 3902 incidere.
1206 3845 1302 3902 Multo

223 3943 320 3988 autem
340 3932 521 4007 probabilius
539 3943 592 3994 est,
611 3933 678 3987 bona
696 3931 725 3987 in
744 3932 844 3988 codice
861 3931 1021 4007 archetypo
1040 3931 1195 4000 excidisse,
1219 3930 1303 3997 ouius

223 4017 340 4093 generis
359 4017 454 4072 mendi
475 4017 565 4072 multa
577 4017 713 4091 exempla
725 4016 861 4086 vidimus,
879 4035 966 4089 quam
985 4018 1057 4072 mala
1074 4016 1205 4073 additum
1223 4033 1302 4080 esse;

225 4122 290 4158 nam
320 4103 369 4175 qui
398 4103 505 4158 addere
529 4102 640 4176 aliquid
663 4102 767 4159 vellat.
796 4112 954 4175 utrumque
982 4102 1152 4159 addidisset
1197 4102 1302 4173 Itaque

224 4188 359 4244 Lambini
377 4189 585 4255 coniecturam,
609 4206 696 4260 quam
715 4187 802 4243 etiam
815 4187 970 4245 Ernestius
987 4197 1104 4245 secutus
1122 4195 1194 4255 erat,
1219 4203 1303 4260 prae-

224 4273 277 4329 tuli
302 4272 379 4329 Gaii.
404 4273 453 4346 qui
478 4276 550 4328 arnoia
572 4272 663 4328 deleri
688 4272 816 4329 volebat.

311 4360 359 4413 81.
392 4359 450 4414 [aas
476 4360 525 4414 dia
551 4361 675 4431 caterua)
698 4358 819 4415 Transit
841 4357 878 4414 ad
901 4358 1020 4414 tertium
1044 4373 1136 4432 genus
1159 4356 1301 4412 bonorum

225 4455 253 4499 et
277 4444 434 4503 malorum.
463 4461 538 4516 quae
567 4453 652 4499 extra
675 4443 804 4499 animum
828 4453 857 4499 et
879 4460 986 4518 eorpus
1008 4449 1107 4510 erant;
1138 4440 1189 4498 sed
1217 4439 1303 4497 initio
