3030 5086
253 472 316 537 ‘218
643 488 689 534 m:
712 490 842 537 ursinus
864 489 936 537 nos.

253 678 377 733 vescens,
400 678 495 723 unum
517 657 675 739 quoddam
697 658 811 723 bonum
834 658 919 735 vidit,
943 658 999 723 sed
1022 676 1078 724 nee
1099 660 1252 741 optimum
1275 676 1333 724 nec

252 779 314 841 quo
337 760 401 823 vita
423 760 591 835 gubernari
614 760 724 841 possit.
760 762 870 841 ltaque
891 759 942 825 hic
962 761 1031 842 ipse
1052 761 1115 825 iam
1137 760 1262 842 pridem
1283 770 1333 826 est

255 862 400 939 reiectum
429 872 502 942 post
530 862 611 926 euim
633 861 842 944 Chrysippum
868 880 931 927 non
954 882 1033 928 sane
1053 870 1103 927 est
1124 864 1332 945 disputatum

339 965 422 1028 llll'.
454 964 594 1028 Restatis
612 964 708 1045 igitur
725 983 796 1041 vos3
818 983 891 1029 nom
913 983 983 1029 cum
994 964 1190 1030 Academicis
1211 964 1335 1029 incerto

215 1066 236 1130 ὑ
253 1066 381 1130 luctatio
394 1076 452 1143 est,
468 1066 520 1146 qui
538 1065 613 1130 nihil
630 1064 790 1131 elfiunant
805 1076 845 1143 et
862 1066 954 1147 qussi
970 1067 1138 1147 desperato
1154 1066 1335 1148 cognitione

253 1169 342 1232 corti.
376 1168 409 1231 iu
437 1169 526 1249 sequi
554 1168 676 1232 volunt.
710 1169 926 1249 ‹putidemnque
954 1167 1019 1233 veri
1048 1166 1149 1233 simile
1176 1167 1335 1233 videaur.

253 1270 304 1333 44.
328 1269 406 1334 Com
421 1270 556 1351 llpicuro
577 1280 683 1335 autem
700 1270 759 1333 hoe
776 1270 846 1350 plus
863 1278 912 1335 est
928 1270 1055 1351 negotii,
1077 1268 1162 1350 quod
1179 1289 1198 1335 e
1213 1268 1337 1351 duplici

322 1479 337 1520 3
365 1474 463 1523 nitetur
481 1490 540 1524 om.
559 1475 647 1523 relicto
665 1475 757 1539 spatio,
774 1474 795 1522 l:
832 1474 967 1539 [crisippum
985 1473 1015 1540 A}
1052 1480 1076 1522 t.
1097 1472 1179 1540 [unda
1196 1472 1228 1541 A]
1250 1472 1337 1523 tuma

253 1542 276 1590 l]
312 1547 334 1591 5.
354 1541 479 1591 locotioF.
516 1548 538 1591 7.
557 1552 592 1592 ert
606 1542 662 1607 plur
680 1546 723 1595 Or.
761 1542 829 1593 nxC

342 1716 461 1791 Erillus)
478 1717 522 1772 lle
539 1716 625 1772 huiu-
643 1716 798 1772 sententis
821 1735 879 1790 quo
897 1734 1041 1773 summum
1059 1716 1202 1792 sapientis
1220 1716 1338 1773 lnonum

254 1800 284 1857 in
306 1797 342 1871 τῇ
365 1788 506 1874 ἐπιστήμῃ
530 1802 703 1876 ponebatur.
726 1799 813 1857 simul
835 1810 935 1858 sutem
956 1802 1033 1858 olins
1054 1801 1174 1875 qtticlsm
1196 1800 1268 1858 linis
1289 1800 1339 1858 in·

254 1884 353 1942 lenior.
376 1904 434 1959 quo
450 1887 612 1942 eommunis
630 1887 692 1943 rito
709 1898 860 1961 regeretur
876 1876 1046 1959 (errorem-2.
1065 1886 1264 1944 indueebstur
1279 1902 1340 1943 nee

254 1982 351 2027 tannen
380 1971 451 2028 sotis
484 1972 606 2027 tirmiter
633 1972 771 2029 constitui
801 1982 917 2046 poteret
944 1969 1010 2039 (elr.
1040 1972 1089 2029 hie
1115 1972 1171 2041 IV,
1194 1972 1238 2029 40
1266 1988 1339 2027 curn

255 2056 341 2131 lliog.
361 2058 430 2113 l’ll.
454 2058 534 2129 165).
558 2057 766 2113 molliturus
789 2056 808 2113 l.
823 2074 848 2112 e.
866 2077 894 2132 p.
908 2057 1056 2130 oltanq„
1079 2058 1129 2132 qni
1151 2056 1189 2113 ds
1210 2054 1340 2114 nomine

252 2137 305 2213 τῆς
327 2130 499 2205 ὑποτελίὸος
522 2160 579 2197 nou
603 2142 784 2215 comparavit
803 2142 885 2199 soon.
899 2141 963 2198 Eel.
978 2140 1046 2201 Eth.
1070 2163 1098 2218 p.
1115 2143 1154 2201 60
1166 2153 1196 2199 nt
1209 2142 1269 2209 623
1292 2140 1340 2199 ibi

254 2225 330 2281 enim
349 2224 399 2280 elii
417 2244 534 2299 quoque
552 2247 587 2283 eo
605 2227 722 2284 nomine
745 2230 847 2301 {preve
865 2227 943 2283 enim
961 2226 1007 2283 bis
1024 2217 1163 2292 numella·
1178 2226 1340 2299 scribitur)

255 2310 298 2365 nisi
323 2328 387 2365 esse
409 2310 547 2367 dicuntur
568 2330 661 2386 eoque
684 2312 865 2387 significasse
887 2330 937 2368 es.
967 2329 1043 2385 quse
1065 2322 1171 2369 notura
1191 2310 1340 2369 animalis

255 2396 350 2469 primo
378 2406 443 2451 ortu
473 2408 634 2471 appeteret.
678 2397 751 2456 Cum
776 2397 940 2472 Pyrrhonis
968 2408 997 2452 et
1019 2396 1171 2454 Aristonis
1197 2396 1341 2473 explosis

255 2480 367 2553 pridem
396 2482 549 2538 sententiis
579 2481 663 2539 Erilli
691 2483 880 2557 coniungitur
907 2482 996 2538 etism
1024 2481 1061 2537 de
1088 2480 1148 2540 Off.
1177 2482 1197 2539 l.
1220 2498 1250 2541 ο.
1279 2498 1341 2539 nec

253 2565 418 2637 seiungitur
440 2566 533 2622 Aesd.
557 2569 598 2637 ΙΙ,
626 2570 694 2635 129,
717 2568 767 2624 uui
790 2568 853 2625 eius
875 2586 981 2623 nomen
1004 2566 1131 2626 restitui.

334 2660 397 2723 port
413 2656 479 2706 euim
496 2654 690 2729 stirpsrppum)
710 2654 871 2726 llequireot
889 2650 1015 2709 fortasse
1035 2652 1096 2719 alii,
1118 2651 1199 2726 quod
1212 2650 1341 2709 baruth-z

250 2746 313 2809 poet
332 2736 513 2811 Cltrpsippom
536 2742 611 2794 eruin.
653 2738 711 2797 Sed
735 2738 792 2795 Ill.
812 2739 851 2793 36
871 2746 930 2793 est:
948 2746 1060 2812 practer
1080 2740 1147 2793 enim
1170 2746 1227 2793 tres
1248 2738 1341 2795 disct-

249 2821 352 2894 pum..
376 2833 405 2876 et
425 2819 483 2879 off.
496 2824 538 2881 ll.
552 2825 585 2879 ὃς
608 2834 700 2879 contro
722 2834 809 2879 nutem
832 2828 920 2879 omnio
943 2833 972 2878 et
996 2823 1051 2879 tt:
1070 2832 1134 2897 post
1155 2840 1219 2879 vero
1237 2820 1342 2880 Sullae

253 2910 399 2962 victorium.
422 2917 450 2962 et
470 2908 499 2964 ll
518 2908 554 2964 de
567 2909 667 2964 titvtn.
681 2909 736 2964 59:
758 2920 821 2965 orote
842 2927 904 2964 uero
916 2908 1065 2963 ,llnrsieum
1088 2909 1199 2975 bellum
1223 2905 1282 2985 [N.
1295 2906 1339 2967 D.

256 2990 300 3047 ll.
325 2992 379 3046 52:
408 2996 482 3065 r'osm
504 3004 592 3049 orttem
615 2995 697 3051 liutto.
726 2993 762 3049 ud
786 2996 850 3050 Au.
872 2993 930 3059 IX.
955 2994 983 3053 7,
1008 2994 1041 3049 5:
1068 3002 1162 3049 corrtra
1183 2993 1342 3051 mehercule

254 3096 336 3131 nereum
360 3076 511 3154 tulletum}
545 3078 676 3137 Cornelii
694 3078 820 3153 Nepotis
842 3078 939 3134 locum
951 3080 962 3139 t
965 3078 1049 3134 Eum.
1065 3078 1116 3150 13)
1131 3076 1217 3135 addit
1227 3077 1341 3137 mm·-

253 3161 374 3218 hornius
398 3161 452 3219 (ir.
472 3164 536 3219 Lat.
549 3182 575 3239 p.
590 3166 661 3221 477.
697 3163 838 3241 [Saepius
860 3164 902 3219 sie
926 3162 1095 3233 Suetonius,
1117 3162 1176 3221 lul.
1190 3163 1250 3221 46:
1271 3172 1342 3239 post

253 3256 339 3301 autem
369 3251 554 3321 pontificatum
589 3253 748 3305 mortorum.
787 3248 882 3323 Calig.
914 3248 969 3305 51:
1007 3249 1047 3305 od
1077 3266 1140 3305 uero
1171 3246 1340 3323 maloram,

254 3331 366 3387 Domit.
388 3332 434 3388 13.
457 3333 666 3401 Grornm.16;
689 3332 807 3391 Gellius
829 3335 866 3389 V.
894 3336 940 3391 ll.
967 3330 1030 3410 ll.]
1074 3333 1161 3407 Quod
1183 3330 1285 3392 Gaius
1307 3343 1341 3392 et

254 3415 326 3473 Otto
348 3438 398 3471 mm
421 3437 486 3474 sone
508 3419 648 3475 leviorem
672 3419 857 3495 negotionem
875 3419 983 3475 hebere
1001 3419 1203 3493 putent(m'eltt
1219 3420 1340 3477 roudw-

253 3502 332 3573 ltel).
363 3520 450 3574 ‹prrem
474 3504 499 3560 si
522 3523 659 3560 euoenon
683 3505 812 3561 dicatur.
840 3504 904 3560 sine
926 3522 1016 3560 enusn
1037 3504 1173 3579 fingitnr3
1202 3522 1275 3561 nom
1299 3504 1339 3563 tls

253 3586 354 3642 Divin.
378 3587 423 3645 ll.
448 3590 487 3644 ot
511 3599 539 3645 et
562 3590 671 3646 Parsd.
696 3608 825 3663 prooem.
849 3589 866 3644 2
896 3589 969 3646 satis
996 3588 1171 3664 simpliciter
1197 3598 1338 3665 negatur.

339 3671 412 3746 Cup.
431 3674 518 3732 XIV.
542 3676 656 3747 tricosto)
679 3676 766 3731 L'urtu
783 3674 883 3731 letium
902 3673 966 3730 cod.
983 3673 1102 3731 Pithoei
1119 3673 1198 3749 uputl
1216 3672 1338 3746 Gilua„

255 3757 414 3813 Burmanni
428 3758 501 3833 Syll,
517 3759 610 3833 Epist.
627 3760 658 3816 ΙΙ
677 3778 705 3833 p.
719 3760 793 3831 307)
809 3770 838 3815 et
856 3763 945 3815 inrecto
957 3755 1012 3839 [Β]
1030 3778 1046 3815 e
1064 3759 1240 3834 compendio
1256 3768 1337 3817 orta.

253 3841 346 3899 Gzius
370 3848 469 3899 incerto
494 3844 522 3899 in
547 3845 607 3900 Erl.
631 3855 660 3900 et
684 3844 763 3919 Spir.
788 3864 852 3901 esse
874 3842 951 3901 falso
974 3845 1112 3902 ostiumst.

338 3932 388 3984 44.
404 3931 469 4002 plue
480 3929 533 4000 est)
546 3929 591 3985 Ex
604 3939 676 3986 vett.
690 3930 866 4001 quibusdem
879 3929 944 3985 edd.
956 3940 1022 4004 post
1035 3929 1201 3986 Manutium
1213 3940 1254 3985 est
1267 3931 1338 4005 plur

253 4026 446 4088 propagatum
471 4025 524 4070 est.
554 4013 648 4071 Gzius
665 4026 766 4070 norrot
780 4014 879 4083 „Gon
896 4018 921 4071 l.
940 4015 1020 4071 Bos.
1044 4014 1198 4089 editosque
1215 4024 1338 4072 vetem

253 4098 414 4170 permultos
437 4116 502 4154 eum
521 4099 630 4155 Marso.
648 4098 748 4156 Crat‘·
768 4100 876 4156 habere
889 4102 955 4173 plus
973 4104 1069 4173 nepotii
1083 4109 1132 4156 ert.
1166 4100 1288 4157 Marsus
1305 4112 1339 4157 et

253 4178 332 4239 Crat.
345 4183 465 4251 hebent,
478 4183 555 4257 quod
567 4202 632 4240 eum
641 4183 702 4240 Erl.
714 4179 800 4262 [AB]
813 4185 902 4241 eeteri
916 4185 1042 4241 hominis
1055 4184 1139 4242 codd.
1153 4184 1336 4245 habuerunt.

337 4286 351 4323 e
372 4264 476 4343 duplici
493 4287 588 4342 penere
601 4300 638 4311 -
657 4272 825 4343 coniunctus)
848 4270 956 4326 Rarius
977 4274 1102 4343 cooiroipt
1122 4269 1236 4344 aliquid
1259 4270 1338 4329 diei·

252 4359 309 4419 tur,
332 4369 398 4409 enm
420 4353 607 4429 componitur
622 4363 653 4411 et
670 4353 823 4410 conficitur
840 4374 855 4409 e
873 4356 1016 4428 partibus.
1040 4366 1070 4412 et
1087 4354 1214 4413 tortasse
1226 4354 1339 4415 Cicero

252 4438 406 4495 coniunctus
427 4437 471 4495 sie
492 4456 637 4513 nusquam
660 4448 813 4513 praetereo
836 4440 950 4514 posuit.
973 4440 1025 4497 sed
1049 4440 1147 4515 posuit
1170 4444 1279 4499 iunctm
1301 4460 1340 4499 ex
