3030 5086
213 466 275 530 198
604 486 648 530 nn
671 485 802 532 nmmos
825 487 897 531 non.

210 651 333 729 laudat,
368 663 415 729 nt,
448 652 524 733 quid
546 662 712 733 praeterea
737 654 778 718 eit
800 653 927 733 bonum,
961 664 1054 735 neget
1074 673 1110 720 se
1131 671 1226 734 posse
1248 672 1288 717 ne

211 755 363 836 suspicari
380 755 513 836 quidem.
549 758 635 834 Quae
651 755 712 819 iam
729 756 829 819 oratio
847 773 910 820 non
927 776 948 820 a
964 757 1153 838 philosopho
1170 755 1288 837 aliquo,

211 858 267 922 sed
300 876 320 920 a
347 874 477 921 censore
504 857 710 938 opprimenda
738 866 799 935 est3
833 877 894 923 non
928 869 977 923 est
1004 858 1086 924 enim
1114 859 1222 923 vitium
1256 857 1288 922 in

211 959 351 1023 oratione
374 957 487 1036 seium,
517 960 688 1024 sedetiam
712 959 913 1024 inmoribus.
959 960 1128 1025 Luxuriam
1153 980 1213 1025 non
1238 978 1288 1024 re-

171 1061 345 1141 oprendit,
368 1061 460 1125 modo
483 1061 524 1125 sit
546 1079 644 1125 vacua
664 1057 787 1125 infinita
808 1063 979 1142 eupiditate
1001 1070 1033 1127 et
1054 1064 1175 1127 timore.
1221 1062 1290 1126 Hoc

210 1162 278 1227 loeo
301 1163 470 1243 discipulos
493 1182 646 1245 quaerere
667 1163 805 1243 videtur,
833 1170 882 1239 ut,
910 1164 964 1245 qui
986 1163 1068 1228 asoti
1091 1183 1160 1230 esse
1183 1164 1289 1256 velint,

210 1265 386 1346 philosophi
409 1275 482 1327 anto
500 1262 585 1328 fiant.
630 1267 680 1328 31.
703 1266 858 1346 Aprimo‚
882 1275 916 1329 ut
938 1267 1059 1348 opinor,
1082 1267 1289 1331 animantium

210 1376 283 1430 ortu
306 1367 422 1447 petitur
446 1366 532 1447 origo
556 1366 665 1429 summi
689 1367 770 1431 boni.
815 1368 909 1432 Simul
933 1376 1028 1449 atque
1050 1378 1157 1433 natum
1173 1365 1290 1432 animal

210 1477 267 1539 est,
290 1469 405 1549 gaudet
428 1467 588 1547 voluptate
610 1477 641 1531 et
664 1488 732 1532 eam
755 1471 878 1549 appetit
898 1479 933 1534 ut
952 1471 1075 1546 bonum,
1096 1479 1290 1550 aspomatur

153 1572 193 1635 10
211 1571 351 1635 dolorem
374 1578 409 1633 ut
431 1569 553 1632 malum.
588 1569 635 1634 De
658 1570 747 1634 malis
769 1581 872 1636 autem
895 1581 927 1636 et
948 1572 1038 1637 bonis
1054 1572 1095 1635 ab
1112 1571 1149 1634 iis
1165 1571 1289 1635 anima·

210 1672 304 1748 libne,
338 1691 417 1754 quae
446 1672 581 1736 nondum
615 1673 788 1752 depravata
821 1673 897 1750 sint,
930 1674 975 1738 ait
1002 1674 1119 1754 optime
1146 1672 1290 1737 iudicari.

210 1777 297 1839 Haec
319 1783 350 1838 et
372 1782 406 1836 tu
429 1774 472 1837 ita
494 1774 625 1854 posuisti
649 1783 680 1838 et
702 1776 799 1838 verba
816 1786 921 1838 vestra
943 1785 1024 1838 sunt.
1069 1777 1171 1855 Quam
1191 1774 1291 1839 multa

211 1876 336 1940 vitiosa!
370 1874 528 1939 Summum
553 1875 634 1939 enim
651 1876 765 1940 bonum
782 1885 814 1940 et
830 1876 944 1939 malum
963 1877 1092 1957 vagiens
1115 1896 1194 1958 puer
1216 1888 1291 1941 utra

210 1977 370 2057 voluptate
391 1976 586 2053 diiudicabit,
616 1986 720 2041 stante
741 1997 781 2041 an
806 1979 970 2042 movente?
998 1978 1159 2059 quoniam,
1189 1980 1214 2042 si
1238 1979 1290 2043 dis

153 2081 325 2162 reptaret,
353 2079 393 2143 ab
416 2079 551 2159 Epicuro
581 2079 663 2160 loqui
688 2080 845 2144 discimus.
890 2080 920 2144 Si
944 2090 1062 2156 stante,
1092 2080 1151 2144 hoc
1173 2088 1292 2144 natura

210 2182 353 2247 videlieet
370 2180 444 2258 vult,
463 2180 581 2245 salvam
600 2199 729 2261 essese,
753 2182 838 2262 quod
856 2182 1069 2260 concedimus;
1092 2183 1118 2245 si
1135 2190 1292 2259 movente,

286 2377 302 2416 Ι.
322 2370 403 2417 benum
421 2367 491 2416 u'tL
526 2386 567 2416 nec
586 2368 608 2416 F,
653 2377 674 2416 ³.
694 2367 769 2416 solum
787 2368 810 2416 r'n
828 2368 935 2417 eratione
953 2367 1051 2417 LMCR
1098 2374 1119 2417 5.
1140 2367 1207 2417 modo
1225 2368 1249 2417 si
1265 2368 1291 2416 E

211 2443 226 2485 8
254 2437 357 2486 ertimaie
378 2434 450 2504 [ΑῙΕ
490 2441 526 2487 to.
549 2435 581 2503 [et
599 2435 746 2502 rtrulunrsi']
782 2437 872 2487 11·ch
911 2441 946 2484 tt,
970 2437 1076 2503 {contri}
1107 2435 1289 2504 [iudicarem]

218 2514 252 2554 ta.
271 2523 346 2569 quare
363 2506 421 2569 (pro
439 2518 520 2567 quom)
540 2506 560 2553 C
579 2522 722 2568 qrranrquam
744 2507 764 2553 R
798 2505 892 2555 multum
912 2507 934 2554 R
993 2514 1026 2554 tt.
1051 2515 1106 2555 ante
1128 2510 1185 2570 (pro
1202 2514 1247 2561 ont
1266 2506 1290 2553 E

212 2575 249 2640 [A.
269 2577 318 2623 Sed
341 2575 452 2636 „syllaba
476 2582 498 2621 te
522 2585 779 2634 antemuranum,
807 2575 914 2624 fortasse
934 2594 948 2623 a
966 2590 1015 2624 aee.
1034 2574 1093 2640 ην]
1139 2572 1292 2638 ἅύιρίἰεοεἘ

215 2649 243 2690 15
272 2642 382 2691 du'acr'nrue
400 2640 506 2706 qurtiE
548 2648 574 2690 16
602 2641 686 2691 videlic
705 2644 726 2691 1:

211 2817 336 2885 tionem,
371 2833 428 2872 non
454 2817 614 2891 philosopho
642 2850 681 2859 —
709 2821 825 2885 οεηεονί,
860 2817 915 2873 hoc
942 2817 1060 2890 quidem
1089 2817 1155 2872 loeo
1183 2814 1292 2873 Cicero

212 2902 301 2970 dixit,
331 2902 409 2975 quod
433 2919 506 2971 non,
535 2901 572 2957 ad
601 2902 684 2958 euius
706 2899 835 2958 officium
860 2901 915 2957 hoc
938 2904 1097 2976 pertineat.
1126 2901 1177 2957 sed
1205 2901 1292 2957 cuins

212 3007 303 3061 opera
330 2988 366 3043 ad
390 3006 454 3042 earn
478 3006 538 3043 rem
562 2986 701 3043 utendum
726 2989 781 3051 sit,
812 2987 967 3063 signifieat.
1014 2986 1130 3045 Similia
1152 2986 1292 3062 exempla

212 3085 280 3130 aunt
302 3072 380 3147 apud
404 3072 519 3129 Livium
544 3072 656 3134 XLIV,
682 3073 801 3141 2212,
826 3074 967 3131 Senecam
994 3072 1046 3146 iip.
1067 3073 1116 3138 65,
1131 3073 1159 3138 3,
1182 3072 1290 3130 quen.

212 3160 285 3223 XII,
313 3160 360 3215 14.
407 3157 470 3214 Nec
494 3166 591 3213 tamen
614 3157 643 3213 id
666 3158 703 3214 ad
726 3177 827 3213 ornnes
850 3158 947 3226 loeoa,
978 3158 1006 3214 in
1031 3157 1138 3231 quibua
1165 3158 1200 3213 ab
1222 3175 1290 3213 curn

211 3244 374 3319 gerundivo
397 3242 593 3317 coniungitur,
618 3241 770 3319 pertinet]

299 3328 348 3385 31.
382 3328 469 3395 eram
493 3330 589 3401 multo)
617 3328 787 3402 (Zoarrrqrrern
810 3331 893 3384 emta
917 3327 1025 3385 Gud.1
1046 3337 1075 3383 et
1093 3328 1170 3391 Bao,
1193 3346 1291 3401 qnam·

212 3435 294 3489 qnam
321 3416 432 3470 nndtum
460 3411 538 3471 Gud.
564 3414 591 3468 2.
636 3415 745 3470 Veram
776 3414 950 3488 scripturam
979 3414 1016 3469 ab
1045 3412 1126 3469 Aldo
1154 3413 1292 3470 Manutio

211 3510 380 3557 revocatam
397 3498 572 3555 confirmant
588 3517 644 3574 mg.
658 3498 747 3567 Crat„
770 3499 835 3555 cod.
847 3499 934 3561 Mor..
953 3498 1030 3574 Spir.
1044 3494 1108 3577 [8],
1132 3507 1292 3571 tenentque

211 3586 301 3643 toeite
324 3584 423 3652 Grut,
450 3584 535 3651 Dan,
559 3582 638 3642 Oxx.

298 3681 441 3727 stantona
464 3670 593 3743 monente)
616 3669 685 3727 Vid.
707 3669 744 3725 ad
767 3670 792 3736 1,
817 3669 866 3726 37.
914 3670 1045 3727 Stantem
1070 3679 1100 3726 et
1122 3678 1289 3725 moventem

213 3756 317 3815 Cicero
345 3756 472 3832 dixiret
495 3755 648 3811 brevitatis
671 3773 760 3810 carrea
783 3774 836 3829 pro
860 3774 909 3819 ea,
939 3774 1014 3829 qnae
1044 3755 1072 3810 in
1101 3764 1179 3811 statu
1207 3763 1237 3810 et
1259 3753 1289 3810 in

213 3854 294 3899 motu
322 3853 414 3907 esset,
448 3841 541 3897 altero
576 3839 732 3914 participio
760 3838 945 3896 intransitive
975 3850 1073 3904 utens,
1108 3850 1140 3896 ut
1167 3839 1218 3899 iis.
1253 3838 1290 3896 de

213 3928 320 4002 quibua
342 3927 378 3983 ad
403 3927 432 3994 Ι,
457 3927 495 3982 69
520 3925 628 3981 dictum
653 3935 711 3991 eet3
740 3925 921 3982 commodius
944 3924 1006 3981 fere
1030 3925 1110 3981 dicas
1134 3924 1288 3981 motoriam

214 4025 243 4068 et
270 4013 440 4080 statarium,
470 4011 728 4084 grammaticorum
760 4009 924 4067 fabularum
954 4011 1152 4067 scaenicorum
1181 4028 1290 4086 genera

213 4098 406 4153 dividentium
430 4096 577 4172 exemplo.
619 4095 745 4173 [Eodem
771 4096 857 4152 mode
879 4097 905 4152 T
909 4115 968 4153 use.
992 4098 1047 4162 lv,
1073 4095 1112 4153 30
1137 4096 1290 4171 perturba·

213 4183 307 4240 tiones
335 4183 472 4239 dicuntur
500 4200 563 4238 ease
585 4185 735 4256 affectiones
758 4179 912 4256 mecanica]
957 4182 1027 4237 Mox
1052 4178 1198 4255 ornnea(?)
1221 4179 1289 4237 Gzii

212 4269 296 4325 codd.
320 4264 374 4347 [B]
396 4271 422 4323 ei
442 4269 572 4342 displicet.

299 4354 347 4410 doc
380 4363 478 4409 natura
507 4355 625 4409 videlicet
654 4354 723 4424 vult)
758 4352 807 4419 Id,
842 4352 920 4425 quod
955 4351 1100 4425 Epicurus
1129 4350 1290 4426 voluptatis

213 4439 341 4496 studium
370 4439 595 4513 interpretatur,
624 4437 698 4494 nihil
726 4456 790 4494 eece
818 4437 897 4493 aliud
927 4437 1031 4494 Cicero
1060 4436 1131 4493 dicit
1159 4435 1290 4509 niai'sui
