3030 5086
1315 362 1327 387 0

452 425 497 471 nn
520 424 600 471 unu.
624 424 687 470 nm.
709 425 722 470 1
745 425 818 471 cau.
843 427 916 472 r-s.
931 427 1066 485 (oa-ao.)
1258 406 1301 472 59

214 592 368 657 uocusm
390 574 502 661 losse
522 593 705 657 instructior
727 595 791 673 (est
811 594 909 672 enum,
938 594 1026 675 quoa
1051 593 1108 663 sor
1131 592 1178 659 ua
1199 592 1301 657 oues

216 711 349 760 necesse
370 704 432 771 est,
455 713 516 758 nou
540 695 618 758 satis
640 686 756 775 politus
778 695 816 758 iis
840 695 975 774 artibuS,
1001 712 1083 779 qaas
1105 695 1159 790 qui
1180 702 1295 773 tenent,

217 797 336 860 eruditi
363 796 591 876 appellantur),
624 802 680 860 aut
712 815 752 862 ne
785 797 1004 862 deterruisset·
1018 796 1098 863 alios
1129 817 1150 861 a
1176 797 1298 861 studiis.

217 898 416 979 Quamquam
437 905 469 962 te
491 897 615 978 quidem
638 897 730 962 video
753 900 878 963 minime
900 917 971 963 esso
990 898 1186 965 deterritum.

305 999 390 1084 VIII
424 1000 513 1079 Quae
533 1017 603 1063 aum
625 999 780 1076 dixissem,
803 1001 902 1081 tnagis
923 1006 959 1064 ut
977 998 1066 1065 illum
1084 1017 1299 1082 provocarem,
1313 1001 1339 1065 b

217 1118 319 1181 quam,
335 1109 372 1164 ut
392 1099 462 1182 ipse
483 1101 643 1182 loquerer,
671 1110 737 1165 turn
765 1102 907 1166 Triarius
929 1101 1041 1169 leuiter
1063 1103 1221 1167 arridens:
1250 1103 1300 1166 Τιι

218 1202 362 1283 quidem,
394 1203 510 1284 inquit,
544 1210 642 1266 totum
671 1201 840 1283 Epicurum
868 1221 970 1283 paene
996 1190 1299 1290 e·.philosoph‹›rum

218 1303 316 1369 choro
337 1303 501 1369 sushulisti
552 1303 635 1384 Quid
658 1304 686 1367 ei
714 1304 866 1385 reliquisti
894 1304 953 1368 uisi
981 1306 1180 1386 te,'·quoquo
1207 1305 1300 1369 modo

217 1405 415 1487 loqueretur,
437 1405 630 1488 intellegere,
653 1405 728 1486 quid
749 1406 889 1470 diceret?
932 1401 1045 1493 Aliena
1065 1405 1143 1470 dixit
1165 1406 1197 1469 in
1220 1406 1299 1487 phy-

217 1507 306 1584 sicis,
333 1525 392 1573 neo
416 1524 457 1572 aa
482 1507 569 1588 ipsa,
597 1524 680 1588 quae
709 1506 764 1571 tibi
786 1506 1007 1588 probarentur,
1052 1507 1085 1571 Si
1114 1526 1177 1588 qua
1203 1508 1234 1571 in
1259 1507 1299 1572 iis
1319 1509 1360 1574 10

293 1698 313 1744 1.
332 1693 564 1743 oaffltcmcor
597 1693 726 1743 t'taomil
762 1698 776 1741 3
801 1695 882 1742 novus
916 1693 1041 1757 lquidli
1071 1699 1084 1740 6
1108 1703 1132 1743 to
1151 1693 1298 1743 Tra‘an'usE

220 1760 316 1828 [leniter
338 1760 372 1829 A]
397 1770 444 1810 lara
467 1760 562 1825 quidem
583 1770 655 1811 totam
677 1761 752 1825 inquit
772 1763 792 1809 E
847 1767 861 1809 8
893 1762 958 1811 thoro
979 1763 1006 1809 E*
1038 1761 1139 1829 [quoque
1161 1761 1229 1811 modo
1247 1761 1296 1829 ΑΙ]

218 1846 312 1893 quoque
329 1838 354 1878 ut
373 1827 399 1878 id
415 1828 483 1878 modo
498 1829 617 1879 LPMCR
653 1835 675 1879 9,
695 1830 753 1878 dicit
772 1829 890 1879 LPlllCR
928 1836 965 1881 10.
988 1830 1053 1897 [ona
1071 1848 1100 1880 ea
1119 1829 1149 1897 Α]
1189 1831 1220 1879 Si
1236 1847 1298 1894 quae

218 1898 264 1948 Or.
300 1897 344 1947 aed
359 1899 383 1947 ai
398 1915 448 1961 qua
467 1898 586 1948 LPMCll
619 1897 656 1947 liu
677 1897 855 1965 [naccam.

216 2089 244 2128 e.
273 2072 308 2127 ru
342 2085 371 2127 et
402 2072 439 2128 na
474 2070 536 2143 (uus
571 2091 596 2145 p.
622 2072 700 2127 roos
733 2072 758 2128 u
791 2072 833 2127 uc
867 2071 1074 2146 distinguenda
1104 2072 1216 2130 orario:
1251 2057 1295 2148 ἄρ’

221 2148 275 2212 oria
294 2143 330 2212 tir
347 2150 417 2213 εἶπε·
444 2157 518 2220 Τοῖς
528 2149 665 2228 Σαμίοις,
689 2143 711 2211 oi
730 2153 850 2222 Μοῦσα,
864 2149 918 2223 Ι’τίς
935 2147 951 2211 ὁ
968 2142 1103 2227 φθόνοις
1124 2149 1298 2230 Ἀθηναίων

218 2231 277 2317 γὰρ
300 2229 394 2295 elideri
417 2234 519 2317 πρέπει
541 2258 566 2295 κ.
589 2257 614 2296 c.
639 2237 680 2303 L:
704 2240 885 2316 significatur
909 2241 1029 2315 Epicuri
1053 2243 1169 2314 patria).
1216 2241 1298 2314 Quas

218 2335 299 2381 artes
327 2324 431 2382 Cicero
459 2325 624 2400 intellegat,
659 2334 741 2400 patet.
768 2344 804 2381 ex
833 2326 1004 2382 Athenaeo.
1039 2337 1101 2382 turn
1130 2325 1297 2382 distinctius

219 2410 328 2467 dicitur
349 2411 377 2466 h.
400 2410 466 2466 libr.
492 2412 542 2468 72.
588 2410 737 2469 Invidioae
764 2411 779 2466 I
804 2411 840 2470 N.
867 2412 903 2467 D.
928 2412 967 2467 72
995 2413 1111 2485 pueriles
1139 2412 1298 2486 disceptatae

218 2495 358 2570 appellat.
404 2492 490 2574 [Mox
514 2498 562 2552 tibi
582 2499 619 2552 ito
642 2514 679 2551 ex
704 2495 813 2552 ABErl
845 2492 1038 2574 restitutum]

306 2580 379 2654 Cap.
404 2581 491 2638 VIII.
541 2581 614 2649 Quid
641 2587 666 2636 ei
691 2582 835 2654 reliquisti)
861 2582 926 2637 Non
956 2582 1060 2637 inscite
1084 2581 1225 2637 orationis
1249 2598 1298 2636 co·

219 2665 402 2721 haerentiam
427 2667 584 2722 ostendunt
607 2665 685 2724 Oxx.
710 2660 752 2733 Εξ
774 2666 951 2722 scribentes:
975 2668 1044 2740 qnid
1065 2670 1132 2722 enim
1156 2669 1295 2740 reliquisti.
1383 2728 1390 2740 ,

306 2769 412 2825 quinquo
434 2752 524 2821 modo)
548 2751 598 2808 Sic
620 2752 708 2807 etiarn
734 2770 790 2826 nug.
815 2751 905 2817 Crat,
930 2752 1020 2827 Spir..
1033 2748 1097 2831 [B]
1122 2751 1166 2807 El.
1181 2753 1208 2818 2,
1233 2749 1296 2806 cod.

218 2835 316 2900 Vict,
346 2836 375 2891 id
399 2846 456 2892 est..
486 2837 597 2910 optimi.
642 2837 756 2904 Ceteri,
785 2854 908 2910 quorum
936 2837 969 2892 fit
999 2837 1121 2897 tuentio,
1150 2848 1180 2892 ut
1205 2835 1297 2892 nostri

218 2921 389 2977 deteriores.
442 2920 618 2978 Coniectura
651 2941 752 2978 veruun
786 2921 940 2978 invenerat
968 2922 1134 2989 Manutius,
1168 2939 1233 2977 curn
1268 2921 1298 2976 in

219 3005 322 3063 Maffei
352 3006 427 3062 libro
456 3016 533 3061 osset
567 3005 614 3083 [ut.
643 3007 672 3062 in
702 3003 765 3069 A¹.
800 3015 875 3062 teste
910 3007 966 3062 iam
1000 3004 1159 3082 Grutero]:
1194 3024 1299 3080 puroque

218 3093 308 3146 otrodo.
353 3091 470 3147 Morelii
494 3091 556 3146 cod.
580 3112 683 3165 quoque
707 3103 734 3147 ut
757 3094 842 3150 niodo.

307 3176 402 3231 Alieno
424 3177 507 3249 dioto)
531 3177 580 3232 Sic
603 3175 692 3233 etiarn
714 3178 776 3233 Pal.
793 3181 820 3240 l,
845 3177 933 3252 Spir.,
956 3173 1021 3256 [Ε]
1046 3177 1114 3234 Bas.
1129 3176 1238 3243 Ceteri,
1263 3176 1298 3230 da

219 3261 328 3334 quibus
353 3271 483 3328 constat,
512 3263 591 3325 dicit,
620 3262 697 3335 quod
727 3263 841 3318 etiamsi
872 3281 929 3317 non
959 3262 1135 3335 optimorum
1165 3261 1298 3317 codicum

220 3346 391 3403 testimonio
419 3347 657 3414 convinceretur,
691 3355 787 3402 tanuen
822 3348 850 3402 iu
883 3352 935 3402 hac
964 3347 1046 3402 brevi
1076 3346 1300 3403 coacervatione

219 3431 291 3488 ferri
315 3431 511 3504 inaequalitas
534 3440 697 3505 temporum
723 3451 778 3487 non
803 3442 917 3506 posset,
948 3449 1002 3488 nec
1032 3432 1061 3487 in
1090 3433 1146 3487 hac
1174 3449 1299 3486 comme·

221 3517 385 3572 moratione
410 3517 573 3590 praesentis
597 3517 696 3572 iudicii
714 3518 864 3572 excusari:
888 3520 959 3574 dc'cit.
978 3537 1049 3590 queue
1067 3552 1100 3557 -
1109 3517 1299 3591 probarentur.

308 3602 342 3657 Si
362 3604 431 3674 quta)
456 3603 505 3660 Sic
529 3605 598 3674 (uon
622 3608 703 3675 quine)
728 3602 790 3657 Pal.
818 3605 831 3657 1
857 3613 887 3657 et.
910 3604 950 3678 [B
973 3600 1018 3678 et]
1041 3601 1300 3673 Erl.,‚ediditque

220 3685 369 3743 Gruterus
392 3697 421 3742 et
444 3699 510 3762 post
536 3688 683 3756 Davisius,
708 3687 743 3742 de
766 3687 916 3743 codicibus
939 3697 1048 3743 tacens.
1094 3687 1127 3743 Si
1143 3706 1212 3759 quoae
1229 3686 1301 3742 Bre-

221 3771 298 3827 mius
314 3791 369 3832 ,ex
387 3773 561 3844 quibusdam
581 3773 683 3828 libris“
705 3772 778 3846 {ipse
802 3772 898 3829 nullos
915 3773 1031 3828 codices
1049 3772 1173 3843 hahuit),
1198 3770 1302 3840 Gzius,

221 3857 301 3930 Spir.
324 3866 353 3913 et
377 3858 444 3913 Bas.
468 3867 558 3912 testes
581 3858 688 3926 citans3
718 3859 766 3912 sed
792 3860 818 3912 ai
844 3876 914 3930 quta,
943 3857 1021 3930 quod
1050 3866 1137 3913 antea
1160 3857 1303 3912 edebatur

221 3941 291 4012 (nisi
315 3943 393 4015 quod
417 3942 535 4015 quidam
560 3945 608 3997 sel
629 3946 654 3997 si
674 3943 755 4016 quoe)
776 3940 854 3999 Oxx.
878 3961 989 3998 omnes.
1012 3953 1091 3998 certe
1114 3944 1162 3998 sed
1184 3947 1223 4010 si3
1247 3942 1302 3998 hoc

220 4027 310 4082 eliam
335 4026 441 4084 Gziani
467 4038 584 4101 praeter
607 4028 666 4083 Erl.
692 4038 721 4083 et
739 4027 816 4100 Spir.
869 4028 914 4083 Da
943 4027 1112 4083 discrimine
1141 4026 1301 4083 formarum

220 4112 339 4168 illarum
363 4113 448 4187 plura
472 4112 545 4185 legi,
569 4131 655 4186 quam
679 4132 725 4168 res
750 4113 930 4182 merebatur,
961 4112 1049 4180 nihil,
1081 4112 1159 4185 quod
1183 4130 1240 4167 non
1265 4131 1303 4167 ex

222 4215 282 4253 uno
305 4198 436 4253 alterove
465 4198 529 4254 loco
558 4198 620 4254 sine
649 4216 738 4253 causa
760 4208 909 4272 arreptum
940 4206 991 4253 aut
1018 4198 1047 4252 in
1077 4215 1112 4253 eo
1144 4197 1209 4270 ipso
1237 4196 1303 4252 loco

223 4292 275 4338 aut
297 4283 326 4339 in
351 4283 488 4357 proximo
506 4301 523 4338 a
541 4283 690 4339 codicibus
708 4292 889 4357 argueretur,
914 4300 1002 4356 saepe
1020 4273 1120 4338 etiam'
1132 4282 1191 4338 talo
1215 4295 1302 4345 esset,

222 4377 257 4424 ut
279 4367 330 4424 illa
352 4368 493 4424 celeriore
521 4377 572 4425 aut
598 4368 737 4444 'spissiore
766 4368 1005 4442 pronuntiatione
1034 4367 1192 4442 significari
1223 4366 1303 4422 nullo
