3030 5086
421 482 464 528 ar
489 482 568 528 nna.
592 482 655 527 nm.
678 482 700 526 11
724 482 796 529 our.
817 485 858 532 ar.
877 480 1071 545 (ror-10³.).
1207 467 1272 532 315

194 672 288 716 unum
311 656 436 717 secutus
459 657 515 714 est.
562 650 631 714 103.
656 650 747 726 Quod
769 651 795 715 si
813 651 880 716 dies
897 653 1053 716 notandus
1069 649 1137 731 fuit,
1160 670 1271 718 eumue

193 755 312 835 potine,
341 759 532 833 quonimus,
555 771 596 816 an
619 770 704 829 eum,
727 770 788 832 quo
817 752 943 833 sapiens
964 752 1066 818 factus
1088 755 1157 819 esti
1199 754 1272 820 Nou

193 854 310 936 potuit,
337 853 474 935 inquies,
503 851 571 919 fieri
593 853 733 933 sapiens,
756 854 816 919 nisi
838 861 931 919 naurs
953 863 1044 920 esset
1088 857 1154 921 Isto
1177 857 1270 922 modo

263 1080 285 1127 l.
303 1074 400 1139 quidE
437 1074 572 1137 cumquei}
608 1078 631 1125 ³.
651 1081 718 1123 esset.
754 1073 787 1124 Et
804 1075 850 1124 isto
868 1090 963 1135 ornnes,
981 1074 1025 1127 Or.

281 1282 351 1340 103.
386 1280 512 1349 Quodsi
532 1282 590 1338 dies
611 1282 745 1338 notandas
761 1285 833 1354 snit,
856 1301 948 1339 eamne
965 1281 1071 1359 potius)
1093 1283 1187 1341 Plane
1210 1301 1271 1340 me·

193 1367 335 1424 morabile
358 1366 525 1441 exemplum
548 1366 604 1422 hoc
627 1374 672 1423 est
694 1366 836 1424 orationis
853 1367 895 1424 sic
914 1376 1051 1440 structae,
1075 1377 1109 1425 ut
1124 1368 1271 1444 posterior

193 1470 261 1528 pars
283 1471 341 1509 non
364 1452 401 1508 ad
424 1450 531 1527 prioris
553 1450 688 1521 formam,
712 1451 763 1508 sed
786 1452 822 1508 ad
845 1452 933 1509 aliam
956 1452 1033 1510 idem
1056 1454 1270 1529 significantem

193 1537 443 1613 accommodetur;
471 1555 539 1593 nam
568 1555 605 1592 ex
633 1536 685 1592 illo
707 1539 841 1594 notandus
857 1540 916 1612 fait
937 1538 1062 1595 sumitur
1083 1543 1173 1596 notari
1192 1558 1270 1615 opor-

194 1626 250 1680 tuit.
295 1621 439 1680 Similiter
461 1621 491 1677 in
514 1621 617 1677 Laelio
641 1622 680 1677 74
706 1640 743 1677 ex
765 1622 928 1698 gerundivo
951 1641 1010 1680 non
1034 1623 1164 1680 eiusdem
1187 1623 1272 1682 verbi

193 1707 369 1776 infinitivus,
399 1706 450 1763 sed
478 1706 541 1763 sola
569 1705 744 1781 significatio
766 1708 849 1764 verbi
877 1718 979 1783 oportet
1000 1708 1038 1765 ad
1060 1709 1151 1766 alium
1174 1708 1272 1767 inlini·

193 1794 286 1850 tivum
309 1792 441 1848 auditur:
472 1792 583 1849 Omnino
610 1794 743 1849 amicitiae
769 1793 948 1851 corroboratis
974 1796 1029 1850 iarn
1055 1796 1271 1868 confirmatisque

193 1889 217 1935 et
244 1880 363 1951 inperiis
381 1886 406 1933 et
432 1878 564 1933 aetatibus
592 1879 800 1935 iudicandae
827 1888 918 1949 suat,
947 1897 1007 1948 nec,
1040 1882 1066 1936 si
1093 1883 1142 1953 qui
1167 1883 1271 1936 ineunte

114 1982 118 1991 ’
193 1973 278 2020 aetate
300 1963 416 2019 venandi
436 1972 485 2018 aut
500 1965 577 2037 pilae
598 1963 713 2019 studiosi
727 1965 856 2036 fuerunt,
885 1983 928 2020 eos
956 1964 1081 2021 babere
1107 1967 1271 2022 necessarios

194 2049 349 2125 (oportet),
378 2067 445 2123 quos
473 2058 527 2103 tnm
555 2049 645 2104 eodem
673 2049 762 2104 studio
785 2051 927 2123 praeditos
955 2051 1114 2106 diieaerunt.
1158 2049 1269 2108 Eadem

192 2134 306 2190 ratione
330 2133 401 2188 heco
424 2131 625 2206 Quintilianus
648 2132 765 2208 scripsit
787 2135 842 2204 IV,
867 2135 895 2204 5,
921 2134 976 2191 20:
1004 2134 1145 2203 Quaedam
1166 2138 1270 2192 interim

192 2239 239 2275 nos
261 2228 286 2274 et
306 2220 395 2274 invitis
417 2219 593 2291 litiqatoribus
615 2220 843 2275 simulandum
865 2229 915 2276 est
937 2221 1051 2277 dicere
1073 2221 1160 2295 (qnod
1180 2220 1271 2278 Cicero

188 2323 241 2380 pro
273 2303 392 2360 Circentio
412 2306 486 2377 facit
514 2307 586 2360 eirca
614 2305 781 2362 iudiciariam
811 2307 918 2378 leqem),
948 2325 1161 2379 nonnumquam,
1191 2309 1273 2380 qnasi

191 2390 387 2463 interpellemur
414 2389 449 2444 ab
476 2391 523 2457 iis,
551 2389 742 2446 subsistere
770 2391 925 2465 (oportet);
953 2410 1033 2465 saepe
1060 2392 1206 2447 avertenda
1233 2393 1272 2449 ad

191 2478 263 2549 ipsos
286 2477 371 2529 oratio
393 2483 449 2532 cet.
491 2474 580 2544 (Nam
603 2474 747 2532 subsistere
769 2494 817 2530 nos
839 2493 897 2532 non
921 2475 1103 2545 simulamus,
1127 2476 1178 2532 sed
1202 2494 1270 2534 vere

191 2559 384 2615 subsistentes
411 2558 584 2615 simulemus
612 2577 664 2615 nos
686 2559 892 2635 interpellari.)
938 2556 1057 2641 [Itaque
1080 2560 1169 2617 etiam
1192 2561 1279 2636 apud.

192 2643 252 2703 Cic.
266 2645 378 2700 delnv.
391 2644 432 2712 II,
449 2644 506 2701 130
530 2644 581 2700 vix
604 2654 683 2701 reete
705 2644 837 2702 additum
862 2654 906 2702 est
928 2646 1097 2703 coniectura
1119 2642 1270 2725 oportebit]

192 2730 266 2786 Item
290 2730 387 2786 Varro
410 2730 445 2786 R.
471 2731 506 2786 R.
530 2729 589 2799 Ill,
614 2731 642 2797 9,
667 2731 699 2786 8:
724 2731 757 2786 In
779 2731 918 2801 cubilibus,
940 2750 1001 2788 curn
1019 2734 1183 2806 parturient,
1207 2733 1290 2788 subs

191 2813 361 2871 sternendam
378 2833 460 2879 acrem·
483 2833 542 2871 cum
556 2824 726 2889 pepererunt,
751 2817 839 2872 tollere
856 2817 1024 2873 subatra-men
1046 2827 1070 2873 et
1087 2835 1177 2873 reeens
1193 2819 1272 2875 ab'ad

191 2900 316 2957 subicere.
357 2898 477 2977 [Celsus
500 2900 606 2957 Medic.
630 2900 687 2967 III,
712 2900 740 2969 7,
767 2904 798 2956 1:
816 2904 931 2976 parcius
953 2905 980 2957 in
1004 2902 1045 2957 bis
1066 2903 1199 2974 aqendum
1221 2913 1269 2973 est,

191 3006 242 3041 non
266 2987 352 3059 facile
379 2989 530 3058 sanquinem
560 2989 672 3054 mittere,
707 3004 758 3041 non
781 2997 836 3044 cet.
882 2987 972 3061 Apud
1002 2986 1118 3043 Livium
1153 3005 1269 3062 quoque

191 3071 316 3138 XXVI,
341 3071 395 3140 32,
421 3072 437 3125 2
463 3090 499 3126 ex
520 3072 665 3143 qerendurn
682 3073 772 3143 fnisse
794 3071 824 3127 in
847 3071 940 3128 altero
964 3072 1095 3128 membro
1118 3073 1155 3128 ad
1178 3075 1269 3147 recipi,

191 3159 253 3230 capi
274 3163 328 3211 cet.
352 3155 447 3211 audiri
471 3156 607 3222 debuisse,
638 3156 867 3229 Wesenbergius
896 3175 990 3231 nuper
1012 3155 1136 3234 docuit]
1181 3157 1269 3234 Simi-

191 3241 258 3297 liter
281 3239 390 3298 Graeci
413 3241 576 3310 interdum,
600 3241 696 3315 posito
719 3259 773 3297 suo
796 3241 847 3297 illo
870 3242 1034 3316 gerundivo
1057 3241 1098 3316 (in
1121 3235 1215 3315 rior),
1239 3242 1269 3299 in

190 3327 283 3382 altero
302 3325 432 3383 membro
450 3326 625 3382 infinitivum
644 3336 767 3401 ponunt,
791 3337 939 3400 tamquam
953 3326 1111 3403 praecedat
1127 3323 1184 3394 dsi3
1207 3327 1267 3385 vid.

191 3413 277 3484 (quos
300 3410 436 3467 Klotzius
464 3412 501 3467 ed
525 3412 606 3469 Lael.
637 3410 765 3484 citavit),
795 3411 872 3470 Plst.
898 3412 971 3471 Crit.
1001 3431 1029 3487 p.
1053 3413 1090 3468 51
1117 3410 1141 3470 C
1169 3412 1269 3486 ibique

189 3496 397 3566 Buttmannus,
421 3495 514 3571 Gorg.
540 3517 567 3572 p.
581 3498 641 3552 492
655 3498 683 3553 D
703 3496 802 3570 ibique
816 3497 1015 3565 Heindorfius,
1038 3508 1068 3553 et
1091 3515 1166 3571 quae
1185 3497 1269 3554 Stru-

190 3582 255 3637 vius
278 3581 307 3636 in
327 3580 463 3638 Seebodii
482 3592 510 3637 et
528 3581 734 3638 Friedemauni
747 3582 873 3639 Miscell.
885 3581 959 3640 Crit.
972 3583 1004 3639 11
1016 3602 1044 3657 p.
1059 3583 1119 3639 238
1134 3582 1267 3657 protulit.

276 3667 332 3722 Isto
345 3666 434 3738 ritorto)
448 3667 538 3722 Recte
550 3678 582 3733 et,
596 3667 673 3740 quod
686 3669 932 3742 praeponebatur,
946 3667 1097 3725 Manutius
1109 3676 1139 3724 et
1151 3667 1268 3725 Lambi-

189 3769 244 3808 nus
256 3751 447 3821 sustulerunt;
460 3770 553 3826 neque
569 3752 646 3807 enim
660 3752 689 3807 in
702 3752 757 3808 hac
766 3752 953 3822 refutatione,
962 3771 1028 3809 oum
1041 3752 1268 3822 demonstratur,

190 3836 259 3910 quid
282 3855 348 3892 cum
371 3837 470 3909 aliqua
493 3855 524 3893 re
547 3837 735 3893 coniunctum
758 3837 806 3907 sit,
829 3848 880 3894 aut
902 3837 1089 3912 copulativae
1106 3837 1269 3912 particulae

189 3922 271 3978 locus
294 3931 338 3978 est
360 3933 410 3978 aut
434 3922 593 3995 quidquam
616 3921 716 3978 verbis
738 3924 788 3978 isto
809 3924 888 3979 modo
910 3923 1053 3998 praeponi
1076 3931 1187 3997 potest;
1216 3920 1269 3980 cfr.

191 4012 205 4076 ξ
229 4007 284 4063 23:
309 4011 358 4063 isto
380 4009 457 4063 arado
480 4026 511 4063 ne
533 4008 666 4081 improbos
688 4008 805 4080 quidem,
829 4010 854 4063 si
874 4017 960 4064 essent
983 4008 1043 4064 boni
1063 4010 1123 4064 viri.
1157 4006 1269 4080 (Anima

189 4110 243 4166 pro
266 4095 342 4159 avia,
367 4103 491 4166 excepto
514 4092 630 4158 Marso,
653 4089 715 4147 fere
739 4091 804 4149 edd.
829 4100 896 4148 ante
919 4091 1015 4161 vict,
1036 4104 1096 4167 χψ;
1124 4095 1186 4150 auia
1209 4111 1267 4169 mg.

191 4176 284 4248 Crat.)
318 4177 390 4233 Mox
414 4178 443 4232 in
467 4177 549 4252 gravi
572 4176 834 4251 comprehensione
858 4187 887 4233 et
909 4176 1096 4234 conclusione
1116 4178 1185 4249 (Res
1202 4181 1270 4250 tota)

189 4281 247 4318 non
271 4262 426 4318 admodum
450 4262 634 4319 desideratur
656 4272 708 4329 est,
737 4261 815 4336 quod
843 4260 963 4318 fuerunt
985 4262 1035 4336 qui
1058 4262 1126 4319 addi
1149 4261 1268 4319 vellent.

190 4348 351 4404 Facetorum
375 4366 432 4422 mg.
457 4347 547 4410 Crat,
571 4349 668 4415 Mam,
691 4345 813 4416 Lamb.,
838 4345 942 4416 Grut,
966 4348 1042 4404 Dav.
1065 4347 1155 4404 tacite
1177 4345 1269 4423 (Spir.

184 4435 338 4506 factorum
362 4432 453 4489 ceteri
476 4431 592 4502 Gziani,
616 4432 669 4506 Εψ
686 4434 848 4505 facetosum,
870 4435 1073 4507 qsactiosam).
