3030 5086
295 446 358 511 830
714 461 887 507 excussus
912 461 942 505 v.

294 637 366 693 haec
389 633 495 691 divisio
518 633 668 708 coniungit
690 650 737 689 res
758 641 919 707 separatas
943 630 1093 688 notionum
1117 630 1146 688 in
1165 643 1227 688 arte
1245 632 1370 706 exposi-

295 722 403 780 tionem
427 729 456 775 et
479 718 571 793 ipsam
596 717 673 774 vitae
696 717 855 785 actionem
878 735 916 774 ne
938 715 1033 773 inanis
1055 714 1094 772 sit
1116 715 1203 772 tertia
1226 734 1312 811 pars
1335 717 1368 773 in

295 827 359 865 eam
383 802 599 862 transferuntur
620 803 737 863 decreta
752 801 788 859 de
805 801 911 860 oitlciis
927 811 957 859 et
973 810 1052 859 reete
1070 799 1157 858 iactis
1175 791 1252 876 (περὶ
1268 801 1369 875 καθη-

295 880 404 947 κόντων
426 878 473 945 καὶ
496 874 750 961 κατορθωμάτων,
774 906 802 962 p
820 888 887 960 52),
910 905 986 962 quae
1008 887 1095 944 etiam
1119 887 1197 961 apud
1220 886 1369 945 Senecam

294 975 496 1072 significantur
517 975 544 1042 (l
561 974 597 1029 lb
620 975 729 1047 quondo
750 974 870 1048 quidque
896 984 921 1030 et
948 973 994 1030 uhi
1018 982 1043 1028 et
1069 974 1293 1044 qumodmodton
1320 972 1372 1064 uqi

294 1059 435 1133 debeat),
427 1059 521 1133 risque
532 1057 702 1134 adiungitur
714 1058 794 1115 locus
810 1047 1022 1134 προτρεπτικὸς
1037 1076 1086 1114 aas
1076 1043 1372 1153 πορομοθρτικός,

295 1146 345 1220 qui
367 1144 444 1222 apud
470 1143 630 1217 Diogenem
655 1161 770 1218 quoque
792 1141 963 1218 appendicis
986 1142 1051 1198 loco
1072 1141 1267 1209 adhaerebat,
1297 1131 1368 1216 napi

294 1225 470 1305 προτροπῶν
492 1221 540 1285 aui
563 1218 749 1303 ἀποτροπῶν
795 1228 860 1285 Hac
887 1227 977 1303 igitur
1004 1226 1147 1284 divisione
1170 1244 1272 1302 parum
1296 1225 1369 1282 snb·

295 1315 340 1372 tili
368 1313 484 1375 Stoicos
516 1330 632 1412 quoqne
665 1313 804 1387 quosdam
839 1330 907 1370 usos
934 1330 1013 1382 esse,
1047 1311 1176 1372 Senecae
1203 1311 1370 1379 eredimns3

295 1419 363 1458 num
392 1409 489 1456 tamen
512 1399 681 1473 quisquam,
709 1415 774 1456 cum
802 1397 957 1455 scribendo
985 1397 1150 1456 universam
1179 1396 1368 1473 disciplinam

295 1486 471 1561 explicaret,
499 1503 534 1542 eo
557 1483 659 1541 ordine
683 1483 724 1540 nti
747 1483 889 1559 potuerit,
913 1501 970 1540 non
993 1482 1101 1540 iniuria
1122 1483 1232 1558 ambigi
1255 1493 1369 1557 potest;

294 1580 444 1647 receptum
467 1588 533 1627 eum
557 1579 587 1626 et
608 1587 789 1626 communem
813 1567 913 1638 fuisse,
936 1576 966 1625 et
987 1587 1035 1625 res
1056 1569 1122 1644 ipsa
1143 1568 1262 1625 credere
1285 1575 1368 1623 vetat

295 1667 325 1714 et
347 1654 451 1716 Cicero
479 1664 567 1730 atque
591 1654 738 1729 Diogenes
765 1665 795 1711 et
817 1655 952 1711 Ioannes.
996 1654 1040 1710 Ea
1067 1662 1164 1711 autem
1192 1652 1313 1729 partitio
1335 1661 1369 1709 et

295 1740 464 1818 dispositio,
492 1758 580 1814 qnam
608 1740 676 1796 hinc
699 1739 887 1797 Petersanins
914 1737 1025 1810 effecit,
1056 1739 1085 1795 in
1114 1749 1240 1795 mentem
1262 1739 1368 1794 venire

295 1826 404 1885 nemini
428 1827 538 1901 potnit;
561 1826 608 1883 cui
630 1825 768 1900 quoniam
792 1824 983 1883 fundamenta
1005 1825 1063 1881 iam
1085 1824 1192 1881 sensim
1216 1824 1369 1881 subtracta

294 1923 373 1980 sunt,
396 1910 469 1968 illud
491 1929 579 1967 unum
602 1910 747 1977 dicamus
771 1910 866 1966 need
889 1909 1109 1967 similitudinem
1133 1909 1250 1984 quidem
1274 1908 1366 1966 ullam

296 1997 428 2056 veritatis
450 2014 514 2053 eam
537 1995 651 2053 ethicae
674 1994 791 2054 Stoicae
813 1994 1033 2070 dispositionem
1057 1995 1204 2063 accedere,
1230 2011 1306 2068 quae
1327 1984 1369 2050 sti

294 2068 381 2156 πάθη
409 2092 478 2138 ante
505 2082 642 2139 virtutem
672 2089 761 2155 ponat
788 2091 817 2137 et
845 2080 993 2137 notionem
1022 2080 1102 2147 finis,
1131 2080 1243 2148 idest,
1272 2079 1368 2154 ipsius

298 2169 438 2225 bonorum
466 2166 660 2224 absolutionis
692 2184 709 2221 a
744 2166 828 2222 bonis
856 2164 989 2241 diiungat
1022 2175 1051 2222 et
1082 2165 1112 2222 in
1143 2165 1231 2222 alium
1267 2164 1367 2222 locum

296 2251 463 2311 transierat.
500 2252 538 2309 Et
560 2261 656 2308 tamen
679 2251 709 2307 in
732 2251 786 2308 hac
809 2250 1000 2326 dispositione
1022 2269 1211 2325 peromnem
1235 2250 1368 2325 discipli·

296 2356 362 2394 narn
392 2336 592 2413 persequenda
615 2335 661 2393 vir
682 2336 785 2394 doctus
806 2337 847 2412 (p.
867 2336 940 2409 265)
967 2337 1046 2393 huno
1073 2337 1190 2394 tertium
1214 2335 1368 2394 Ciceronis

296 2423 402 2480 librum
426 2423 462 2479 de
485 2422 591 2479 flnihus
613 2422 714 2479 ducem
738 2422 823 2479 nobis
845 2439 909 2478 esse
937 2439 1024 2496 posse
1046 2422 1165 2480 iudicat.
1211 2421 1269 2480 Sed
1291 2420 1368 2477 adeo

297 2509 442 2565 incuriose
465 2527 525 2564 rem
549 2508 624 2583 agit,
652 2516 684 2564 ut
706 2506 877 2566 Ciceronem
906 2518 1005 2563 namet
1029 2507 1133 2576 „tinem
1157 2507 1299 2563 honorum
1328 2524 1367 2561 ex

296 2594 407 2669 impetu
430 2592 566 2650 rationali
590 2591 796 2662 constitutum,
825 2601 857 2648 ut
884 2593 1078 2661 substratum,
1107 2592 1273 2667 perseqni“.
1320 2591 1369 2648 lta

297 2679 379 2747 finis,
402 2679 451 2753 qui
474 2696 563 2752 snpra
585 2677 615 2734 in
639 2677 752 2734 tertiam
777 2689 888 2753 partem
911 2677 1088 2734 reiciebatur
1110 2686 1139 2733 et
1162 2677 1265 2733 tertiae
1288 2685 1368 2732 cate·

296 2764 398 2841 goriae
420 2763 631 2840 respondebat,
655 2781 731 2820 nune
753 2763 850 2820 subito
873 2762 902 2818 in
925 2763 1048 2838 primam
1072 2775 1183 2837 partem
1207 2761 1369 2818 retrahitur

297 2860 327 2906 et
354 2849 466 2925 primae
493 2848 658 2924 categoriae
686 2848 852 2924 respondet.
897 2848 1011 2905 Deinde
1039 2859 1153 2916 namot,
1183 2867 1201 2903 a
1223 2847 1368 2906 Cicerone

300 2935 355 3003 „ad
375 2935 461 3014 'bona
488 2943 518 2990 et
546 2934 623 2990 mala
649 2934 755 3010 respici
783 2950 808 2990 c.
831 2934 880 2997 10,
909 2951 934 2989 e.
956 2937 989 2990 ll
1016 2934 1052 2990 ad
1076 2933 1199 2989 virtutes
1227 2944 1257 2989 et
1278 2933 1369 2998 vitia,

297 3039 321 3077 c.
345 3021 465 3077 1‘2-15
495 3019 589 3095 ipsum
620 3019 705 3076 linem
734 3017 938 3075 convenientia
965 3029 994 3075 et
1022 3018 1163 3076 felicitate
1185 3028 1369 3075 constantem

239 3161 243 3169 ,
297 3105 433 3182 attingi“.
479 3103 570 3178 Quasi
599 3122 656 3161 non
685 3104 725 3161 ibi
749 3104 909 3160 notionon
934 3104 1222 3180 magisfinisquam
1247 3103 1371 3160 boniet

297 3190 369 3248 recti
388 3190 479 3247 multo
497 3200 564 3247 ante
582 3189 741 3246 constituta
763 3207 827 3246 cnm
845 3189 1108 3265 Peripateticorum
1131 3189 1277 3246 sententia
1299 3206 1369 3245 con-

297 3275 409 3333 feratur
431 3285 461 3331 et
483 3275 678 3351 comparando
702 3274 875 3332 declaretur.
890 3277 916 3346 ¹)

384 3360 554 3419 Ciceronem
585 3359 633 3432 (ad
662 3360 737 3416 bunc
766 3359 841 3416 enim
874 3360 967 3434 ipsum
998 3362 1191 3432 revertamur)
1219 3359 1276 3415 iarn
1306 3358 1370 3414 dixi

299 3446 423 3503 similem
453 3446 584 3503 ordinem
613 3457 743 3502 secutum
773 3463 837 3501 esse
865 3445 907 3512 ei,
938 3445 987 3519 qui
1018 3444 1094 3520 apud
1125 3445 1286 3520 Diogenem
1315 3455 1371 3500 est.

301 3531 373 3588 Eum
397 3541 449 3588 aut
470 3531 532 3606 ipse
555 3530 741 3587 adumbravit
763 3529 880 3588 scholae
903 3529 1026 3587 formam
1049 3547 1174 3604 sequens
1197 3541 1260 3597 aut,
1289 3527 1370 3603 quod

299 3615 480 3692 probabilius
504 3617 656 3691 putabunt,
681 3615 729 3690 qni
753 3616 808 3672 hoc
830 3633 922 3691 genus
945 3615 1085 3672 librorum
1109 3614 1369 3675 Ciceronianorum

298 3703 377 3759 intus
396 3713 512 3767 norunt,
535 3703 572 3758 ab
590 3720 625 3758 eo
641 3701 783 3776 scriptore
796 3698 912 3758 Graeco
932 3701 1064 3776 sumpsit.
1088 3719 1173 3775 quem
1191 3700 1247 3756 sibi
1264 3700 1369 3757 ducem

298 3788 426 3863 elegerat
456 3787 484 3842 in
509 3787 563 3843 hoc
585 3787 661 3843 libro
683 3787 893 3861 componendo.
938 3786 976 3842 Et
998 3787 1187 3842 confirmatur
1209 3786 1280 3841 haec
1303 3803 1370 3842 sen·

298 3873 391 3928 tentia
413 3892 462 3941 co,
491 3872 568 3946 qrmd
599 3873 661 3948 ipse
690 3872 719 3928 iu
743 3870 863 3930 Catonis
891 3890 1015 3948 persona
1038 3891 1133 3928 rerum
1158 3871 1288 3927 ordinem
1312 3870 1370 3927 sibi

298 3957 415 4015 aliunde
439 3957 537 4014 datum
556 3969 655 4034 aperte
674 3956 818 4033 significat
835 3957 901 4027 §33
921 3967 950 4013 et
968 3957 1093 4014 maxime
1112 3957 1188 4025 550.
1222 3956 1252 4013 Is
1270 3964 1369 4012 autem

298 4043 432 4118 scriptor,
456 4043 479 4099 si
498 4061 573 4100 narra
591 4043 657 4110 tuit,
683 4061 738 4098 non
752 4042 935 4118 Chrysippus
952 4041 1016 4105 init
1041 4054 1072 4099 nt
1089 4054 1154 4116 post
1171 4040 1369 4100 Goerenzinm

340 4194 521 4203 ..ω-,-

297 4316 301 4326 ,
326 4260 348 4321 ¹)
367 4261 469 4311 Summa
485 4261 776 4313 sententiael'etersenii.
795 4263 1006 4324 quomadmodum
1025 4276 1126 4310 necesse
1144 4269 1197 4308 erat
1215 4260 1306 4308 erroris
1321 4259 1370 4306 tol-

368 4331 434 4378 lendi
453 4338 477 4379 et
494 4331 596 4380 arcendi
616 4344 705 4388 causa,
729 4330 878 4394 reprehensa
896 4340 921 4378 et
938 4331 1065 4387 convicta,
1085 4344 1136 4379 non
1154 4338 1216 4393 puto
1234 4342 1298 4391 opus
1316 4341 1371 4375 esse

367 4400 396 4446 ‹lc
415 4400 445 4447 iis
465 4399 554 4458 dicere,
573 4413 637 4462 quae
655 4398 733 4463 paulo
751 4400 883 4448 immutata
902 4400 986 4463 posuit
1004 4414 1026 4462 p.
1037 4401 1085 4447 sot
1098 4414 1149 4462 sqq.
