<?xml version="1.0" encoding="UTF-8"?>
<!DOCTYPE html PUBLIC "-//W3C//DTD XHTML 1.0 Transitional//EN"
    "http://www.w3.org/TR/xhtml1/DTD/xhtml1-transitional.dtd">
<html xmlns="http://www.w3.org/1999/xhtml" xml:lang="en" lang="en">
 <head>
  <title>
</title>
<meta http-equiv="Content-Type" content="text/html;charset=utf-8" />
  <meta name='ocr-system' content='tesseract 3.04.00' />
  <meta name='ocr-capabilities' content='ocr_page ocr_carea ocr_par ocr_line ocrx_word'/>
</head>
<body>
  <div class='ocr_page' id='page_1' title='image "./mtulliiciceroni35cicegoog_0194.png"; bbox 0 0 3030 5086; ppageno 0'>
   <div class='ocr_carea' id='block_1_1' title="bbox 131 386 936 460">
    <p class='ocr_par' dir='ltr' id='par_1_1' title="bbox 131 386 936 460">
     <span class='ocr_line' id='line_1_1' title="bbox 131 386 936 460; baseline -0.007 0"><span class='ocrx_word' id='word_1_1' title='bbox 131 424 137 435; x_wconf 95' lang='lat'>·</span> <span class='ocrx_word' id='word_1_2' title='bbox 240 395 283 460; x_wconf 78' lang='lat'><strong>90</strong></span> <span class='ocrx_word' id='word_1_3' title='bbox 632 386 688 452; x_wconf 73' lang='lat' dir='ltr'><strong>ba</strong></span> <span class='ocrx_word' id='word_1_4' title='bbox 710 407 841 454; x_wconf 86' lang='lat' dir='ltr'><strong>smmus</strong></span> <span class='ocrx_word' id='word_1_5' title='bbox 863 408 936 454; x_wconf 86' lang='lat' dir='ltr'><strong>sou.</strong></span> 
     </span>
    </p>
   </div>
   <div class='ocr_carea' id='block_1_2' title="bbox 166 573 1407 1473">
    <p class='ocr_par' dir='ltr' id='par_1_2' title="bbox 248 573 1334 658">
     <span class='ocr_line' id='line_1_2' title="bbox 248 573 1334 658; baseline -0.003 -16"><span class='ocrx_word' id='word_1_6' title='bbox 248 578 325 644; x_wconf 86' lang='lat' dir='ltr'><strong>nihil</strong></span> <span class='ocrx_word' id='word_1_7' title='bbox 352 576 501 655; x_wconf 82' lang='lat' dir='ltr'><strong>efficeret3</strong></span> <span class='ocrx_word' id='word_1_8' title='bbox 534 581 628 637; x_wconf 80' lang='lat' dir='ltr'><strong>nuno·</strong></span> <span class='ocrx_word' id='word_1_9' title='bbox 648 576 817 657; x_wconf 82' lang='lat' dir='ltr'><strong>expetitur,</strong></span> <span class='ocrx_word' id='word_1_10' title='bbox 851 576 936 657; x_wconf 91' lang='lat' dir='ltr'><strong>qnod</strong></span> <span class='ocrx_word' id='word_1_11' title='bbox 963 584 1012 643; x_wconf 91' lang='lat' dir='ltr'><strong>est</strong></span> <span class='ocrx_word' id='word_1_12' title='bbox 1034 584 1193 658; x_wconf 77' lang='lat' dir='ltr'><strong>tamquam</strong></span> <span class='ocrx_word' id='word_1_13' title='bbox 1214 573 1334 643; x_wconf 77' lang='lat' dir='ltr'><strong>artifex</strong></span> 
     </span>
    </p>

    <p class='ocr_par' dir='ltr' id='par_1_3' title="bbox 250 679 1334 762">
     <span class='ocr_line' id='line_1_3' title="bbox 250 679 1334 762; baseline -0.003 -17"><span class='ocrx_word' id='word_1_14' title='bbox 250 681 481 762; x_wconf 75' lang='lat' dir='ltr'><strong>conquirendae</strong></span> <span class='ocrx_word' id='word_1_15' title='bbox 503 685 535 743; x_wconf 91' lang='lat' dir='ltr'><strong>et</strong></span> <span class='ocrx_word' id='word_1_16' title='bbox 550 680 782 758; x_wconf 73' lang='lat' dir='ltr'><strong>comparandae</strong></span> <span class='ocrx_word' id='word_1_17' title='bbox 799 679 976 760; x_wconf 86' lang='lat' dir='ltr'><strong>voluptatis.</strong></span> <span class='ocrx_word' id='word_1_18' title='bbox 1015 681 1066 745; x_wconf 83' lang='lat'><strong>43.</strong></span> <span class='ocrx_word' id='word_1_19' title='bbox 1088 681 1205 759; x_wconf 78' lang='lat' dir='ltr'><strong>(Quam</strong></span> <span class='ocrx_word' id='word_1_20' title='bbox 1222 683 1334 743; x_wconf 88' lang='lat' dir='ltr'><strong>autem</strong></span> 
     </span>
    </p>

    <p class='ocr_par' dir='ltr' id='par_1_4' title="bbox 252 778 1332 865">
     <span class='ocr_line' id='line_1_4' title="bbox 252 778 1332 865; baseline -0.001 -19"><span class='ocrx_word' id='word_1_21' title='bbox 252 801 310 865; x_wconf 79' lang='lat' dir='ltr'><strong>ego</strong></span> <span class='ocrx_word' id='word_1_22' title='bbox 327 783 428 846; x_wconf 88' lang='lat' dir='ltr'><strong>dicam</strong></span> <span class='ocrx_word' id='word_1_23' title='bbox 445 782 646 862; x_wconf 84' lang='lat' dir='ltr'><strong>voluptatem,</strong></span> <span class='ocrx_word' id='word_1_24' title='bbox 668 780 731 846; x_wconf 90' lang='lat' dir='ltr'><strong>iam</strong></span> <span class='ocrx_word' id='word_1_25' title='bbox 748 781 869 859; x_wconf 80' lang='lat' dir='ltr'><strong>videtis,</strong></span> <span class='ocrx_word' id='word_1_26' title='bbox 892 800 931 847; x_wconf 90' lang='lat' dir='ltr'><strong>ne</strong></span> <span class='ocrx_word' id='word_1_27' title='bbox 952 780 1069 846; x_wconf 83' lang='lat' dir='ltr'><strong>inuidia</strong></span> <span class='ocrx_word' id='word_1_28' title='bbox 1087 780 1174 847; x_wconf 86' lang='lat' dir='ltr'><strong>verbi</strong></span> <span class='ocrx_word' id='word_1_29' title='bbox 1192 778 1332 847; x_wconf 79' lang='lat' dir='ltr'><strong>labefac-</strong></span> 
     </span>
    </p>

    <p class='ocr_par' dir='ltr' id='par_1_5' title="bbox 166 883 1332 965">
     <span class='ocr_line' id='line_1_5' title="bbox 166 883 1332 965; baseline -0.003 -16"><span class='ocrx_word' id='word_1_30' title='bbox 166 888 171 898; x_wconf 85' lang='lat'>&#39;</span> <span class='ocrx_word' id='word_1_31' title='bbox 252 891 336 949; x_wconf 91' lang='lat' dir='ltr'><strong>tetur</strong></span> <span class='ocrx_word' id='word_1_32' title='bbox 358 884 458 948; x_wconf 87' lang='lat' dir='ltr'><strong>oratio</strong></span> <span class='ocrx_word' id='word_1_33' title='bbox 481 885 574 965; x_wconf 87' lang='lat' dir='ltr'><strong>mea.)</strong></span> <span class='ocrx_word' id='word_1_34' title='bbox 617 883 698 948; x_wconf 88' lang='lat' dir='ltr'><strong>Nam</strong></span> <span class='ocrx_word' id='word_1_35' title='bbox 725 901 795 947; x_wconf 93' lang='lat' dir='ltr'><strong>cum</strong></span> <span class='ocrx_word' id='word_1_36' title='bbox 821 883 1016 963; x_wconf 82' lang='lat' dir='ltr'><strong>ignoratione</strong></span> <span class='ocrx_word' id='word_1_37' title='bbox 1043 902 1149 949; x_wconf 88' lang='lat' dir='ltr'><strong>rerum</strong></span> <span class='ocrx_word' id='word_1_38' title='bbox 1175 883 1332 947; x_wconf 90' lang='lat' dir='ltr'><strong>bonarum</strong></span> 
     </span>
    </p>

    <p class='ocr_par' dir='ltr' id='par_1_6' title="bbox 214 984 1332 1067">
     <span class='ocr_line' id='line_1_6' title="bbox 214 984 1332 1067; baseline -0.004 -14"><span class='ocrx_word' id='word_1_39' title='bbox 214 985 285 1053; x_wconf 75' lang='lat' dir='ltr'><strong>iret</strong></span> <span class='ocrx_word' id='word_1_40' title='bbox 306 985 458 1050; x_wconf 72' lang='lat' dir='ltr'><strong>mnbrum</strong></span> <span class='ocrx_word' id='word_1_41' title='bbox 480 985 611 1050; x_wconf 76' lang='lat' dir='ltr'><strong>mammo</strong></span> <span class='ocrx_word' id='word_1_42' title='bbox 632 984 789 1049; x_wconf 91' lang='lat' dir='ltr'><strong>hominnm</strong></span> <span class='ocrx_word' id='word_1_43' title='bbox 811 985 877 1049; x_wconf 90' lang='lat' dir='ltr'><strong>vita</strong></span> <span class='ocrx_word' id='word_1_44' title='bbox 899 991 1036 1064; x_wconf 77' lang='lat' dir='ltr'><strong>vexetur,</strong></span> <span class='ocrx_word' id='word_1_45' title='bbox 1060 985 1100 1050; x_wconf 91' lang='lat' dir='ltr'><strong>ob</strong></span> <span class='ocrx_word' id='word_1_46' title='bbox 1123 1002 1256 1067; x_wconf 87' lang='lat' dir='ltr'><strong>eumque</strong></span> <span class='ocrx_word' id='word_1_47' title='bbox 1278 1002 1332 1049; x_wconf 90' lang='lat' dir='ltr'><strong>er·</strong></span> 
     </span>
    </p>

    <p class='ocr_par' dir='ltr' id='par_1_7' title="bbox 254 1085 1332 1168">
     <span class='ocr_line' id='line_1_7' title="bbox 254 1085 1332 1168; baseline 0 -18"><span class='ocrx_word' id='word_1_48' title='bbox 254 1104 357 1152; x_wconf 87' lang='lat' dir='ltr'><strong>rorem</strong></span> <span class='ocrx_word' id='word_1_49' title='bbox 375 1095 405 1151; x_wconf 90' lang='lat' dir='ltr'><strong>et</strong></span> <span class='ocrx_word' id='word_1_50' title='bbox 422 1087 635 1168; x_wconf 87' lang='lat' dir='ltr'><strong>voluptatibus</strong></span> <span class='ocrx_word' id='word_1_51' title='bbox 652 1085 795 1151; x_wconf 85' lang='lat' dir='ltr'><strong>maximis</strong></span> <span class='ocrx_word' id='word_1_52' title='bbox 812 1105 907 1168; x_wconf 87' lang='lat' dir='ltr'><strong>saepe</strong></span> <span class='ocrx_word' id='word_1_53' title='bbox 923 1087 1086 1168; x_wconf 88' lang='lat' dir='ltr'><strong>priventur</strong></span> <span class='ocrx_word' id='word_1_54' title='bbox 1104 1096 1135 1152; x_wconf 88' lang='lat' dir='ltr'><strong>et</strong></span> <span class='ocrx_word' id='word_1_55' title='bbox 1150 1086 1332 1153; x_wconf 85' lang='lat' dir='ltr'><strong>durissimis</strong></span> 
     </span>
    </p>

    <p class='ocr_par' dir='ltr' id='par_1_8' title="bbox 253 1188 1332 1272">
     <span class='ocr_line' id='line_1_8' title="bbox 253 1188 1332 1272; baseline 0.001 -20"><span class='ocrx_word' id='word_1_56' title='bbox 253 1188 348 1252; x_wconf 85' lang='lat' dir='ltr'><strong>animi</strong></span> <span class='ocrx_word' id='word_1_57' title='bbox 371 1189 531 1253; x_wconf 92' lang='lat' dir='ltr'><strong>doloribus</strong></span> <span class='ocrx_word' id='word_1_58' title='bbox 549 1196 763 1271; x_wconf 84' lang='lat' dir='ltr'><strong>torqueantur,</strong></span> <span class='ocrx_word' id='word_1_59' title='bbox 786 1188 941 1269; x_wconf 87' lang='lat' dir='ltr'><strong>sapientia</strong></span> <span class='ocrx_word' id='word_1_60' title='bbox 963 1199 1012 1253; x_wconf 88' lang='lat' dir='ltr'><strong>est</strong></span> <span class='ocrx_word' id='word_1_61' title='bbox 1027 1189 1214 1268; x_wconf 74' lang='lat' dir='ltr'><strong>adhibenda</strong></span> <span class='ocrx_word' id='word_1_62' title='bbox 1236 1207 1332 1272; x_wconf 84' lang='lat' dir='ltr'><strong>quae,</strong></span> 
     </span>
    </p>

    <p class='ocr_par' dir='ltr' id='par_1_9' title="bbox 254 1289 1407 1473">
     <span class='ocr_line' id='line_1_9' title="bbox 254 1289 1332 1372; baseline -0.001 -17"><span class='ocrx_word' id='word_1_63' title='bbox 254 1298 286 1355; x_wconf 88' lang='lat' dir='ltr'><strong>et</strong></span> <span class='ocrx_word' id='word_1_64' title='bbox 308 1291 480 1355; x_wconf 91' lang='lat' dir='ltr'><strong>terroribus</strong></span> <span class='ocrx_word' id='word_1_65' title='bbox 502 1291 787 1372; x_wconf 86' lang='lat' dir='ltr'><strong>cupiditatibusque</strong></span> <span class='ocrx_word' id='word_1_66' title='bbox 810 1291 961 1356; x_wconf 86' lang='lat' dir='ltr'><strong>detractis</strong></span> <span class='ocrx_word' id='word_1_67' title='bbox 978 1297 1010 1356; x_wconf 88' lang='lat' dir='ltr'><strong>et</strong></span> <span class='ocrx_word' id='word_1_68' title='bbox 1025 1292 1162 1356; x_wconf 93' lang='lat' dir='ltr'><strong>omnium</strong></span> <span class='ocrx_word' id='word_1_69' title='bbox 1178 1289 1332 1356; x_wconf 83' lang='lat' dir='ltr'><strong>falsarum</strong></span> 
     </span>
     <span class='ocr_line' id='line_1_10' title="bbox 254 1392 1407 1473; baseline 0 -17"><span class='ocrx_word' id='word_1_70' title='bbox 254 1392 436 1472; x_wconf 87' lang='lat' dir='ltr'><strong>opinionum</strong></span> <span class='ocrx_word' id='word_1_71' title='bbox 459 1393 632 1457; x_wconf 84' lang='lat' dir='ltr'><strong>temeritate</strong></span> <span class='ocrx_word' id='word_1_72' title='bbox 654 1392 799 1473; x_wconf 81' lang='lat' dir='ltr'><strong>derepta,</strong></span> <span class='ocrx_word' id='word_1_73' title='bbox 822 1392 1026 1458; x_wconf 86' lang='lat' dir='ltr'><strong>certissimam</strong></span> <span class='ocrx_word' id='word_1_74' title='bbox 1049 1412 1084 1458; x_wconf 91' lang='lat' dir='ltr'><strong>se</strong></span> <span class='ocrx_word' id='word_1_75' title='bbox 1106 1393 1195 1458; x_wconf 91' lang='lat' dir='ltr'><strong>nobis</strong></span> <span class='ocrx_word' id='word_1_76' title='bbox 1218 1394 1333 1460; x_wconf 89' lang='lat' dir='ltr'><strong>ducem</strong></span> <span class='ocrx_word' id='word_1_77' title='bbox 1394 1403 1407 1426; x_wconf 89' lang='lat'><strong>·</strong></span> 
     </span>
    </p>
   </div>
   <div class='ocr_carea' id='block_1_3' title="bbox 253 1543 1333 1799">
    <p class='ocr_par' dir='ltr' id='par_1_10' title="bbox 253 1543 1333 1799">
     <span class='ocr_line' id='line_1_11' title="bbox 323 1543 1332 1612; baseline 0.001 -18"><span class='ocrx_word' id='word_1_78' title='bbox 323 1550 346 1596; x_wconf 86' lang='grc'><strong>3,</strong></span> <span class='ocrx_word' id='word_1_79' title='bbox 365 1563 406 1611; x_wconf 72' lang='lat' dir='ltr'><strong>eqo</strong></span> <span class='ocrx_word' id='word_1_80' title='bbox 425 1562 472 1597; x_wconf 90' lang='lat' dir='ltr'><strong>orn.</strong></span> <span class='ocrx_word' id='word_1_81' title='bbox 492 1543 656 1595; x_wconf 82' lang='lat' dir='ltr'><strong>LPbiCROr.</strong></span> <span class='ocrx_word' id='word_1_82' title='bbox 700 1551 722 1597; x_wconf 76' lang='lat' dir='ltr'><strong>b.</strong></span> <span class='ocrx_word' id='word_1_83' title='bbox 742 1555 763 1595; x_wconf 86' lang='lat' dir='ltr'><strong>et</strong></span> <span class='ocrx_word' id='word_1_84' title='bbox 782 1547 900 1596; x_wconf 78' lang='lat' dir='ltr'><strong>malarum</strong></span> <span class='ocrx_word' id='word_1_85' title='bbox 919 1546 1008 1596; x_wconf 84' lang='lat' dir='ltr'><strong>om.C</strong></span> <span class='ocrx_word' id='word_1_86' title='bbox 1044 1550 1067 1612; x_wconf 74' lang='lat' dir='ltr'><strong>b.</strong></span> <span class='ocrx_word' id='word_1_87' title='bbox 1087 1554 1112 1595; x_wconf 81' lang='lat' dir='ltr'><strong>st</strong></span> <span class='ocrx_word' id='word_1_88' title='bbox 1129 1545 1332 1610; x_wconf 66' lang='lat' dir='ltr'><strong>volumumus:</strong></span> 
     </span>
     <span class='ocr_line' id='line_1_12' title="bbox 253 1612 1333 1681; baseline 0.001 -19"><span class='ocrx_word' id='word_1_89' title='bbox 253 1612 387 1677; x_wconf 69' lang='lat' dir='ltr'><strong>purtssimis</strong></span> <span class='ocrx_word' id='word_1_90' title='bbox 412 1612 529 1681; x_wconf 69' lang='lat' dir='ltr'><strong>[alara</strong></span> <span class='ocrx_word' id='word_1_91' title='bbox 552 1613 703 1678; x_wconf 68' lang='lat' dir='ltr'><strong>pravissimis</strong></span> <span class='ocrx_word' id='word_1_92' title='bbox 722 1616 772 1665; x_wconf 86' lang='lat' dir='ltr'><strong>MC</strong></span> <span class='ocrx_word' id='word_1_93' title='bbox 793 1615 941 1679; x_wconf 75' lang='lat' dir='ltr'><strong>yronimims&#39;s</strong></span> <span class='ocrx_word' id='word_1_94' title='bbox 959 1614 1002 1666; x_wconf 84' lang='lat' dir='ltr'><strong>Or.</strong></span> <span class='ocrx_word' id='word_1_95' title='bbox 1050 1618 1071 1665; x_wconf 89' lang='grc'><strong>7.</strong></span> <span class='ocrx_word' id='word_1_96' title='bbox 1096 1614 1230 1666; x_wconf 66' lang='lat' dir='ltr'><strong>sotianda</strong></span> <span class='ocrx_word' id='word_1_97' title='bbox 1253 1622 1288 1664; x_wconf 77' lang='lat' dir='ltr'><strong>est</strong></span> <span class='ocrx_word' id='word_1_98' title='bbox 1308 1613 1333 1663; x_wconf 77' lang='lat' dir='ltr'>E</span> 
     </span>
     <span class='ocr_line' id='line_1_13' title="bbox 255 1680 1332 1799; baseline 0.001 -69"><span class='ocrx_word' id='word_1_99' title='bbox 255 1680 321 1799; x_wconf 53' lang='lat'><strong>3232</strong></span> <span class='ocrx_word' id='word_1_100' title='bbox 336 1681 591 1799; x_wconf 49' lang='lat' dir='ltr'><strong>igmsherroribasE</strong></span> <span class='ocrx_word' id='word_1_101' title='bbox 617 1680 741 1746; x_wconf 83' lang='lat' dir='ltr'><strong>salsorum</strong></span> <span class='ocrx_word' id='word_1_102' title='bbox 760 1683 866 1748; x_wconf 80' lang='lat' dir='ltr'><strong>opinione</strong></span> <span class='ocrx_word' id='word_1_103' title='bbox 882 1683 902 1731; x_wconf 63' lang='lat' dir='ltr'><strong>ir</strong></span> <span class='ocrx_word' id='word_1_104' title='bbox 939 1688 953 1732; x_wconf 78' lang='lat'><strong>9</strong></span> <span class='ocrx_word' id='word_1_105' title='bbox 980 1682 1075 1749; x_wconf 77' lang='lat' dir='ltr'><strong>direpta</strong></span> <span class='ocrx_word' id='word_1_106' title='bbox 1089 1683 1187 1735; x_wconf 77' lang='lat' dir='ltr'><strong>PMclt</strong></span> <span class='ocrx_word' id='word_1_107' title='bbox 1203 1681 1332 1734; x_wconf 69' lang='lat' dir='ltr'><strong>direotals</strong></span> 
     </span>
    </p>
   </div>
   <div class='ocr_carea' id='block_1_4' title="bbox 162 1883 1377 4437">
    <p class='ocr_par' dir='ltr' id='par_1_11' title="bbox 162 1883 1377 4437">
     <span class='ocr_line' id='line_1_14' title="bbox 162 1883 1334 1965; baseline 0 -18"><span class='ocrx_word' id='word_1_108' title='bbox 162 1883 167 1891; x_wconf 73' lang='grc'>’</span> <span class='ocrx_word' id='word_1_109' title='bbox 256 1891 437 1948; x_wconf 89' lang='lat' dir='ltr'><strong>commodius</strong></span> <span class='ocrx_word' id='word_1_110' title='bbox 460 1890 584 1947; x_wconf 79' lang='lat' dir='ltr'><strong>dixisset</strong></span> <span class='ocrx_word' id='word_1_111' title='bbox 606 1910 656 1945; x_wconf 80' lang='lat' dir='ltr'><strong>uon</strong></span> <span class='ocrx_word' id='word_1_112' title='bbox 678 1911 729 1947; x_wconf 82' lang='lat' dir='ltr'><strong>sua</strong></span> <span class='ocrx_word' id='word_1_113' title='bbox 751 1901 843 1965; x_wconf 81' lang='lat' dir='ltr'><strong>sponte</strong></span> <span class='ocrx_word' id='word_1_114' title='bbox 865 1910 952 1965; x_wconf 88' lang='lat' dir='ltr'><strong>quem</strong></span> <span class='ocrx_word' id='word_1_115' title='bbox 976 1894 1048 1963; x_wconf 86' lang='lat' dir='ltr'><strong>(ars)</strong></span> <span class='ocrx_word' id='word_1_116' title='bbox 1071 1911 1120 1948; x_wconf 69' lang='lat' dir='ltr'><strong>arms</strong></span> <span class='ocrx_word' id='word_1_117' title='bbox 1143 1902 1216 1956; x_wconf 78' lang='lat' dir='ltr'><strong>erte:</strong></span> <span class='ocrx_word' id='word_1_118' title='bbox 1247 1890 1334 1948; x_wconf 89' lang='lat' dir='ltr'><strong>eimi-</strong></span> 
     </span>
     <span class='ocr_line' id='line_1_15' title="bbox 256 1975 854 2041; baseline 0 -10"><span class='ocrx_word' id='word_1_119' title='bbox 256 1975 324 2032; x_wconf 87' lang='lat' dir='ltr'><strong>liter</strong></span> <span class='ocrx_word' id='word_1_120' title='bbox 346 1977 386 2041; x_wconf 73' lang='lat'><strong>11,</strong></span> <span class='ocrx_word' id='word_1_121' title='bbox 413 1976 466 2032; x_wconf 82' lang='lat'><strong>33:</strong></span> <span class='ocrx_word' id='word_1_122' title='bbox 489 1985 587 2031; x_wconf 77' lang='lat' dir='ltr'><strong>reaturo</strong></span> <span class='ocrx_word' id='word_1_123' title='bbox 614 2007 648 2016; x_wconf 94' lang='lat'>—</span> <span class='ocrx_word' id='word_1_124' title='bbox 674 1987 772 2032; x_wconf 78' lang='lat' dir='ltr'><strong>tratura</strong></span> <span class='ocrx_word' id='word_1_125' title='bbox 795 1996 854 2032; x_wconf 77' lang='lat' dir='ltr'><strong>stro.</strong></span> 
     </span>
     <span class='ocr_line' id='line_1_16' title="bbox 342 2057 1334 2140; baseline -0.004 -21"><span class='ocrx_word' id='word_1_126' title='bbox 342 2062 391 2119; x_wconf 81' lang='lat'><strong>43.</strong></span> <span class='ocrx_word' id='word_1_127' title='bbox 427 2080 472 2134; x_wconf 75' lang='lat' dir='ltr'><strong>eqo</strong></span> <span class='ocrx_word' id='word_1_128' title='bbox 500 2061 601 2129; x_wconf 84' lang='lat' dir='ltr'><strong>dicum)</strong></span> <span class='ocrx_word' id='word_1_129' title='bbox 625 2061 792 2117; x_wconf 89' lang='lat' dir='ltr'><strong>Pronomen</strong></span> <span class='ocrx_word' id='word_1_130' title='bbox 822 2061 933 2119; x_wconf 86' lang='lat' dir='ltr'><strong>addunt</strong></span> <span class='ocrx_word' id='word_1_131' title='bbox 960 2062 1048 2118; x_wconf 87' lang='lat' dir='ltr'><strong>etiam</strong></span> <span class='ocrx_word' id='word_1_132' title='bbox 1072 2057 1168 2140; x_wconf 74' lang='lat' dir='ltr'><strong>[Am]</strong></span> <span class='ocrx_word' id='word_1_133' title='bbox 1198 2059 1275 2134; x_wconf 86' lang='lat' dir='ltr'><strong>Spir.</strong></span> <span class='ocrx_word' id='word_1_134' title='bbox 1301 2069 1334 2116; x_wconf 90' lang='lat' dir='ltr'><strong>et</strong></span> 
     </span>
     <span class='ocr_line' id='line_1_17' title="bbox 239 2143 1285 2222; baseline -0.003 -18"><span class='ocrx_word' id='word_1_135' title='bbox 239 2143 336 2205; x_wconf 80' lang='lat' dir='ltr'><strong>&#39;Gud</strong></span> <span class='ocrx_word' id='word_1_136' title='bbox 352 2148 379 2216; x_wconf 71' lang='lat'><strong>2,</strong></span> <span class='ocrx_word' id='word_1_137' title='bbox 403 2146 433 2203; x_wconf 92' lang='lat' dir='ltr'><strong>id</strong></span> <span class='ocrx_word' id='word_1_138' title='bbox 456 2154 509 2216; x_wconf 71' lang='lat' dir='ltr'><strong>est,</strong></span> <span class='ocrx_word' id='word_1_139' title='bbox 532 2145 680 2213; x_wconf 79' lang='lat' dir='ltr'><strong>rinelioros3</strong></span> <span class='ocrx_word' id='word_1_140' title='bbox 704 2165 735 2202; x_wconf 90' lang='lat' dir='ltr'><strong>se</strong></span> <span class='ocrx_word' id='word_1_141' title='bbox 758 2146 963 2222; x_wconf 87' lang='lat' dir='ltr'><strong>eCyrennicis</strong></span> <span class='ocrx_word' id='word_1_142' title='bbox 986 2158 1015 2204; x_wconf 91' lang='lat' dir='ltr'><strong>et</strong></span> <span class='ocrx_word' id='word_1_143' title='bbox 1039 2147 1126 2221; x_wconf 81' lang='lat' dir='ltr'><strong>vulgo</strong></span> <span class='ocrx_word' id='word_1_144' title='bbox 1148 2144 1285 2220; x_wconf 83' lang='lat' dir='ltr'><strong>seiungit.</strong></span> 
     </span>
     <span class='ocr_line' id='line_1_18' title="bbox 340 2230 1333 2308; baseline -0.002 -20"><span class='ocrx_word' id='word_1_145' title='bbox 340 2243 365 2289; x_wconf 85' lang='lat' dir='ltr'><strong>et</strong></span> <span class='ocrx_word' id='word_1_146' title='bbox 386 2233 539 2288; x_wconf 66' lang='lat' dir='ltr'><strong>densissimis</strong></span> <span class='ocrx_word' id='word_1_147' title='bbox 561 2234 644 2287; x_wconf 59' lang='lat' dir='ltr'><strong>aazias·</strong></span> <span class='ocrx_word' id='word_1_148' title='bbox 664 2232 813 2304; x_wconf 77' lang='lat' dir='ltr'><strong>doloribus)</strong></span> <span class='ocrx_word' id='word_1_149' title='bbox 838 2233 993 2308; x_wconf 85' lang='lat' dir='ltr'><strong>Sumptum</strong></span> <span class='ocrx_word' id='word_1_150' title='bbox 1017 2232 1072 2288; x_wconf 92' lang='lat' dir='ltr'><strong>hoc</strong></span> <span class='ocrx_word' id='word_1_151' title='bbox 1094 2251 1110 2288; x_wconf 91' lang='lat' dir='ltr'><strong>o</strong></span> <span class='ocrx_word' id='word_1_152' title='bbox 1132 2231 1216 2288; x_wconf 90' lang='lat' dir='ltr'><strong>codd.</strong></span> <span class='ocrx_word' id='word_1_153' title='bbox 1239 2230 1333 2287; x_wconf 89' lang='lat' dir='ltr'><strong>corri-</strong></span> 
     </span>
     <span class='ocr_line' id='line_1_19' title="bbox 256 2316 1334 2394; baseline -0.002 -20"><span class='ocrx_word' id='word_1_154' title='bbox 256 2319 352 2394; x_wconf 79' lang='lat' dir='ltr'><strong>gendo</strong></span> <span class='ocrx_word' id='word_1_155' title='bbox 374 2316 544 2379; x_wconf 75' lang='lat' dir='ltr'><strong>emendatis,</strong></span> <span class='ocrx_word' id='word_1_156' title='bbox 569 2316 593 2372; x_wconf 87' lang='lat' dir='ltr'>L</span> <span class='ocrx_word' id='word_1_157' title='bbox 615 2328 645 2372; x_wconf 91' lang='lat' dir='ltr'><strong>et</strong></span> <span class='ocrx_word' id='word_1_158' title='bbox 670 2317 731 2374; x_wconf 84' lang='lat' dir='ltr'><strong>l&#39;nl.</strong></span> <span class='ocrx_word' id='word_1_159' title='bbox 758 2318 786 2386; x_wconf 77' lang='lat'><strong>2,</strong></span> <span class='ocrx_word' id='word_1_160' title='bbox 809 2317 860 2374; x_wconf 92' lang='lat' dir='ltr'><strong>sed</strong></span> <span class='ocrx_word' id='word_1_161' title='bbox 884 2318 1017 2392; x_wconf 88' lang='lat' dir='ltr'><strong>proxime</strong></span> <span class='ocrx_word' id='word_1_162' title='bbox 1040 2317 1075 2373; x_wconf 90' lang='lat' dir='ltr'><strong>ad</strong></span> <span class='ocrx_word' id='word_1_163' title='bbox 1099 2316 1277 2391; x_wconf 84' lang='lat' dir='ltr'><strong>optimorum</strong></span> <span class='ocrx_word' id='word_1_164' title='bbox 1301 2323 1334 2372; x_wconf 90' lang='lat' dir='ltr'><strong>et</strong></span> 
     </span>
     <span class='ocr_line' id='line_1_20' title="bbox 257 2401 1331 2477; baseline 0 -18"><span class='ocrx_word' id='word_1_165' title='bbox 257 2402 446 2459; x_wconf 86' lang='lat' dir='ltr'><strong>mediocrium</strong></span> <span class='ocrx_word' id='word_1_166' title='bbox 470 2401 662 2476; x_wconf 89' lang='lat' dir='ltr'><strong>complurium</strong></span> <span class='ocrx_word' id='word_1_167' title='bbox 686 2402 861 2477; x_wconf 79' lang='lat' dir='ltr'><strong>scripturam</strong></span> <span class='ocrx_word' id='word_1_168' title='bbox 885 2404 1064 2476; x_wconf 65' lang='lat' dir='ltr'><strong>(prrmssirm&#39;s)</strong></span> <span class='ocrx_word' id='word_1_169' title='bbox 1087 2401 1331 2472; x_wconf 85' lang='lat' dir='ltr'><strong>accedit(Lamb.</strong></span> 
     </span>
     <span class='ocr_line' id='line_1_21' title="bbox 256 2485 1331 2564; baseline -0.001 -20"><span class='ocrx_word' id='word_1_170' title='bbox 256 2489 396 2556; x_wconf 76' lang='lat' dir='ltr'><strong>omnium,</strong></span> <span class='ocrx_word' id='word_1_171' title='bbox 418 2487 490 2544; x_wconf 87' lang='lat' dir='ltr'><strong>Pali.</strong></span> <span class='ocrx_word' id='word_1_172' title='bbox 507 2490 532 2555; x_wconf 70' lang='lat' dir='ltr'><strong>l,</strong></span> <span class='ocrx_word' id='word_1_173' title='bbox 542 2489 570 2547; x_wconf 80' lang='lat'><strong>4.</strong></span> <span class='ocrx_word' id='word_1_174' title='bbox 581 2489 608 2546; x_wconf 81' lang='lat' dir='ltr'><strong>o.</strong></span> <span class='ocrx_word' id='word_1_175' title='bbox 622 2485 686 2564; x_wconf 68' lang='lat' dir='ltr'><strong>[li]</strong></span> <span class='ocrx_word' id='word_1_176' title='bbox 703 2488 784 2543; x_wconf 83' lang='lat' dir='ltr'><strong>Pam.</strong></span> <span class='ocrx_word' id='word_1_177' title='bbox 797 2488 884 2545; x_wconf 86' lang='lat' dir='ltr'><strong>trium</strong></span> <span class='ocrx_word' id='word_1_178' title='bbox 898 2488 984 2556; x_wconf 72' lang='lat' dir='ltr'><strong>Dum,</strong></span> <span class='ocrx_word' id='word_1_179' title='bbox 997 2487 1054 2546; x_wconf 84' lang='lat' dir='ltr'><strong>Ox.</strong></span> <span class='ocrx_word' id='word_1_180' title='bbox 1065 2487 1118 2558; x_wconf 88' lang='lat' dir='ltr'><strong>U);</strong></span> <span class='ocrx_word' id='word_1_181' title='bbox 1136 2487 1225 2544; x_wconf 83' lang='lat' dir='ltr'><strong>ceteri</strong></span> <span class='ocrx_word' id='word_1_182' title='bbox 1237 2485 1331 2560; x_wconf 85' lang='lat' dir='ltr'><strong>(Poll.</strong></span> 
     </span>
     <span class='ocr_line' id='line_1_22' title="bbox 258 2570 1333 2647; baseline -0.002 -17"><span class='ocrx_word' id='word_1_183' title='bbox 258 2573 286 2642; x_wconf 70' lang='grc'><strong>3,</strong></span> <span class='ocrx_word' id='word_1_184' title='bbox 305 2574 333 2631; x_wconf 82' lang='lat'><strong>5.</strong></span> <span class='ocrx_word' id='word_1_185' title='bbox 359 2572 473 2630; x_wconf 86' lang='lat' dir='ltr'><strong>Davisii</strong></span> <span class='ocrx_word' id='word_1_186' title='bbox 496 2580 570 2638; x_wconf 75' lang='lat' dir='ltr'><strong>tres,</strong></span> <span class='ocrx_word' id='word_1_187' title='bbox 594 2570 672 2629; x_wconf 84' lang='lat' dir='ltr'>Oxx.</span> <span class='ocrx_word' id='word_1_188' title='bbox 697 2573 769 2640; x_wconf 85' lang='lat' dir='ltr'><strong>duo,</strong></span> <span class='ocrx_word' id='word_1_189' title='bbox 794 2571 861 2631; x_wconf 81' lang='lat' dir='ltr'><strong>Gaii</strong></span> <span class='ocrx_word' id='word_1_190' title='bbox 885 2573 1009 2647; x_wconf 83' lang='lat' dir='ltr'><strong>aliquot)</strong></span> <span class='ocrx_word' id='word_1_191' title='bbox 1030 2575 1209 2646; x_wconf 77' lang='lat' dir='ltr'><strong>pravissimis,</strong></span> <span class='ocrx_word' id='word_1_192' title='bbox 1232 2590 1248 2628; x_wconf 92' lang='lat' dir='ltr'><strong>e</strong></span> <span class='ocrx_word' id='word_1_193' title='bbox 1271 2589 1333 2645; x_wconf 92' lang='lat' dir='ltr'><strong>quo</strong></span> 
     </span>
     <span class='ocr_line' id='line_1_23' title="bbox 257 2655 1333 2734; baseline -0.002 -19"><span class='ocrx_word' id='word_1_194' title='bbox 257 2659 359 2716; x_wconf 87' lang='lat' dir='ltr'><strong>Lamb.</strong></span> <span class='ocrx_word' id='word_1_195' title='bbox 369 2659 545 2730; x_wconf 68' lang='lat' dir='ltr'><strong>pravissimis.</strong></span> <span class='ocrx_word' id='word_1_196' title='bbox 581 2656 696 2722; x_wconf 74' lang='lat' dir='ltr'><strong>Fateor,</strong></span> <span class='ocrx_word' id='word_1_197' title='bbox 714 2659 813 2714; x_wconf 69' lang='lat' dir='ltr'><strong>(lucrum</strong></span> <span class='ocrx_word' id='word_1_198' title='bbox 830 2658 960 2715; x_wconf 89' lang='lat' dir='ltr'><strong>dolorem</strong></span> <span class='ocrx_word' id='word_1_199' title='bbox 978 2657 1240 2734; x_wconf 76' lang='lat' dir='ltr'><strong>eptadCiceronem</strong></span> <span class='ocrx_word' id='word_1_200' title='bbox 1258 2655 1333 2714; x_wconf 85' lang='lat' dir='ltr'><strong>alibi</strong></span> 
     </span>
     <span class='ocr_line' id='line_1_24' title="bbox 256 2738 1334 2819; baseline -0.002 -19"><span class='ocrx_word' id='word_1_201' title='bbox 256 2761 314 2800; x_wconf 89' lang='lat' dir='ltr'><strong>non</strong></span> <span class='ocrx_word' id='word_1_202' title='bbox 338 2738 409 2802; x_wconf 79' lang='lat' dir='ltr'><strong>diei.</strong></span> <span class='ocrx_word' id='word_1_203' title='bbox 433 2752 462 2798; x_wconf 88' lang='lat' dir='ltr'><strong>et</strong></span> <span class='ocrx_word' id='word_1_204' title='bbox 484 2741 513 2798; x_wconf 92' lang='lat' dir='ltr'><strong>in</strong></span> <span class='ocrx_word' id='word_1_205' title='bbox 536 2741 592 2798; x_wconf 91' lang='lat' dir='ltr'><strong>hoc</strong></span> <span class='ocrx_word' id='word_1_206' title='bbox 614 2742 798 2799; x_wconf 78' lang='lat' dir='ltr'><strong>substantivo</strong></span> <span class='ocrx_word' id='word_1_207' title='bbox 821 2743 980 2817; x_wconf 86' lang='lat' dir='ltr'><strong>scriptores</strong></span> <span class='ocrx_word' id='word_1_208' title='bbox 1003 2761 1107 2819; x_wconf 85' lang='lat' dir='ltr'><strong>prosae</strong></span> <span class='ocrx_word' id='word_1_209' title='bbox 1129 2741 1334 2800; x_wconf 86' lang='lat' dir='ltr'><strong>orationis-iis</strong></span> 
     </span>
     <span class='ocr_line' id='line_1_25' title="bbox 256 2827 1333 2905; baseline -0.002 -20"><span class='ocrx_word' id='word_1_210' title='bbox 256 2829 355 2905; x_wconf 88' lang='lat' dir='ltr'><strong>potius</strong></span> <span class='ocrx_word' id='word_1_211' title='bbox 377 2827 530 2884; x_wconf 89' lang='lat' dir='ltr'><strong>adiectivis</strong></span> <span class='ocrx_word' id='word_1_212' title='bbox 549 2827 601 2895; x_wconf 77' lang='lat' dir='ltr'><strong>uti,</strong></span> <span class='ocrx_word' id='word_1_213' title='bbox 625 2845 699 2900; x_wconf 86' lang='lat' dir='ltr'><strong>quae</strong></span> <span class='ocrx_word' id='word_1_214' title='bbox 723 2829 760 2883; x_wconf 87' lang='lat' dir='ltr'><strong>ab</strong></span> <span class='ocrx_word' id='word_1_215' title='bbox 778 2846 867 2884; x_wconf 86' lang='lat' dir='ltr'><strong>onere</strong></span> <span class='ocrx_word' id='word_1_216' title='bbox 884 2837 936 2884; x_wconf 87' lang='lat' dir='ltr'><strong>aut</strong></span> <span class='ocrx_word' id='word_1_217' title='bbox 953 2848 970 2885; x_wconf 91' lang='lat' dir='ltr'><strong>a</strong></span> <span class='ocrx_word' id='word_1_218' title='bbox 988 2837 1068 2885; x_wconf 86' lang='lat' dir='ltr'><strong>tactu</strong></span> <span class='ocrx_word' id='word_1_219' title='bbox 1086 2838 1136 2884; x_wconf 89' lang='lat' dir='ltr'><strong>aut</strong></span> <span class='ocrx_word' id='word_1_220' title='bbox 1152 2837 1240 2903; x_wconf 86' lang='lat' dir='ltr'><strong>gustu</strong></span> <span class='ocrx_word' id='word_1_221' title='bbox 1257 2827 1333 2883; x_wconf 88' lang='lat' dir='ltr'><strong>ima-</strong></span> 
     </span>
     <span class='ocr_line' id='line_1_26' title="bbox 224 2912 1333 2991; baseline -0.002 -21"><span class='ocrx_word' id='word_1_222' title='bbox 224 2950 229 2961; x_wconf 90' lang='lat'>·</span> <span class='ocrx_word' id='word_1_223' title='bbox 256 2913 353 2991; x_wconf 79' lang='lat' dir='ltr'><strong>ginem</strong></span> <span class='ocrx_word' id='word_1_224' title='bbox 377 2913 539 2981; x_wconf 63' lang='lat' dir='ltr'><strong>traducant,</strong></span> <span class='ocrx_word' id='word_1_225' title='bbox 563 2930 627 2968; x_wconf 93' lang='lat' dir='ltr'><strong>cum</strong></span> <span class='ocrx_word' id='word_1_226' title='bbox 653 2912 707 2968; x_wconf 79' lang='lat' dir='ltr'><strong>lroc</strong></span> <span class='ocrx_word' id='word_1_227' title='bbox 731 2913 824 2988; x_wconf 75' lang='lat' dir='ltr'><strong>stragis</strong></span> <span class='ocrx_word' id='word_1_228' title='bbox 846 2914 882 2969; x_wconf 88' lang='lat' dir='ltr'><strong>sd</strong></span> <span class='ocrx_word' id='word_1_229' title='bbox 902 2914 1028 2988; x_wconf 80' lang='lat' dir='ltr'><strong>rigorem</strong></span> <span class='ocrx_word' id='word_1_230' title='bbox 1046 2914 1192 2988; x_wconf 89' lang='lat' dir='ltr'><strong>quendam</strong></span> <span class='ocrx_word' id='word_1_231' title='bbox 1209 2920 1333 2987; x_wconf 75' lang='lat' dir='ltr'><strong>spectet,</strong></span> 
     </span>
     <span class='ocr_line' id='line_1_27' title="bbox 256 2997 1333 3058; baseline -0.004 -1"><span class='ocrx_word' id='word_1_232' title='bbox 256 3008 290 3057; x_wconf 88' lang='lat' dir='ltr'><strong>nt</strong></span> <span class='ocrx_word' id='word_1_233' title='bbox 312 2998 398 3056; x_wconf 90' lang='lat' dir='ltr'><strong>aliter</strong></span> <span class='ocrx_word' id='word_1_234' title='bbox 419 3000 491 3055; x_wconf 83' lang='lat' dir='ltr'><strong>duro</strong></span> <span class='ocrx_word' id='word_1_235' title='bbox 513 2999 630 3055; x_wconf 73' lang='lat' dir='ltr'><strong>condecr&#39;o</strong></span> <span class='ocrx_word' id='word_1_236' title='bbox 647 2998 761 3055; x_wconf 86' lang='lat' dir='ltr'><strong>dicatur</strong></span> <span class='ocrx_word' id='word_1_237' title='bbox 779 3007 807 3055; x_wconf 90' lang='lat' dir='ltr'><strong>et</strong></span> <span class='ocrx_word' id='word_1_238' title='bbox 823 3002 947 3056; x_wconf 80' lang='lat' dir='ltr'><strong>servitus.</strong></span> <span class='ocrx_word' id='word_1_239' title='bbox 982 2998 1041 3058; x_wconf 88' lang='lat' dir='ltr'><strong>Sed</strong></span> <span class='ocrx_word' id='word_1_240' title='bbox 1059 3008 1156 3056; x_wconf 82' lang='lat' dir='ltr'><strong>tamen</strong></span> <span class='ocrx_word' id='word_1_241' title='bbox 1173 2997 1333 3054; x_wconf 86' lang='lat' dir='ltr'><strong>admodum</strong></span> 
     </span>
     <span class='ocr_line' id='line_1_28' title="bbox 257 3081 1333 3160; baseline -0.003 -19"><span class='ocrx_word' id='word_1_242' title='bbox 257 3083 422 3160; x_wconf 88' lang='lat' dir='ltr'><strong>propinqua</strong></span> <span class='ocrx_word' id='word_1_243' title='bbox 445 3083 517 3140; x_wconf 87' lang='lat' dir='ltr'><strong>baec</strong></span> <span class='ocrx_word' id='word_1_244' title='bbox 540 3093 621 3152; x_wconf 89' lang='lat' dir='ltr'><strong>sunt;</strong></span> <span class='ocrx_word' id='word_1_245' title='bbox 652 3094 682 3139; x_wconf 91' lang='lat' dir='ltr'><strong>et</strong></span> <span class='ocrx_word' id='word_1_246' title='bbox 704 3084 884 3140; x_wconf 83' lang='lat' dir='ltr'><strong>transierunt</strong></span> <span class='ocrx_word' id='word_1_247' title='bbox 905 3084 991 3140; x_wconf 86' lang='lat' dir='ltr'><strong>linem</strong></span> <span class='ocrx_word' id='word_1_248' title='bbox 1015 3083 1098 3141; x_wconf 91' lang='lat' dir='ltr'><strong>ilium</strong></span> <span class='ocrx_word' id='word_1_249' title='bbox 1122 3089 1236 3158; x_wconf 71' lang='lat' dir='ltr'><strong>poetae,</strong></span> <span class='ocrx_word' id='word_1_250' title='bbox 1260 3081 1333 3157; x_wconf 92' lang='lat' dir='ltr'><strong>qnin</strong></span> 
     </span>
     <span class='ocr_line' id='line_1_29' title="bbox 257 3165 1331 3246; baseline 0.001 -21"><span class='ocrx_word' id='word_1_251' title='bbox 257 3170 320 3246; x_wconf 90' lang='lat' dir='ltr'><strong>ipse</strong></span> <span class='ocrx_word' id='word_1_252' title='bbox 342 3169 481 3243; x_wconf 88' lang='lat' dir='ltr'><strong>antiquus</strong></span> <span class='ocrx_word' id='word_1_253' title='bbox 504 3187 573 3225; x_wconf 90' lang='lat' dir='ltr'><strong>usus</strong></span> <span class='ocrx_word' id='word_1_254' title='bbox 596 3168 774 3238; x_wconf 71' lang='lat' dir='ltr'><strong>cotidianus,</strong></span> <span class='ocrx_word' id='word_1_255' title='bbox 797 3177 830 3226; x_wconf 91' lang='lat' dir='ltr'><strong>nt</strong></span> <span class='ocrx_word' id='word_1_256' title='bbox 852 3169 880 3225; x_wconf 93' lang='lat' dir='ltr'><strong>in</strong></span> <span class='ocrx_word' id='word_1_257' title='bbox 904 3171 973 3225; x_wconf 82' lang='lat' dir='ltr'><strong>duro</strong></span> <span class='ocrx_word' id='word_1_258' title='bbox 994 3173 1054 3226; x_wconf 79' lang='lat' dir='ltr'><strong>virro</strong></span> <span class='ocrx_word' id='word_1_259' title='bbox 1076 3168 1154 3244; x_wconf 82' lang='lat' dir='ltr'><strong>apud</strong></span> <span class='ocrx_word' id='word_1_260' title='bbox 1176 3165 1331 3227; x_wconf 82' lang='lat' dir='ltr'><strong>Catonem.</strong></span> 
     </span>
     <span class='ocr_line' id='line_1_30' title="bbox 342 3251 1332 3326; baseline -0.001 -16"><span class='ocrx_word' id='word_1_261' title='bbox 342 3264 381 3310; x_wconf 86' lang='lat' dir='ltr'><strong>est</strong></span> <span class='ocrx_word' id='word_1_262' title='bbox 408 3254 575 3326; x_wconf 72' lang='lat' dir='ltr'><strong>adhibendo)</strong></span> <span class='ocrx_word' id='word_1_263' title='bbox 598 3253 761 3309; x_wconf 73' lang='lat' dir='ltr'><strong>Adhibenda</strong></span> <span class='ocrx_word' id='word_1_264' title='bbox 790 3265 830 3314; x_wconf 83' lang='lat' dir='ltr'><strong>est</strong></span> <span class='ocrx_word' id='word_1_265' title='bbox 852 3252 944 3312; x_wconf 86' lang='lat' dir='ltr'><strong>Gzius</strong></span> <span class='ocrx_word' id='word_1_266' title='bbox 972 3254 1013 3310; x_wconf 87' lang='lat' dir='ltr'><strong>ait</strong></span> <span class='ocrx_word' id='word_1_267' title='bbox 1041 3254 1130 3311; x_wconf 88' lang='lat' dir='ltr'><strong>scribi</strong></span> <span class='ocrx_word' id='word_1_268' title='bbox 1153 3253 1183 3309; x_wconf 89' lang='lat' dir='ltr'><strong>in</strong></span> <span class='ocrx_word' id='word_1_269' title='bbox 1206 3251 1286 3311; x_wconf 90' lang='lat' dir='ltr'><strong>Gud.</strong></span> <span class='ocrx_word' id='word_1_270' title='bbox 1313 3252 1332 3309; x_wconf 76' lang='lat'>2</span> 
     </span>
     <span class='ocr_line' id='line_1_31' title="bbox 257 3338 1332 3413; baseline -0.005 -15"><span class='ocrx_word' id='word_1_271' title='bbox 257 3350 287 3398; x_wconf 87' lang='lat' dir='ltr'><strong>st</strong></span> <span class='ocrx_word' id='word_1_272' title='bbox 312 3340 389 3407; x_wconf 82' lang='lat' dir='ltr'><strong>Bas,</strong></span> <span class='ocrx_word' id='word_1_273' title='bbox 414 3339 474 3397; x_wconf 88' lang='lat' dir='ltr'><strong>Erl.</strong></span> <span class='ocrx_word' id='word_1_274' title='bbox 500 3349 530 3394; x_wconf 92' lang='lat' dir='ltr'><strong>et</strong></span> <span class='ocrx_word' id='word_1_275' title='bbox 552 3339 628 3413; x_wconf 88' lang='lat' dir='ltr'><strong>Spir.</strong></span> <span class='ocrx_word' id='word_1_276' title='bbox 654 3339 789 3396; x_wconf 84' lang='lat' dir='ltr'><strong>onnittera</strong></span> <span class='ocrx_word' id='word_1_277' title='bbox 812 3349 864 3406; x_wconf 77' lang='lat' dir='ltr'><strong>est,</strong></span> <span class='ocrx_word' id='word_1_278' title='bbox 888 3338 964 3403; x_wconf 86' lang='lat' dir='ltr'><strong>falso</strong></span> <span class='ocrx_word' id='word_1_279' title='bbox 988 3339 1023 3395; x_wconf 92' lang='lat' dir='ltr'><strong>de</strong></span> <span class='ocrx_word' id='word_1_280' title='bbox 1046 3338 1124 3408; x_wconf 77' lang='lat' dir='ltr'><strong>Eri,</strong></span> <span class='ocrx_word' id='word_1_281' title='bbox 1149 3355 1202 3394; x_wconf 89' lang='lat' dir='ltr'><strong>nec</strong></span> <span class='ocrx_word' id='word_1_282' title='bbox 1225 3338 1332 3404; x_wconf 82' lang='lat' dir='ltr'><strong>minus,</strong></span> 
     </span>
     <span class='ocr_line' id='line_1_32' title="bbox 257 3421 1334 3501; baseline -0.005 -18"><span class='ocrx_word' id='word_1_283' title='bbox 257 3427 373 3500; x_wconf 74' lang='lat' dir='ltr'><strong>opinor,</strong></span> <span class='ocrx_word' id='word_1_284' title='bbox 396 3424 431 3481; x_wconf 91' lang='lat' dir='ltr'><strong>de</strong></span> <span class='ocrx_word' id='word_1_285' title='bbox 455 3424 531 3500; x_wconf 89' lang='lat' dir='ltr'><strong>Spir.</strong></span> <span class='ocrx_word' id='word_1_286' title='bbox 550 3422 590 3501; x_wconf 92' lang='lat' dir='ltr'><strong>[B</strong></span> <span class='ocrx_word' id='word_1_287' title='bbox 607 3434 640 3480; x_wconf 91' lang='lat' dir='ltr'><strong>nt</strong></span> <span class='ocrx_word' id='word_1_288' title='bbox 653 3422 730 3501; x_wconf 81' lang='lat' dir='ltr'><strong>Eri]</strong></span> <span class='ocrx_word' id='word_1_289' title='bbox 764 3425 883 3490; x_wconf 74' lang='lat' dir='ltr'><strong>Eorum,</strong></span> <span class='ocrx_word' id='word_1_290' title='bbox 907 3424 957 3498; x_wconf 92' lang='lat' dir='ltr'><strong>qui</strong></span> <span class='ocrx_word' id='word_1_291' title='bbox 981 3425 1071 3482; x_wconf 88' lang='lat' dir='ltr'><strong>verbo</strong></span> <span class='ocrx_word' id='word_1_292' title='bbox 1094 3434 1133 3481; x_wconf 88' lang='lat' dir='ltr'><strong>est</strong></span> <span class='ocrx_word' id='word_1_293' title='bbox 1156 3423 1264 3480; x_wconf 89' lang='lat' dir='ltr'><strong>bellum</strong></span> <span class='ocrx_word' id='word_1_294' title='bbox 1288 3421 1334 3479; x_wconf 91' lang='lat' dir='ltr'><strong>in·</strong></span> 
     </span>
     <span class='ocr_line' id='line_1_33' title="bbox 257 3506 1333 3584; baseline -0.006 -15"><span class='ocrx_word' id='word_1_295' title='bbox 257 3509 367 3569; x_wconf 89' lang='lat' dir='ltr'><strong>dietum</strong></span> <span class='ocrx_word' id='word_1_296' title='bbox 391 3509 572 3579; x_wconf 82' lang='lat' dir='ltr'><strong>babuerunt,</strong></span> <span class='ocrx_word' id='word_1_297' title='bbox 602 3509 657 3565; x_wconf 90' lang='lat' dir='ltr'><strong>hoc</strong></span> <span class='ocrx_word' id='word_1_298' title='bbox 686 3527 802 3584; x_wconf 90' lang='lat' dir='ltr'><strong>quoqne</strong></span> <span class='ocrx_word' id='word_1_299' title='bbox 826 3518 1014 3584; x_wconf 88' lang='lat' dir='ltr'><strong>praeceptum</strong></span> <span class='ocrx_word' id='word_1_300' title='bbox 1037 3518 1096 3577; x_wconf 72' lang='lat' dir='ltr'><strong>est,</strong></span> <span class='ocrx_word' id='word_1_301' title='bbox 1124 3527 1142 3565; x_wconf 87' lang='lat' dir='ltr'><strong>a</strong></span> <span class='ocrx_word' id='word_1_302' title='bbox 1167 3507 1272 3565; x_wconf 87' lang='lat' dir='ltr'><strong>Beiero</strong></span> <span class='ocrx_word' id='word_1_303' title='bbox 1294 3506 1333 3563; x_wconf 89' lang='lat' dir='ltr'><strong>ad</strong></span> 
     </span>
     <span class='ocr_line' id='line_1_34' title="bbox 258 3594 1335 3670; baseline -0.006 -16"><span class='ocrx_word' id='word_1_304' title='bbox 258 3595 316 3655; x_wconf 87' lang='lat' dir='ltr'><strong>Off.</strong></span> <span class='ocrx_word' id='word_1_305' title='bbox 328 3596 354 3666; x_wconf 83' lang='lat'><strong>1,</strong></span> <span class='ocrx_word' id='word_1_306' title='bbox 367 3595 405 3651; x_wconf 81' lang='grc'><strong>25</strong></span> <span class='ocrx_word' id='word_1_307' title='bbox 430 3595 471 3651; x_wconf 89' lang='lat' dir='ltr'><strong>its</strong></span> <span class='ocrx_word' id='word_1_308' title='bbox 494 3595 670 3670; x_wconf 75' lang='lat' dir='ltr'><strong>expositum,</strong></span> <span class='ocrx_word' id='word_1_309' title='bbox 695 3605 727 3651; x_wconf 92' lang='lat' dir='ltr'><strong>ut</strong></span> <span class='ocrx_word' id='word_1_310' title='bbox 750 3595 779 3651; x_wconf 92' lang='lat' dir='ltr'><strong>in</strong></span> <span class='ocrx_word' id='word_1_311' title='bbox 803 3613 838 3651; x_wconf 85' lang='lat' dir='ltr'><strong>ea</strong></span> <span class='ocrx_word' id='word_1_312' title='bbox 859 3614 891 3650; x_wconf 88' lang='lat' dir='ltr'><strong>re</strong></span> <span class='ocrx_word' id='word_1_313' title='bbox 910 3595 997 3651; x_wconf 88' lang='lat' dir='ltr'><strong>unius</strong></span> <span class='ocrx_word' id='word_1_314' title='bbox 1014 3594 1123 3652; x_wconf 87' lang='lat' dir='ltr'><strong>codicis</strong></span> <span class='ocrx_word' id='word_1_315' title='bbox 1140 3595 1207 3666; x_wconf 89' lang='lat' dir='ltr'><strong>(nee</strong></span> <span class='ocrx_word' id='word_1_316' title='bbox 1223 3609 1335 3668; x_wconf 81' lang='lat' dir='ltr'><strong>genera</strong></span> 
     </span>
     <span class='ocr_line' id='line_1_35' title="bbox 257 3680 1333 3753; baseline -0.006 -14"><span class='ocrx_word' id='word_1_317' title='bbox 257 3682 283 3739; x_wconf 90' lang='lat' dir='ltr'><strong>is</strong></span> <span class='ocrx_word' id='word_1_318' title='bbox 305 3681 471 3738; x_wconf 89' lang='lat' dir='ltr'><strong>discernere</strong></span> <span class='ocrx_word' id='word_1_319' title='bbox 499 3681 528 3737; x_wconf 90' lang='lat' dir='ltr'><strong>in</strong></span> <span class='ocrx_word' id='word_1_320' title='bbox 553 3680 661 3737; x_wconf 90' lang='lat' dir='ltr'><strong>talibus</strong></span> <span class='ocrx_word' id='word_1_321' title='bbox 684 3681 771 3737; x_wconf 89' lang='lat' dir='ltr'><strong>rebus</strong></span> <span class='ocrx_word' id='word_1_322' title='bbox 794 3680 919 3753; x_wconf 89' lang='lat' dir='ltr'><strong>solebat)</strong></span> <span class='ocrx_word' id='word_1_323' title='bbox 942 3680 1146 3736; x_wconf 87' lang='lat' dir='ltr'><strong>auctoritatem</strong></span> <span class='ocrx_word' id='word_1_324' title='bbox 1169 3687 1333 3734; x_wconf 88' lang='lat' dir='ltr'><strong>ceterorum</strong></span> 
     </span>
     <span class='ocr_line' id='line_1_36' title="bbox 257 3762 1334 3840; baseline -0.004 -18"><span class='ocrx_word' id='word_1_325' title='bbox 257 3765 411 3823; x_wconf 86' lang='lat' dir='ltr'><strong>consensui</strong></span> <span class='ocrx_word' id='word_1_326' title='bbox 436 3765 633 3838; x_wconf 83' lang='lat' dir='ltr'><strong>praelatarum</strong></span> <span class='ocrx_word' id='word_1_327' title='bbox 658 3783 688 3822; x_wconf 85' lang='lat' dir='ltr'><strong>se</strong></span> <span class='ocrx_word' id='word_1_328' title='bbox 713 3765 897 3840; x_wconf 74' lang='lat' dir='ltr'><strong>profiteatur,</strong></span> <span class='ocrx_word' id='word_1_329' title='bbox 927 3783 944 3821; x_wconf 89' lang='lat' dir='ltr'><strong>a</strong></span> <span class='ocrx_word' id='word_1_330' title='bbox 966 3764 1108 3823; x_wconf 88' lang='lat' dir='ltr'><strong>Cicerone</strong></span> <span class='ocrx_word' id='word_1_331' title='bbox 1131 3764 1187 3820; x_wconf 87' lang='lat' dir='ltr'><strong>hoc</strong></span> <span class='ocrx_word' id='word_1_332' title='bbox 1210 3762 1334 3820; x_wconf 88' lang='lat' dir='ltr'><strong>verbum</strong></span> 
     </span>
     <span class='ocr_line' id='line_1_37' title="bbox 258 3847 1333 3925; baseline -0.004 -18"><span class='ocrx_word' id='word_1_333' title='bbox 258 3851 353 3907; x_wconf 86' lang='lat' dir='ltr'><strong>omitti</strong></span> <span class='ocrx_word' id='word_1_334' title='bbox 377 3849 471 3906; x_wconf 89' lang='lat' dir='ltr'><strong>solere</strong></span> <span class='ocrx_word' id='word_1_335' title='bbox 494 3851 571 3924; x_wconf 74' lang='lat' dir='ltr'><strong>repud</strong></span> <span class='ocrx_word' id='word_1_336' title='bbox 595 3851 765 3925; x_wconf 78' lang='lat' dir='ltr'><strong>gerundivo.</strong></span> <span class='ocrx_word' id='word_1_337' title='bbox 805 3851 872 3907; x_wconf 89' lang='lat' dir='ltr'><strong>Non</strong></span> <span class='ocrx_word' id='word_1_338' title='bbox 896 3850 1004 3907; x_wconf 90' lang='lat' dir='ltr'><strong>omittit</strong></span> <span class='ocrx_word' id='word_1_339' title='bbox 1028 3850 1084 3906; x_wconf 90' lang='lat' dir='ltr'><strong>nisi</strong></span> <span class='ocrx_word' id='word_1_340' title='bbox 1108 3849 1137 3905; x_wconf 89' lang='lat' dir='ltr'><strong>in</strong></span> <span class='ocrx_word' id='word_1_341' title='bbox 1161 3847 1243 3904; x_wconf 86' lang='lat' dir='ltr'><strong>brevi</strong></span> <span class='ocrx_word' id='word_1_342' title='bbox 1267 3865 1333 3904; x_wconf 89' lang='lat' dir='ltr'><strong>sen·</strong></span> 
     </span>
     <span class='ocr_line' id='line_1_38' title="bbox 259 3934 1199 4011; baseline -0.004 -18"><span class='ocrx_word' id='word_1_343' title='bbox 259 3937 359 4001; x_wconf 79' lang='lat' dir='ltr'><strong>tentia,</strong></span> <span class='ocrx_word' id='word_1_344' title='bbox 384 3935 468 3991; x_wconf 91' lang='lat' dir='ltr'><strong>initio</strong></span> <span class='ocrx_word' id='word_1_345' title='bbox 493 3935 614 4011; x_wconf 75' lang='lat' dir='ltr'><strong>periodi,</strong></span> <span class='ocrx_word' id='word_1_346' title='bbox 638 3953 703 3991; x_wconf 89' lang='lat' dir='ltr'><strong>cum</strong></span> <span class='ocrx_word' id='word_1_347' title='bbox 726 3935 873 3992; x_wconf 87' lang='lat' dir='ltr'><strong>rhetorica</strong></span> <span class='ocrx_word' id='word_1_348' title='bbox 896 3936 1021 4008; x_wconf 87' lang='lat' dir='ltr'><strong>quedam</strong></span> <span class='ocrx_word' id='word_1_349' title='bbox 1045 3934 1199 4010; x_wconf 84' lang='lat' dir='ltr'><strong>gravitate.</strong></span> 
     </span>
     <span class='ocr_line' id='line_1_39' title="bbox 344 4021 935 4093; baseline -0.003 -15"><span class='ocrx_word' id='word_1_350' title='bbox 344 4021 502 4093; x_wconf 72' lang='lat' dir='ltr'><strong>terroribus)</strong></span> <span class='ocrx_word' id='word_1_351' title='bbox 526 4021 628 4077; x_wconf 88' lang='lat' dir='ltr'><strong>mortis</strong></span> <span class='ocrx_word' id='word_1_352' title='bbox 651 4031 681 4077; x_wconf 92' lang='lat' dir='ltr'><strong>et</strong></span> <span class='ocrx_word' id='word_1_353' title='bbox 703 4021 833 4085; x_wconf 66' lang='lat' dir='ltr'><strong>deornm,</strong></span> <span class='ocrx_word' id='word_1_354' title='bbox 858 4021 935 4089; x_wconf 72' lang='lat'><strong>563.</strong></span> 
     </span>
     <span class='ocr_line' id='line_1_40' title="bbox 314 4099 1335 4181; baseline -0.005 -19"><span class='ocrx_word' id='word_1_355' title='bbox 314 4123 317 4131; x_wconf 65' lang='lat'><strong><em>⁴</em></strong></span> <span class='ocrx_word' id='word_1_356' title='bbox 343 4110 488 4163; x_wconf 75' lang='lat' dir='ltr'><strong>tennerimte</strong></span> <span class='ocrx_word' id='word_1_357' title='bbox 509 4107 632 4181; x_wconf 76' lang='lat' dir='ltr'><strong>‹lereptal</strong></span> <span class='ocrx_word' id='word_1_358' title='bbox 657 4106 706 4163; x_wconf 89' lang='lat' dir='ltr'><strong>Sic</strong></span> <span class='ocrx_word' id='word_1_359' title='bbox 729 4106 948 4174; x_wconf 84' lang='lat' dir='ltr'><strong>esnisLsmb.,</strong></span> <span class='ocrx_word' id='word_1_360' title='bbox 972 4104 1119 4164; x_wconf 87' lang='lat' dir='ltr'><strong>Gruterus</strong></span> <span class='ocrx_word' id='word_1_361' title='bbox 1138 4103 1241 4163; x_wconf 81' lang='lat' dir='ltr'><strong>tacite:</strong></span> <span class='ocrx_word' id='word_1_362' title='bbox 1264 4099 1335 4161; x_wconf 87' lang='lat' dir='ltr'><strong>Gzii</strong></span> 
     </span>
     <span class='ocr_line' id='line_1_41' title="bbox 258 4185 1334 4268; baseline -0.004 -19"><span class='ocrx_word' id='word_1_363' title='bbox 258 4201 376 4268; x_wconf 84' lang='lat' dir='ltr'><strong>praeter</strong></span> <span class='ocrx_word' id='word_1_364' title='bbox 388 4192 449 4248; x_wconf 78' lang='lat' dir='ltr'><strong>Eri.</strong></span> <span class='ocrx_word' id='word_1_365' title='bbox 468 4200 496 4248; x_wconf 89' lang='lat' dir='ltr'><strong>et</strong></span> <span class='ocrx_word' id='word_1_366' title='bbox 514 4190 590 4268; x_wconf 84' lang='lat' dir='ltr'><strong>Spir.</strong></span> <span class='ocrx_word' id='word_1_367' title='bbox 615 4193 729 4266; x_wconf 70' lang='lat' dir='ltr'><strong>direpto,</strong></span> <span class='ocrx_word' id='word_1_368' title='bbox 753 4200 785 4248; x_wconf 90' lang='lat' dir='ltr'><strong>ut</strong></span> <span class='ocrx_word' id='word_1_369' title='bbox 803 4191 878 4248; x_wconf 86' lang='lat' dir='ltr'><strong>Dav.</strong></span> <span class='ocrx_word' id='word_1_370' title='bbox 899 4191 943 4247; x_wconf 78' lang='lat' dir='ltr'><strong>sl.</strong></span> <span class='ocrx_word' id='word_1_371' title='bbox 965 4200 1098 4263; x_wconf 76' lang='lat' dir='ltr'><strong>uterque,</strong></span> <span class='ocrx_word' id='word_1_372' title='bbox 1111 4188 1229 4256; x_wconf 60' lang='lat' dir='ltr'><strong>Mead„</strong></span> <span class='ocrx_word' id='word_1_373' title='bbox 1247 4185 1334 4252; x_wconf 86' lang='lat' dir='ltr'>CCC,</span> 
     </span>
     <span class='ocr_line' id='line_1_42' title="bbox 259 4274 1336 4351; baseline -0.006 -16"><span class='ocrx_word' id='word_1_374' title='bbox 259 4277 353 4345; x_wconf 79' lang='lat' dir='ltr'><strong>Beli,</strong></span> <span class='ocrx_word' id='word_1_375' title='bbox 384 4278 430 4333; x_wconf 88' lang='lat' dir='ltr'><strong>vel</strong></span> <span class='ocrx_word' id='word_1_376' title='bbox 459 4278 573 4340; x_wconf 80' lang='lat' dir='ltr'><strong>direrntq</strong></span> <span class='ocrx_word' id='word_1_377' title='bbox 596 4279 741 4351; x_wconf 80' lang='lat' dir='ltr'><strong>(dirempta</strong></span> <span class='ocrx_word' id='word_1_378' title='bbox 763 4276 827 4334; x_wconf 92' lang='lat' dir='ltr'><strong>cod.</strong></span> <span class='ocrx_word' id='word_1_379' title='bbox 853 4276 943 4347; x_wconf 80' lang='lat' dir='ltr'><strong>Urs).</strong></span> <span class='ocrx_word' id='word_1_380' title='bbox 989 4274 1124 4332; x_wconf 83' lang='lat' dir='ltr'><strong>Insolens</strong></span> <span class='ocrx_word' id='word_1_381' title='bbox 1147 4284 1192 4331; x_wconf 90' lang='lat' dir='ltr'><strong>est</strong></span> <span class='ocrx_word' id='word_1_382' title='bbox 1214 4275 1336 4348; x_wconf 68' lang='lat' dir='ltr'><strong>dempera</strong></span> 
     </span>
     <span class='ocr_line' id='line_1_43' title="bbox 258 4360 1377 4437; baseline -0.005 -18"><span class='ocrx_word' id='word_1_383' title='bbox 258 4366 340 4420; x_wconf 78' lang='lat' dir='ltr'><strong>slr&#39;cui</strong></span> <span class='ocrx_word' id='word_1_384' title='bbox 361 4367 530 4419; x_wconf 71' lang='lat' dir='ltr'><strong>terremtatem</strong></span> <span class='ocrx_word' id='word_1_385' title='bbox 554 4381 607 4437; x_wconf 90' lang='lat' dir='ltr'><strong>pro</strong></span> <span class='ocrx_word' id='word_1_386' title='bbox 630 4381 674 4429; x_wconf 72' lang='lat' dir='ltr'><strong>eo,</strong></span> <span class='ocrx_word' id='word_1_387' title='bbox 698 4361 775 4435; x_wconf 88' lang='lat' dir='ltr'><strong>quod</strong></span> <span class='ocrx_word' id='word_1_388' title='bbox 799 4372 844 4418; x_wconf 87' lang='lat' dir='ltr'><strong>est</strong></span> <span class='ocrx_word' id='word_1_389' title='bbox 865 4361 1019 4427; x_wconf 56' lang='lat' dir='ltr'><strong>decmbere</strong></span> <span class='ocrx_word' id='word_1_390' title='bbox 1042 4360 1137 4416; x_wconf 89' lang='lat' dir='ltr'><strong>simile</strong></span> <span class='ocrx_word' id='word_1_391' title='bbox 1161 4368 1258 4416; x_wconf 86' lang='lat' dir='ltr'><strong>tamen</strong></span> <span class='ocrx_word' id='word_1_392' title='bbox 1281 4375 1335 4433; x_wconf 88' lang='lat' dir='ltr'><strong>pro</strong></span> <span class='ocrx_word' id='word_1_393' title='bbox 1374 4361 1377 4367; x_wconf 86' lang='lat'>&#39;</span> 
     </span>
    </p>
   </div>
   <div class='ocr_carea' id='block_1_5' title="bbox 0 0 1525 5086">
    <p class='ocr_par' dir='ltr' id='par_1_12' title="bbox 0 0 1525 5086">
     <span class='ocr_line' id='line_1_44' title="bbox 0 0 1525 5086; baseline 0 0"><span class='ocrx_word' id='word_1_394' title='bbox 0 0 1525 5086; x_wconf 95' lang='lat' dir='ltr'><strong> </strong></span> 
     </span>
    </p>
   </div>
  </div>
 </body>
</html>
