3030 5086
274 464 337 530 286
568 540 572 545 ,
664 483 709 528 nn
731 482 863 529 rrnrnns
885 482 955 528 sou.

274 656 440 731 praetcrea
451 657 500 713 est
517 667 629 731 magno
648 667 743 730 opere
760 648 934 713 dicendum.
967 651 1013 714 Ac
1030 658 1144 727 amen,
1162 667 1200 714 ne
1217 648 1266 712 cui
1282 648 1351 713 loco

166 824 176 844 ⁶
274 769 336 815 non
358 751 503 815 videatur
524 767 595 815 esse
617 769 815 830 responsum,
843 769 944 832 pauca
966 751 1060 815 etiam
1083 767 1164 814 nunc
1186 749 1288 814 dicam
1310 750 1353 815 ad

274 850 424 932 reliquam
441 851 612 915 orationem
629 862 723 915 tuam.
757 852 807 917 86.
831 851 985 932 Quoniam
1002 852 1096 933 igitur
1113 851 1213 916 omnis
1229 870 1352 917 summa

273 951 489 1034 philosophiae
511 954 552 1016 ad
574 952 667 1018 beate
683 953 850 1018 vivendum
868 952 1010 1032 refertur,
1032 954 1127 1035 idque
1143 972 1239 1043 unam
1255 971 1351 1036 expe·

234 1056 375 1122 nanas
399 1055 538 1119 homines
561 1073 596 1119 se
618 1055 660 1117 ad
677 1054 736 1118 hoc
753 1053 889 1119 studium
907 1055 1114 1134 contulerunt,
1136 1055 1227 1120 beate
1245 1061 1351 1120 autem

273 1155 379 1220 vivere
409 1154 460 1219 alii
488 1156 518 1220 in
548 1155 624 1234 alio,
653 1173 709 1220 vos
737 1156 768 1220 in
793 1156 952 1236 voluptate
980 1157 1109 1237 ponitis,
1138 1157 1212 1222 item
1240 1165 1351 1221 contra

277 1372 286 1386 ·
344 1362 364 1405 1.
384 1368 418 1406 est
436 1375 484 1408 om.
504 1359 624 1410 tunica
650 1361 761 1409 Attamen
780 1358 944 1409 LPMCROr.
980 1365 1003 1410 8.
1022 1376 1114 1410 ειιηιηια
1131 1359 1244 1410 οηυιὺΕ
1275 1359 1350 1410 omna

244 1452 247 1456 ,
272 1426 389 1475 sententia
407 1427 434 1475 M
467 1433 494 1519 ,¹⁵¹
513 1427 557 1477 red
574 1427 647 1477 aaa
684 1432 876 1477 deonacum.
898 1428 919 1476 R
1269 1435 1273 1443 “

272 1616 419 1690 sequitur:
442 1629 481 1674 est
503 1619 653 1685 dicendum.
677 1636 733 1673 non
750 1620 816 1691 suit.
861 1617 928 1674 Hoc
950 1617 1045 1692 ipsum
1069 1629 1107 1675 est
1124 1617 1238 1675 addidit
1255 1617 1350 1677 Gzins

273 1701 360 1757 etiam
384 1720 422 1757 ex
446 1701 522 1778 Spir.
549 1698 618 1782 [B];
642 1713 705 1759 erat
728 1703 757 1758 in
782 1699 823 1770 Εξ
845 1721 970 1777 quoque.

357 1788 399 1843 Ac
416 1797 511 1855 tamor.
530 1807 561 1842 oe
577 1791 622 1844 cui
637 1788 705 1864 lurco)
724 1787 773 1846 Sic
791 1787 878 1843 etiarn
893 1787 970 1862 Spir.
984 1782 1048 1866 [B].
1066 1787 1154 1860 idque
1172 1786 1278 1846 anio
1294 1807 1348 1863 pro

271 1880 300 1927 at
330 1880 416 1928 tomen
444 1873 612 1929 restitutum
634 1883 713 1929 recte
738 1872 871 1928 Handius
894 1872 994 1945 (Tura.
1019 1873 1034 1928 Ι
1058 1891 1086 1947 ρ.
1104 1873 1178 1945 489)
1202 1872 1349 1947 probavit.

271 1955 344 2012 Dixi
373 1956 408 2012 de
435 1957 491 2013 hac
519 1977 550 2013 re
578 1956 608 2013 in
638 1956 747 2034 Opuse.
770 1957 863 2015 Acad.
888 1957 904 2014 I
926 1976 954 2032 p.
973 1957 1044 2015 491.
1090 1957 1150 2017 Ubi
1178 1957 1350 2033 adiungitur

271 2039 398 2114 aliquid,
428 2042 505 2116 quod
528 2043 672 2116 superiori
695 2042 873 2099 contrarium
898 2051 957 2111 est,
986 2041 1028 2098 ibi
1050 2041 1156 2100 Cicero
1178 2051 1208 2099 et
1230 2042 1282 2100 alii
1305 2042 1349 2100 di·

271 2136 341 2182 cunt
363 2136 414 2182 aut
436 2138 460 2183 et
483 2137 570 2184 tomen
592 2138 643 2184 aut
665 2140 697 2183 uc
720 2139 816 2196 temen,
839 2127 927 2201 quod.
950 2138 983 2183 ut
1004 2126 1052 2183 hic
1075 2135 1105 2183 et
1123 2128 1161 2194 V,
1188 2129 1226 2183 14
1249 2136 1279 2184 et
1297 2128 1347 2195 94,

269 2210 385 2267 librarii
407 2213 586 2269 recentiores
614 2222 644 2269 et
672 2212 800 2270 editores
822 2221 937 2268 veteres
959 2230 1046 2287 saepe
1075 2220 1177 2269 contra
1204 2212 1348 2286 antiquis·

270 2294 360 2353 simos
384 2297 467 2354 codd.
490 2297 531 2368 (in
556 2298 688 2354 oratione
711 2298 741 2354 in
759 2297 860 2354 Pison.
884 2306 987 2354 contra
1004 2295 1217 2368 Erfurtensenr‚
1240 2297 1271 2354 in
1294 2297 1348 2357 Se·

271 2380 367 2437 stiana
384 2392 486 2439 contra
498 2382 694 2439 Parisiensern
713 2394 742 2439 et
754 2384 853 2441 Bern..
871 2382 901 2438 in
920 2391 993 2439 orat.
1007 2381 1043 2438 de
1055 2400 1138 2457 prov.
1152 2399 1232 2439 cons.
1245 2393 1349 2440 contra

270 2465 324 2521 hos
347 2476 376 2522 et
399 2466 470 2530 arf..
494 2467 523 2524 in
547 2466 682 2543 epistulis
700 2468 737 2524 ad
755 2468 837 2525 Fam.
857 2476 959 2523 contra
972 2466 1147 2536 Mediceum‚
1171 2467 1200 2523 in
1220 2466 1347 2526 Oratore

271 2559 374 2607 eontra
390 2551 637 2625 Einsiedlensern)
654 2553 683 2609 in
701 2562 730 2608 at
747 2562 834 2609 tamen
851 2560 1048 2623 mutaverunt,
1067 2570 1124 2609 non
1142 2551 1348 2628 intellegentes

270 2644 299 2691 at
321 2636 484 2710 particulae
507 2646 641 2693 naturam
665 2655 785 2712 prorsus
814 2637 851 2693 ab
874 2637 928 2694 hac
951 2636 1156 2693 coniunctione
1179 2637 1348 2694 abhorrere.

271 2719 396 2777 Praeter
422 2721 503 2778 locos
530 2722 588 2778 iam
612 2722 648 2778 ab
671 2722 738 2779 aliis
761 2721 931 2779 emendatos
954 2721 1157 2798 corrigendum
1182 2731 1239 2792 est,
1268 2722 1348 2797 quod

270 2804 368 2862 editur
395 2806 431 2862 de
459 2805 543 2865 Orat.
573 2807 604 2876 1,
631 2808 704 2864 148:
734 2807 815 2864 Hanc
843 2810 945 2882 ipsam,
974 2810 1060 2881 inquit
1088 2806 1242 2882 Sulpicius,
1271 2826 1348 2864 nosse

269 2892 407 2958 volumus,·
429 2901 458 2948 at
480 2901 566 2948 tamen
585 2892 661 2966 (cod.
675 2893 774 2949 Haun.
791 2900 924 2966 aterque,
942 2889 1081 2950 (tuella
1100 2902 1128 2949 et
1146 2891 1346 2966 (laetamen),

269 2995 340 3049 quae
361 2977 410 3032 aba
433 2986 457 3033 te
479 2978 592 3034 breviter
613 2979 647 3034 de
668 2988 727 3034 arte
743 2979 858 3034 decursa
878 2987 948 3047 sunt,
971 2979 1067 3034 audire
1083 2980 1218 3052 cupimus3
1244 2973 1287 3058 [et
1305 2977 1347 3035 sic

269 3060 328 3117 iam
357 3061 541 3122 Schuetzius.
592 3062 657 3122 Ibd.
687 3063 750 3132 111.
781 3063 819 3119 85
849 3080 904 3118 scr.
932 3063 974 3119 Ac
1002 3072 1103 3132 amen,
1138 3066 1263 3136 quoniam
1291 3072 1345 3120 cet

270 3155 300 3203 et
328 3146 375 3215 ΙΙ,
400 3147 440 3203 84
473 3167 506 3205 ac
535 3157 621 3204 tamen
650 3168 698 3204 ors
727 3152 788 3223 ipsa
816 3141 888 3225 cet]
944 3148 979 3204 In
1013 3147 1110 3205 Taciti
1144 3148 1224 3204 Anu.
1258 3148 1346 3216 xlv,

271 3230 310 3287 55
339 3240 418 3287 recte
447 3230 599 3289 Bekkerus
633 3252 671 3289 ex
699 3232 818 3308 optimis
852 3231 934 3289 codd.
964 3250 996 3289 cc
1030 3243 1117 3290 tornea
1144 3233 1275 3289 restituit
1302 3235 1348 3306 (ut

270 3315 379 3390 legitur
400 3317 480 3375 Anu.
506 3318 567 3381 ΙΙΙ,
593 3318 647 3380 29,
673 3319 722 3389 72,
752 3318 810 3384 Vl,
835 3318 890 3386 30,
915 3316 991 3374 Hist.
1015 3319 1053 3387 V.
1080 3319 1144 3391 16),
1174 3317 1347 3374 Waltherus

270 3401 407 3457 mendum
436 3410 554 3459 strenua
588 3400 728 3459 defendit
778 3402 889 3459 Eadem
924 3403 1067 3460 correctio
1100 3402 1268 3459 adhibenda
1301 3411 1347 3459 est

269 3484 316 3541 his
343 3484 431 3555 locis,
466 3505 540 3560 quos
568 3488 798 3563 Wesenbergins
828 3487 985 3544 indicavit:
1020 3506 1073 3563 pro
1102 3487 1177 3546 Sest.
1210 3488 1285 3556 105,
1315 3487 1345 3544 in

269 3571 338 3627 Vat.
364 3573 396 3638 6,
427 3570 464 3627 ad
493 3574 557 3628 Att.
585 3573 678 3643 XVI,
710 3575 764 3640 11,
789 3573 822 3641 2,
852 3572 887 3628 ds
915 3572 1006 3631 Univ.
1036 3591 1060 3628 c.
1085 3573 1112 3630 9.
1159 3573 1227 3632 Uno
1258 3572 1346 3629 modo

269 3664 348 3712 recte
367 3655 475 3713 dicitur
496 3667 525 3713 ot
544 3667 639 3727 tamen,
663 3657 714 3714 ubi
736 3668 765 3714 at
787 3657 816 3714 in
840 3657 983 3714 descensu
1005 3657 1041 3714 ad
1065 3657 1161 3714 minus
1179 3665 1247 3732 post
1268 3661 1299 3727 si,
1323 3660 1349 3714 ai

269 3759 333 3809 non,
357 3744 419 3811 etsi,
442 3746 565 3815 qrtamnis
587 3742 684 3816 posito
707 3743 915 3818 superadditur
936 3751 1037 3811 tomen,
1060 3743 1234 3817 interposito
1257 3760 1346 3817 saepe

269 3826 428 3903 vocabulo,
458 3838 490 3882 ut
518 3827 554 3884 de
577 3826 660 3886 Orat.
684 3828 746 3896 ΙΙΙ,
773 3830 826 3897 14,
856 3827 938 3884 Brut.
965 3829 1018 3896 15,
1048 3826 1178 3902 Philipp.
1202 3827 1247 3893 ΙΙ,
1276 3828 1345 3897 116,

268 3911 359 3979 ΧΙΠ,
386 3912 434 3980 18,
458 3912 494 3967 ad
518 3913 600 3970 Fam.
625 3913 666 3980 ΙΙ,
692 3915 718 3971 6.
744 3913 771 3980 3,
796 3910 854 3971 Off.
876 3913 917 3981 ΙΙ,
931 3914 981 3971 58.
1028 3910 1147 3993 [Inania
1169 3911 1294 3968 artificia
1317 3922 1346 3968 et

268 3996 335 4053 huic
357 3996 423 4053 loco
446 4007 476 4052 et
497 3997 563 4053 aliis
586 3998 720 4054 adhibuit
744 3997 992 4074 Stuerenburgius
1019 3999 1057 4055 ad
1080 4008 1153 4055 orat.
1178 4016 1232 4072 pro
1255 3996 1346 4054 Arch.

268 4100 296 4156 p.
309 4082 348 4138 49
373 4082 418 4137 ed.
441 4078 508 4160 alt]

355 4168 404 4225 86.
440 4171 524 4223 onorata
551 4187 655 4224 sumina
679 4167 878 4243 philosophiae)
903 4168 1015 4225 Stemma
1042 4171 1126 4224 omitia
1154 4167 1242 4222 etiam
1267 4164 1360 4241 Spir..

269 4246 335 4332 [B].
370 4253 471 4309 Dera
494 4251 555 4320 cfr..
580 4272 654 4327 quae
678 4253 1028 4320 dictasuntad1.62;
1062 4253 1208 4309 addantur
1230 4252 1268 4320 V.
1296 4251 1344 4322 12,

271 4338 318 4406 16,
344 4337 399 4405 86;
427 4339 524 4395 Varro
547 4337 625 4413 apud
648 4340 775 4414 August.
798 4339 834 4395 da
857 4337 922 4398 civ.
948 4339 1005 4396 Dei
1027 4339 1116 4399 xlx.
1144 4341 1175 4394 l:
1198 4336 1284 4394 Nulla
1306 4345 1346 4392 eat

268 4423 367 4479 homini
387 4442 470 4480 cauea
489 4424 708 4498 philosophandi,
731 4427 785 4481 nisi
805 4433 834 4480 ut
857 4425 948 4480 beatus
970 4427 1014 4482 sit.
