3030 5086
224 449 314 514 XXII
657 451 858 525 66661666.

223 654 301 720 6666
322 634 431 700 habuit
453 633 638 698 minorandi.
682 634 728 696 Ex
751 634 856 699 multis
880 633 1000 698 indiciis
1023 633 1199 712 suspicatus
1222 650 1300 710 sum,

224 742 306 807 hune
327 744 459 807 eundem
482 761 560 821 esse,
583 762 674 823 quem
697 742 863 807 Walkerus
886 750 917 807 et
936 741 1081 806 Davisius
1092 740 1300 805 Parislensem

226 850 630 932 tappelarunt(111,1o
657 850 763 914 ascesi
785 849 912 927 1116666,
939 851 978 914 41
1008 848 1104 912 nostri
1131 868 1194 910 666
1220 847 1302 929 quod

223 956 589 1038 aesdrrmtioneomuino,
611 960 653 1024 43
677 957 756 1022 bonu
776 977 858 1035 ecre,
887 959 928 1022 68
951 955 1021 1020 velle
1043 956 1109 1021 sine
1126 975 1300 1034 procreare,

224 1065 265 1130 73
288 1069 316 1126 et
330 1064 605 1147 proprietatem).
641 1066 702 1130 Sed
726 1065 753 1130 si
774 1065 818 1129 116
841 1073 897 1144 est,
921 1064 1141 1129 incredibiliter
1154 1063 1300 1128 Davisius

223 1172 397 1253 scripturas
420 1173 624 1254 perturbavit,
647 1174 733 1238 utin
757 1172 940 1238 Ellensibus.

310 1279 453 1344 Codieern
465 1278 649 1358 Leidensem,
667 1283 720 1362 qni
737 1282 818 1345 inter
830 1279 1002 1344 Vossianus
1016 1277 1135 1343 fernme
1148 1279 1299 1344 maximae

222 1395 352 1468 quartus
386 1387 522 1452 decimus
558 1397 621 1468 ost,
653 1391 749 1454 lanus
781 1388 901 1453 Bakius
933 1406 991 1467 per
1024 1387 1208 1466 discipulum
1241 1386 1298 1450 ali-

221 1512 314 1575 quem
337 1513 427 1558 suum
450 1514 520 1559 cunr
542 1497 682 1577 exemplo
701 1495 860 1561 (lrelliano
880 1494 1114 1576 diligentissime
1137 1493 1298 1560 66616666-

222 1602 296 1666 dum
330 1603 451 1666 curavit
483 1611 702 1684 enotatamque
734 1604 917 1669 varietatem
957 1602 1031 1666 milii
1064 1602 1299 1683 perhumaniter

222 1711 303 1774 dono
322 1710 414 1788 misit,
431 1712 617 1791 addiditque
632 1713 663 1776 in
680 1711 801 1790 litteris,
819 1711 964 1788 codicem,
982 1710 1033 1790 qui
1051 1710 1142 1789 plura
1154 1709 1298 1774 Tulliana

221 1816 372 1895 continet,
400 1837 471 1883 esse
493 1819 776 1896 membranaceum,
804 1818 900 1881 nitide
923 1817 1072 1896 scriptum
1095 1817 1235 1894 saeculo,
1263 1824 1299 1880 nt

221 1923 280 1988 sibi
302 1924 474 2004 videretur,
497 1927 551 1990 XI.
595 1928 632 1990 ln
654 1926 773 2006 primae
795 1925 928 2005 paginae
950 1925 1012 1988 ima
1033 1933 1125 2004 parte
1148 1924 1297 2004 scriptum

138 2110 143 2119 ς
221 2038 305 2097 erat:
331 2032 396 2102 „Ex
416 2033 601 2098 bibliotheca
617 2034 662 2096 Io.
679 2032 805 2097 Huralti
817 2032 1016 2097 Boissallerii.
1051 2032 1119 2094 Emi
1136 2030 1296 2096 aCamillo

222 2139 331 2204 Crucio
349 2142 368 2203 4
389 2140 498 2205 Coro.“
535 2141 716 2221 (Huraltino
739 2141 845 2204 oodica
867 2158 943 2203 usus
965 2149 1013 2204 est
1035 2137 1217 2218 Lambinus,
1240 2139 1298 2203 sed

220 2246 291 2325 alio,
315 2246 340 2310 si
364 2247 489 2328 quidem
512 2249 539 2312 is
558 2249 593 2327 V,
606 2249 647 2313 89
669 2247 777 2312 habuit
798 2246 876 2310 docti
897 2250 926 2308 el
947 2245 1081 2326 indocti.)
1126 2245 1172 2310 De
1193 2253 1298 2311 aetate

148 2417 149 2421 ,
221 2354 272 2417 vix
295 2356 407 2431 credo,
437 2356 584 2436 qnoniam
611 2354 811 2446 interpolatio
835 2354 1000 2430 eiusmodi,
1030 2353 1151 2433 qualem
1180 2353 1210 2418 in
1239 2352 1298 2418 hoc

220 2462 327 2526 codice
349 2481 420 2528 esse
441 2463 535 2544 paulo
559 2446 632 2543 post
653 2463 768 2540 dicam,
791 2461 823 2526 in
845 2461 921 2525 illud
943 2471 1066 2542 tempus
1090 2479 1151 2525 non
1175 2460 1298 2525 videtur

221 2570 345 2635 eadere.
389 2570 508 2652 (Codex
526 2571 550 2635 Ι.
564 2570 615 2634 Fr.
628 2569 787 2648 Gronovii,
809 2587 900 2649 quem
923 2586 941 2633 6
963 2567 1103 2649 catalogo
1122 2568 1205 2632 odito
1225 2586 1298 2647 spe·

219 2695 364 2742 raveram
387 2678 468 2741 hunc
490 2696 569 2755 6666,
591 2677 737 2759 Lugduni
759 2677 952 2740 Batavorum
975 2695 1036 2739 non
1060 2678 1131 2756 est.)

307 2786 429 2851 Codicis
448 2782 642 2848 Marianas
661 2803 762 2867 neque
784 2801 945 2848 numerum
965 2783 1069 2848 dicere
1088 2802 1190 2863 neque
1206 2784 1296 2864 quid·

219 2910 315 2974 quam
339 2895 437 2958 (1666
460 2893 576 2959 addere
597 2910 740 2973 possum,
763 2893 846 2973 quod
870 2909 931 2955 non
954 2910 971 2956 6
994 2891 1158 2972 scripturis
1180 2897 1297 2971 pateat,

220 3007 350 3081 propter
371 2999 549 3065 huiusmodi
570 3017 707 3065 eausam.
753 3000 830 3064 Cum
847 3018 884 3064 ex
901 3000 951 3063 Fr.
965 2999 1146 3063 'shierschio
1169 3018 1226 3079 per
1245 2998 1295 3063 lit·

220 3114 306 3171 teras
328 3108 520 3187 quaesissem
543 3116 575 3173 et
596 3108 637 3173 de
654 3107 760 3172 codice
771 3107 952 3171 Monacensi
970 3127 998 3170 n.
1012 3109 1082 3186 328,
1106 3127 1123 3172 6
1140 3125 1201 3188 qno
1215 3107 1297 3172 Goe-

220 3215 343 3278 renzius
365 3233 483 3295 paucas
506 3215 681 3296 scripturas
703 3214 882 3280 aWerfero
905 3223 1068 3295 excerptas
1084 3222 1243 3295 posuerat,
1265 3221 1297 3278 et

219 3323 259 3388 de
281 3323 329 3402 iis,
352 3340 433 3404 quae
455 3321 608 3403 opinabar
629 3322 723 3388 etiam
742 3323 781 3386 ad
800 3322 856 3385 hos
872 3320 970 3386 libros
986 3342 1006 3386 a
1022 3322 1056 3386 P.
1070 3321 1206 3386 Victorio
1224 3321 1296 3385 olim

218 3429 347 3495 66116616
366 3430 520 3495 Monaehii
543 3429 673 3509 servari,
695 3429 722 3494 is
744 3429 816 3492 mibi
840 3431 1073 3510 perhumaniter
1091 3439 1123 3495 et
1138 3429 1295 3510 specimen

218 3536 346 3617 aliquod
369 3539 543 3620 scripturae
565 3537 679 3603 codicis
697 3557 714 3601 e
729 3537 808 3601 libro
825 3536 926 3618 primo
944 3544 975 3601 et
991 3554 1108 3616 eorum,
1131 3537 1295 3619 66661116-

220 3644 319 3709 torius
341 3645 372 3709 in
385 3646 536 3726 margine
558 3643 690 3726 exempli
713 3643 897 3709 Ascansiani
919 3664 948 3708 6.
973 3646 1052 3709 1521
1079 3643 1243 3709 611661161
1267 3663 1294 3707 6.

221 3752 304 3817 1536
326 3760 510 3831 annotarat,
533 3752 617 3817 misit
639 3763 670 3817 61
692 3735 856 3817 certiorem
879 3770 929 3816 me
951 3751 1030 3831 lecit,
1054 3752 1166 3832 quibus
1188 3752 1294 3815 cotidi-

219 3859 358 3924 cionibus
381 3862 480 3925 codex
496 3858 629 3924 conferri
647 3868 679 3924 61
690 3860 820 3924 Victorii
837 3865 989 3923 66661616
1005 3859 1138 3923 describi
1157 3867 1294 3940 possent

219 3969 308 4046 Quae
330 3986 398 4031 cum
421 3967 496 4031 milri
519 3967 718 4047 placuissent
743 3967 925 4031 Valentinus
944 3966 1098 4032 Seibelius
1121 3965 1294 4045 descripsit,

219 4093 299 4155 qnae
311 4074 469 4139 Victorius
491 4075 521 4138 in
540 4075 680 4154 margine
693 4076 874 4139 Ascensiani
892 4075 1022 4155 exempli
1039 4085 1190 4156 posuerat
1206 4075 1293 4154 (nam

214 4182 326 4245 ¹alteris
349 4183 506 4246 annotatis
530 4200 636 4246 carere
653 4201 703 4247 me
719 4181 810 4247 facile
826 4200 920 4263 posse
938 4184 1113 4264 putaram);
1135 4182 1247 4247 deiude
1266 4180 1294 4244 61

217 4288 261 4352 ad
277 4289 340 4353 alia
356 4298 487 4354 avocato
505 4291 547 4354 M.
561 4294 635 4354 Otto
653 4290 683 4354 in
703 4291 760 4353 hoc
777 4291 900 4372 negotio
918 4291 1076 4355 suecessit.
1111 4290 1171 4355 Sed
1189 4289 1293 4356 nescio

217 4415 279 4476 quo
302 4414 377 4461 casu
400 4398 426 4460 is
448 4417 509 4462 non
532 4397 616 4462 illurn
638 4398 782 4477 codicem,
806 4399 863 4464 sed
885 4399 989 4477 alium,
1011 4398 1065 4480 qui
1088 4406 1151 4463 tres
1173 4406 1293 4463 tanturn
