3030 5086
408 491 452 536 nr
474 490 555 536 ιιιι.
578 489 640 535 ιιι.
663 491 699 536 ιιι
721 490 795 536 cnr.
815 493 837 539 s.
853 488 986 552 (ιι-ιι.)
1172 472 1235 538 369
1327 533 1331 539 .

156 666 220 736 est,
242 658 380 738 partium
402 658 544 738 corporis
566 657 629 722 alia
650 658 796 722 videntur
816 665 947 738 propter
970 675 1077 722 eorum
1100 675 1192 721 usum
1214 678 1235 722 a

158 767 273 825 natura
288 777 358 825 esse
375 763 500 837 donata,
517 767 552 824 ut
568 778 688 836 manus,
705 778 806 837 crura,
823 761 929 841 pedes,
945 765 981 824 ut
997 779 1043 837 ea,
1060 778 1142 840 quae
1161 765 1236 824 sunt

156 862 241 925 intus
263 861 293 924 in
310 880 450 942 corpore,
467 879 600 941 quorum
617 861 734 925 utilitas
751 872 870 941 quanta
886 862 936 940 sit,
957 882 978 926 a
994 862 1121 926 medicis
1138 860 1234 926 etiarn

157 963 346 1042 disputatur,
368 963 428 1026 alia
451 967 555 1026 autem
577 962 694 1026 nullam
713 963 752 1027 ob
770 963 936 1026 utilitatem
958 963 1050 1044 quasi
1071 963 1115 1027 ad
1137 981 1236 1045 quen·

155 1065 230 1128 darn
242 1073 396 1142 ornatum,
413 1073 449 1128 ut
465 1067 565 1129 cauda
582 1065 707 1144 pavoni,
724 1064 849 1146 plumae
860 1065 1063 1129 versicolores
1075 1064 1234 1143 columbis,
1253 1063 1275 1130 b

156 1165 233 1230 viris
266 1184 419 1231 mammae
451 1177 545 1247 atque
572 1165 681 1230 barba.
736 1167 783 1230 19.
812 1167 898 1248 llaec
925 1167 1070 1231 dicuutur
1096 1164 1236 1230 fortasse

156 1267 304 1347 ieiunius;
333 1276 406 1333 sunt
432 1268 513 1346 enim
536 1268 626 1348 quasi
648 1267 750 1347 prima
772 1267 926 1333 elementa
947 1276 1094 1347 naturae,
1122 1267 1235 1348 quibus

156 1369 284 1435 ubertas
318 1370 467 1434 orationis
500 1369 640 1434 adhiberi
668 1369 720 1432 vix
746 1377 863 1449 potest3
897 1388 954 1434 nec
986 1371 1132 1450 equidem
1165 1389 1235 1435 earn

157 1471 258 1548 cogito
281 1472 468 1549 consectari,
491 1490 599 1535 verum
621 1476 726 1534 tamen
748 1489 816 1535 cum
839 1472 879 1536 de
901 1472 995 1536 rebus
1012 1472 1234 1553 grandioribus

156 1573 258 1650 diem,
285 1573 373 1653 ipsae
401 1592 452 1637 res
480 1572 578 1638 verba
605 1573 745 1658 rapiunt;
772 1573 818 1636 ita
843 1571 880 1638 fit
906 1591 976 1638 curn
998 1574 1140 1664 gravior,
1167 1580 1235 1638 tum
1254 1573 1296 1638 10

158 1674 252 1737 etiam
275 1674 469 1754 splendidior
489 1675 597 1739 oratio.
632 1675 698 1752 Est,
721 1680 756 1739 ut
777 1675 862 1755 dicis,
885 1675 1026 1756 inquam,
1049 1676 1107 1741 sed
1128 1682 1234 1741 tamen
1323 1681 1326 1688 '

157 1795 256 1852 omne,
279 1776 363 1855 quod
385 1777 482 1840 dere
504 1777 585 1840 bona
602 1776 736 1841 dilucide
752 1776 874 1855 dicitur,
897 1777 970 1840 mihi
992 1777 1152 1858 praeclare
1175 1777 1237 1842 dici

156 1877 288 1941 videtur.
333 1877 512 1942 Istiusmodi
541 1886 646 1942 autern
675 1895 727 1942 res
755 1877 859 1942 dicere
882 1885 992 1943 ornate
1013 1879 1093 1943 velle
1114 1878 1236 1959 puerile

226 2071 248 2111 ι,
268 2072 290 2112 et
307 2064 377 2112 eall
436 2068 457 2112 5.
482 2063 671 2112 υονιίοοὶονῐεΕ
730 2071 752 2116 8.
776 2065 816 2114 vt'r
835 2064 983 2114 adalman
1040 2071 1076 2114 lt.
1101 2073 1126 2114 at
1144 2079 1192 2113 om.
1213 2065 1235 2114 E

162 2137 199 2179 12.
218 2132 274 2178 mali
293 2160 320 2168 -
340 2130 390 2179 dici
406 2147 456 2182 om.
476 2133 498 2180 E
537 2137 574 2179 18.
592 2141 617 2180 ut
635 2134 693 2195 (pro
711 2134 833 2196 audeam
868 2151 907 2183 rea
925 2133 1011 2185 cmc
1050 2132 1151 2199 [puerili
1167 2131 1198 2200 ll]

157 2304 244 2377 idque
268 2305 344 2361 Dav.
367 2315 398 2360 et
419 2305 489 2361 Em.
513 2305 607 2362 secuti
630 2315 712 2375 sunt,
741 2305 818 2380 quod
846 2316 934 2362 antea
956 2305 1031 2364 Cato
1060 2306 1136 2363 dixit
1163 2308 1236 2363 arbi·

158 2400 263 2445 tremor
289 2401 318 2445 et
343 2400 486 2464 potamum
516 2408 569 2446 uec
593 2389 672 2448 Oxx.
695 2391 864 2469 arbitrantur
885 2390 1040 2465 proferunt
1062 2391 1118 2447 nisi
1142 2409 1158 2446 e
1180 2404 1235 2465 χψ,

157 2485 190 2529 ut
212 2474 246 2530 ιιι
265 2472 307 2543 Εξ
330 2475 454 2531 alterum
476 2473 569 2531 fuisse
592 2476 735 2532 videatur.
782 2475 841 2533 Sed
859 2474 943 2545 Cato,
966 2495 1031 2532 curn
1055 2495 1103 2531 nos
1125 2475 1161 2532 de
1185 2474 1236 2531 ho·

159 2559 267 2614 minum
295 2578 402 2633 genere
435 2560 582 2635 posuisset
614 2578 708 2633 eoque
741 2548 772 2616 se
800 2560 1084 2634 comprehendisset,
1119 2560 1236 2618 Stoicos

157 2644 245 2699 tertia
267 2663 394 2718 persona
411 2645 597 2719 significavit,
621 2654 653 2700 ut
671 2663 759 2720 saepe
776 2643 863 2713 intra,
882 2646 962 2701 velut
974 2650 989 2714 5
1003 2647 1042 2701 62
1055 2646 1237 2716 (arbitrantur

162 2760 196 2770 -
219 2731 432 2802 persequimur),
458 2731 512 2798 64,
537 2731 592 2799 68,
618 2731 672 2798 69,
695 2729 733 2785 al.
779 2729 841 2785 sine
862 2749 917 2804 pro
939 2740 1002 2786 sunt
1030 2748 1068 2786 ex
1090 2749 1150 2787 uno
1173 2730 1235 2787 En.

157 2812 244 2890 [AB]
268 2813 349 2879 dedi,
380 2815 485 2870 ceteris
508 2814 682 2871 tacentibus.
729 2815 800 2870 Mox
829 2815 865 2871 de
888 2815 948 2871 his:
976 2816 1009 2871 id
1034 2825 1088 2883 eat,
1114 2818 1236 2889 partium
1341 2818 1344 2823 “

156 2903 286 2971 corporis,
310 2918 385 2972 quae
409 2898 542 2955 nonnulli
566 2900 682 2955 sublata
705 2899 871 2967 voluerunt,
894 2900 954 2958 vid.
979 2899 1015 2955 ad
1038 2900 1080 2970 II,
1094 2901 1122 2955 6.
1160 2899 1235 2976 [Ριο

157 2986 220 3049 ium,
243 2984 321 3056 quod
345 2994 423 3039 recte
446 2985 475 3039 in
499 3002 655 3059 progressu
678 2984 821 3040 orationis
844 2985 971 3058 ponitur,
994 2984 1051 3041 fuit
1073 2984 1124 3058 qui
1143 3002 1234 3059 prave

157 3088 219 3122 nam
242 3069 331 3124 scribi
353 3066 469 3145 vellet]

244 3162 272 3208 ut
299 3173 344 3215 ea,
378 3173 448 3227 quae
480 3163 543 3209 sunt
573 3156 646 3209 intus
673 3157 700 3208 in
727 3153 849 3227 corpore)
879 3153 978 3209 Minus
1012 3153 1084 3209 haec
1118 3153 1237 3228 proprie

158 3237 283 3293 subiecit
311 3240 508 3294 membrorum
537 3239 646 3312 generi.
697 3239 793 3312 Magis
820 3247 918 3294 tamen
948 3238 1020 3294 haec
1047 3257 1066 3294 a
1093 3238 1237 3313 proximis

158 3333 347 3395 separantur,
381 3323 509 3397 repetita
535 3323 681 3397 particule
707 3333 750 3381 ot.
784 3342 870 3396 quam
900 3323 924 3378 si
954 3332 978 3378 et
1005 3341 1070 3379 cum
1095 3323 1156 3379 Erl.
1181 3321 1236 3400 [B]

158 3408 319 3481 scripseris,
340 3418 373 3464 ut
383 3408 516 3464 fecerunt
531 3408 657 3464 Manutii
674 3417 704 3463 et
716 3408 886 3465 Lambinus.
911 3408 983 3464 Mox
995 3408 1148 3482 aequalior
1159 3417 1239 3464 esset
1337 3412 1339 3416 ’

157 3493 263 3552 oratio,
287 3494 310 3548 si
330 3495 480 3567 pavoru'bos
503 3493 688 3560 scriberetur,
712 3504 745 3548 ut
756 3493 879 3549 Davisio
897 3492 1008 3567 placuit
1019 3493 1078 3565 (El.
1094 3497 1236 3569 lpouom's

159 3581 284 3648 errore);
308 3579 475 3634 necessaria
497 3578 639 3634 correctio
662 3596 720 3634 nou
744 3588 798 3646 est,
823 3578 853 3633 in
877 3578 922 3634 his
945 3578 1117 3653 praesertim
1141 3578 1235 3636 libris.

159 3661 305 3735 Exempla
327 3663 390 3718 sine
413 3662 503 3719 dubio
526 3663 631 3720 Cicero
659 3663 785 3736 sumpsit
812 3681 830 3717 a
852 3662 1035 3760 Chrysippo,
1064 3663 1114 3737 qui
1144 3662 1237 3718 nrulta

160 3746 195 3801 de
212 3747 392 3821 singularum
412 3766 519 3814 rerum,
543 3748 664 3821 quaein
684 3748 792 3804 mundo
809 3757 917 3816 essent,
940 3747 1028 3803 etiarn
1047 3747 1236 3816 minutarum,

158 3831 283 3887 consilio
311 3843 341 3887 et
368 3832 564 3906 descriptione
594 3842 623 3888 et
649 3830 746 3888 forma
768 3833 893 3888 dixerat.
938 3833 1088 3890 Pavonem
1118 3832 1236 3923 quidem

158 3916 247 3971 etiam
271 3917 381 3973 calidae
404 3935 494 3972 causa
515 3925 607 3972 totum
625 3926 725 3972 uatum
744 3917 887 3973 dixerat
878 3936 908 3973 ιιι
926 3917 1002 3973 libro
1019 3905 1085 3993 περὶ
1105 3932 1236 3988 φυσεως;

160 4001 239 4058 Plut.
265 4002 300 4057 de
324 4002 415 4060 Stoic.
440 4020 562 4076 repugn
587 4000 838 4075 21p10440

248 4088 328 4142 19.
318 4106 392 4160 rpsae
414 4106 457 4143 res
479 4089 560 4142 verbo
582 4086 705 4160 rapiunt)
728 4086 759 4142 id
781 4094 835 4153 est,
858 4104 956 4142 secum
975 4085 1127 4187 abripiunt
1148 4093 1179 4142 et
1200 4085 1238 4141 ad

159 4172 345 4245 grandiorem
374 4172 520 4245 quandam
555 4172 698 4227 orationis
732 4169 855 4227 formam
891 4170 1020 4227 trahunt.
1069 4169 1239 4228 Obscuram

160 4257 343 4313 sententiam.
368 4258 418 4331 qui
437 4260 551 4331 pariunt
567 4256 655 4312 scribi
674 4257 797 4313 malunt.
833 4257 905 4313 Mox
923 4256 1077 4312 isbaanrodr'
1096 4255 1237 4311 aretiam
1336 4254 1340 4259 ’

160 4340 253 4415 Spin,
282 4360 339 4398 non
369 4342 548 4416 infrequenti
575 4342 606 4397 in
635 4341 681 4397 his
708 4341 859 4397 codicibus
882 4340 1003 4409 mend03
1031 4359 1098 4397 nam
1126 4339 1164 4396 ab
1192 4358 1238 4408 eo,

1000 4459 1033 4504 2⁴
