3030 5086
659 413 856 460 reuersum.
1224 396 1300 462 XLI

215 579 440 645 recentissimis
461 580 621 646 codicibus
639 589 714 647 sunt
728 583 778 662 (ut
787 580 841 659 1v,
853 581 918 662 33),
940 589 973 646 et
988 599 1106 662 pravas
1124 582 1299 662 scripturas

217 687 289 768 (tv,
306 688 351 754 50
365 699 398 752 et
413 688 465 766 59,
488 688 526 767 V,
544 689 587 754 lo
601 697 635 753 et
650 689 715 772 72).
759 689 819 754 Sed
842 689 998 753 interdum
1020 689 1113 753 etiam
1135 690 1298 770 antiquum

215 794 333 860 librum
355 795 438 860 nullo
461 795 570 860 addito
593 796 715 861 nomine
735 795 875 876 appellat
903 805 935 860 ct
956 815 993 862 ex
1016 814 1053 860 eo
1075 815 1177 877 pauca
1199 815 1297 878 quae·

218 903 295 967 dam
317 902 426 980 sumit,
448 901 582 983 quaein
604 902 783 968 mehoribus
806 914 893 983 sunt,
916 904 972 968 scd
993 903 1122 968 inventu
1142 902 1296 982 facilhma,

219 1019 256 1075 ut
278 1010 374 1087 11‚·20
388 1010 506 1091 (amaa
528 1027 586 1074 nec
607 1018 711 1075 mmen
732 1010 789 1091 re),
816 1012 858 1075 49
879 1015 951 1090 (per
971 1030 1002 1075 ee
1021 1012 1160 1092 rectum),
1187 1012 1242 1089 IV,
1254 1013 1299 1076 39

219 1119 429 1199 (meque),
451 1116 514 1181 alia
534 1117 693 1183 deteriora
715 1116 769 1198 (ΙΙ,
792 1119 833 1183 67
855 1136 909 1181 aec
929 1137 1000 1182 vcro
1020 1137 1079 1199 pro
1100 1137 1183 1181 acne
1203 1121 1286 1199 vcro)

219 1228 248 1289 Α
277 1225 453 1290 cmmndro
481 1243 605 1306 quoque
631 1226 785 1306 quaedam
812 1225 960 1306 sumpsit,
994 1226 1067 1304 etsi,
1095 1244 1203 1306 nrargo
1231 1226 1300 1291 eius

186 1401 189 1404 ,
218 1342 373 1413 quantum
400 1332 471 1396 boni
500 1331 686 1410 contineret,
720 1331 803 1396 nullo
837 1332 928 1396 simili
956 1340 1103 1414 certoque
1131 1334 1302 1397 accedente.

217 1447 312 1518 teste,
333 1438 515 1520 intellegere
535 1457 597 1503 non
619 1439 730 1520 potuit
774 1439 1013 1520 Rehnquuntur,
1036 1458 1118 1520 quae
1139 1439 1187 1503 vir
1208 1458 1299 1520 egre·
1395 1422 1397 1426 ¹

218 1546 293 1628 gius
315 1546 385 1627 ipse
405 1555 532 1627 praeter
554 1565 607 1624 ea,
635 1565 767 1627 quorum
795 1546 827 1611 in
856 1546 979 1612 scholiis
1008 1547 1160 1612 rationem
1182 1546 1298 1625 reddit,

219 1653 318 1720 tacite
345 1653 481 1719 corremt
505 1654 538 1718 in
566 1652 661 1718 rebus
688 1655 795 1734 parvis
823 1662 855 1719 et
881 1652 1067 1732 manifestis,
1094 1665 1129 1718 ut
1151 1655 1180 1733 l,
1203 1654 1223 1718 9
1251 1672 1301 1717 co·

218 1759 361 1843 horaque.
407 1760 579 1844 [Manutios
608 1779 678 1826 cum
706 1761 789 1839 dico,
816 1761 931 1826 Aldum
957 1769 1080 1841 patrem
1107 1770 1140 1825 et
1166 1760 1299 1825 Paulum

220 1867 379 1951 significo3
401 1867 560 1933 Manutius
582 1868 696 1949 (Man.)
719 1887 843 1949 semper
864 1868 981 1933 Paulus
1003 1867 1217 1950 intellegitur]

309 1976 358 2041 Ab
375 1975 492 2041 Orellio
513 1985 772 2040 commemoratur
794 1996 855 2040 non
878 1994 952 2040 raro
973 1976 1004 2040 in
1028 1976 1075 2040 his
1096 1975 1184 2040 libris
1201 1978 1299 2041 codex

223 2082 330 2148 Caroli
341 2081 500 2163 Stephani,
516 2101 607 2162 quem
625 2101 683 2164 ego
700 2083 817 2147 nullum
835 2082 1005 2148 esseiacile
1016 2083 1146 2147 vincam.
1180 2085 1216 2146 In
1233 2084 1299 2148 edi·

221 2191 307 2256 tione
334 2190 417 2255 enim
445 2189 477 2253 C.
500 2187 652 2270 Stephani
679 2198 819 2256 extremo
847 2190 1001 2255 volumine
1028 2198 1136 2255 extant
1166 2191 1300 2260 „l'ariac

220 2297 419 2375 Lectiones“,
436 2314 516 2376 quas
532 2297 624 2362 index
638 2297 784 2362 editionis
800 2297 849 2361 his
861 2296 966 2362 verbis
977 2299 1144 2378 promittit:
1164 2297 1301 2371 „Variae

221 2405 389 2470 Lectiones
411 2422 449 2468 cx
470 2404 633 2484 permultis
654 2405 878 2486 antiquissimis
900 2423 938 2469 ee
960 2405 1180 2485 manuscriptis
1197 2424 1302 2471 exem-

220 2511 375 2593 plaribus,
397 2511 510 2592 quihus
531 2512 620 2592 prior
641 2511 731 2577 lectio
750 2513 883 2593 (siquid
906 2514 945 2578 ah
968 2531 1005 2577 ea
1026 2511 1221 2577 immutatum
1238 2518 1301 2591 est)

221 2619 455 2699 nonnullaeque
483 2621 645 2684 doctorum
673 2619 870 2685 coniecturae
896 2621 1062 2685 adiunctae
1090 2629 1191 2684 sunt“
1236 2620 1305 2686 Eae

219 2726 284 2791 hac
310 2726 410 2791 forma
431 2727 626 2808 perscriptae
648 2736 734 2792 sunt:
765 2726 816 2798 „id
836 2747 899 2790 reolo
920 2720 1029 2805 totum)
1052 2734 1156 2806 vetus,
1184 2716 1302 2791 idaea

221 2839 318 2899 tom.“
363 2835 432 2898 Hoc
446 2837 537 2913 oeus,
560 2835 646 2915 quod
663 2835 798 2900 Orelhus
815 2835 929 2899 codicis
946 2835 1134 2915 scripturam
1151 2834 1302 2900 intellexit

222 2942 501 3024 (quemadmodum
518 2960 576 3021 ego
593 2943 718 3006 a.1828
740 2942 771 3006 in
789 2941 972 3006 Asconianis
989 2942 1158 3007 Hotomani
1174 2943 1302 3023 erravi),

223 3061 274 3114 est
294 3049 365 3130 ipsa
386 3049 440 3113 illa
461 3052 551 3130 prior
572 3049 671 3128 lectio,
694 3051 832 3114 codicum
849 3059 953 3114 autem
970 3049 1155 3130 scripturae,
1177 3050 1305 3130 siquae

223 3166 337 3234 essent,
360 3157 468 3236 priore
488 3157 556 3221 loco
579 3159 776 3238 quaerendae
798 3165 912 3222 essent
945 3157 1063 3222 Verum
1086 3157 1128 3220 ibi
1144 3156 1220 3220 nihil
1236 3156 1303 3222 fere

225 3265 398 3344 reperietur
426 3265 485 3328 nisi
512 3265 646 3330 Manutii
674 3265 862 3346 scripturae,
890 3266 932 3329 ad
960 3283 1039 3346 quas
1067 3264 1100 3328 C.
1124 3264 1304 3345 Stephanus

224 3371 329 3449 rediit,
352 3390 422 3436 curn
444 3373 603 3438 Rohertus
627 3374 798 3439 Victorium
820 3373 886 3439 iere
908 3381 1032 3439 secutus
1055 3380 1146 3436 esset
1190 3372 1304 3452 Itaque

224 3483 305 3543 octus
319 3479 398 3543 illud
416 3481 600 3561 plerumque
613 3481 827 3545 Victoriacum
845 3492 906 3559 est;
930 3482 986 3545 sed
1003 3480 1107 3544 nescio
1125 3499 1189 3558 cur,
1207 3480 1302 3543 credo

225 3596 342 3664 tamen,
371 3596 407 3651 ut
428 3601 583 3668 appareat
603 3587 694 3651 huius
717 3589 860 3653 editionis
882 3588 1091 3669 praestantia,
1116 3595 1222 3651 vetera
1243 3604 1302 3666 po·

226 3703 342 3759 nuntur
363 3695 479 3759 Aldina
501 3697 671 3776 quaedam,
693 3715 774 3777 quae
796 3715 896 3777 neque
919 3695 1077 3759 Victorius
1099 3713 1200 3775 neque
1222 3694 1300 3758 Roh.

227 3801 402 3883 Stephanus
425 3801 548 3880 hahent,
570 3803 602 3867 in
625 3824 686 3884 quo
707 3822 822 3884 genere
843 3823 938 3867 unum
962 3821 980 3867 e
998 3802 1103 3866 multis
1120 3808 1169 3865 est
1186 3817 1303 3865 memo·

228 3910 325 3976 rahile
352 3911 430 3974 illud
460 3912 497 3989 V,
522 3914 562 3975 19
591 3911 706 3975 mame
732 3931 795 3974 coc
822 3910 1000 3990 odmheme.
1044 3911 1088 3975 Ut
1110 3920 1212 3973 autem
1235 3918 1302 3973 tota

231 4016 264 4082 C.
274 4017 422 4097 Stephani
443 4018 538 4082 editio
560 4036 672 4097 parum
693 4019 794 4098 perite
815 4027 872 4087 aut
893 4019 1057 4099 diligenter
1079 4017 1224 4081 instituta
1245 4025 1303 4096 cst,

233 4143 296 4188 non
316 4141 385 4188 raro
407 4124 495 4204 prior
516 4133 549 4189 et
570 4143 652 4189 nova
674 4126 831 4206 scriptura
852 4133 1032 4207 permutata
1054 4134 1102 4189 est
1123 4125 1305 4188 annotando

236 4230 467 4312 aliisquemodis
479 4240 634 4309 erratum;
652 4232 760 4297 relicta
777 4252 899 4314 quoque
914 4235 945 4296 in
963 4240 1108 4297 contextu
1121 4240 1204 4311 sunt,
1221 4249 1306 4312 quae

239 4341 384 4421 expelere
399 4349 430 4404 et
445 4341 527 4405 inter
538 4345 645 4404 vetera
656 4351 808 4406 annotare
820 4341 981 4406 consilium
992 4340 1104 4406 fuerat
1136 4340 1173 4404 In
1190 4346 1258 4403 tota
1269 4356 1305 4402 re
