3030 5086
263 471 327 537 tes
656 487 700 532 nu
723 485 855 532 murena
879 485 948 532 non.

264 662 351 737 puto.
394 655 501 719 Pauca
523 660 637 732 mutat,
664 655 714 719 vel
741 654 833 734 plura
855 671 944 732 sane;
973 662 1007 718 at
1033 673 1103 719 cum
1131 656 1172 720 de
1198 655 1344 736 plurimis
1404 629 1408 637 ⁸

265 758 374 825 eadem
396 756 479 834 dicit
502 762 568 820 tum
590 765 674 820 certe
698 756 738 819 de
760 754 909 819 maxinris.
951 757 1040 835 Quod
1058 756 1140 821 idom
1158 775 1227 821 cum
1244 757 1342 821 vestri

265 857 391 936 iaciant
415 876 476 921 non
500 857 578 922 satis
600 875 745 939 magnam
768 857 908 921 tribuunt
923 857 1138 930 inventoribus
1153 857 1298 938 gratiam.

339 1049 358 1095 Ι,
378 1053 420 1093 out
438 1061 489 1092 eum
508 1043 530 1092 Ε
566 1060 578 1092 e
598 1041 783 1109 [AJEPcROr.
816 1043 925 1108 pluribus
944 1042 965 1095 (2
1002 1049 1024 1096 2.
1044 1043 1102 1107 quid
1119 1044 1141 1093 E
1159 1044 1212 1093 item
1230 1057 1317 1093 omnes

268 1192 366 1270 rorum,
390 1199 481 1256 ceteri
504 1197 590 1269 Pali,
614 1198 693 1256 Oxx.
716 1216 817 1255 omnes
834 1199 1040 1273 Epicureorum,
1065 1200 1149 1257 Parr.
1166 1204 1178 1255 l
1194 1199 1254 1256 et3
1272 1199 1345 1275 Epi·

267 1294 400 1342 cureouto.
447 1281 574 1361 [Pnngit
600 1283 730 1340 animum
754 1284 936 1358 Epicurorum
965 1284 994 1341 in
1018 1284 1179 1361 archetypo
1202 1283 1342 1359 scriptum

220 1371 224 1374 ’
267 1369 368 1444 (etiam
391 1369 420 1426 in
446 1369 483 1442 B)
505 1378 535 1425 et
561 1368 649 1425 simul
672 1370 864 1426 Democritum.
910 1369 1050 1426 Potuitne
1073 1369 1178 1428 Cicero
1200 1369 1344 1426 scribere:

268 1456 391 1530 Epicuro
413 1473 513 1523 erum,
536 1456 563 1509 iu
581 1455 631 1527 pb.
650 1473 688 1527 φ,
712 1455 895 1510 Democritum
914 1464 989 1528 puto,
1012 1463 1046 1510 ut
1062 1454 1250 1530 significaret,
1273 1453 1344 1529 Epi·

268 1558 368 1597 curum
392 1539 421 1595 in
448 1537 562 1595 familia
585 1538 747 1595 Democriti
771 1539 947 1595 censendum
972 1547 1001 1594 et
1024 1556 1111 1615 possa
1133 1557 1151 1595 a
1174 1538 1347 1596 Democrito

268 1624 354 1681 herili
377 1624 440 1680 iure
463 1618 588 1701 asserii]

350 1727 442 1783 pauco
465 1719 559 1778 mutat,
582 1710 624 1764 uel
640 1711 725 1783 pluro
747 1727 827 1773 soum
850 1718 879 1764 ot
901 1727 960 1764 cum
982 1709 1015 1764 de
1034 1708 1173 1783 plurimis)
1197 1708 1279 1764 Haec
1302 1706 1345 1763 sic

269 1794 434 1852 enarranda
456 1803 541 1867 puto:
571 1792 671 1849 Pauca
694 1802 801 1861 mutat,
830 1793 877 1848 vel
905 1792 929 1849 si
953 1793 1019 1866 qnis
1041 1793 1083 1849 ita
1106 1793 1230 1863 mavult,
1260 1792 1346 1867 plura
1396 1829 1402 1839 ι

270 1896 350 1949 sane,
374 1897 461 1952 qnam
486 1896 560 1951 quae
583 1895 677 1951 pauca
699 1878 757 1934 dici
775 1877 897 1952 possint.
932 1878 966 1934 In
984 1897 1049 1934 sone
1071 1877 1253 1952 significatur
1275 1894 1343 1934 con-

270 1963 363 2021 cessio
387 1981 444 2020 non
468 1962 658 2038 pertinaciter
680 1962 844 2019 resistentis
861 1965 905 2034 (ιιι
922 1963 953 2018 ΙΙ
971 1963 1064 2019 Acad.
1081 1964 1162 2036 105).
1198 1965 1244 2021 lta
1261 1962 1346 2018 dnbi-

270 2056 349 2105 tatur
377 2056 505 2117 tantum,
534 2055 645 2121 quanta
672 2047 808 2104 habenda
835 2047 908 2117 sint,
937 2066 1012 2121 qnae
1040 2047 1186 2122 Epicurus
1215 2046 1344 2106 mutarit.

270 2133 333 2190 Alii
357 2133 399 2190 sio
421 2140 576 2189 enarrant:
606 2133 714 2201 „etiarn
743 2133 829 2207 plura
856 2140 962 2199 mutet,
991 2150 1078 2206 qnam
1107 2133 1165 2189 iant
1189 2132 1345 2199 mtrtavit“,

271 2228 303 2274 nt
325 2218 381 2274 hoc
403 2216 532 2287 dicatur,
561 2216 676 2275 etiamsi
704 2236 763 2273 nna
785 2226 815 2273 et
837 2217 931 2273 altera
954 2218 1078 2274 mutatio
1101 2217 1272 2286 accesserit,
1301 2216 1344 2273 ni·

270 2303 332 2360 hilo
355 2303 450 2359 minus
472 2303 528 2360 hoe
551 2302 738 2358 indicandum
758 2301 829 2359 fore.
866 2302 923 2360 Sed
941 2312 1146 2377 praeterquam
1165 2302 1253 2376 quod,
1276 2302 1348 2358 data

271 2389 325 2445 hac
349 2388 450 2457 venia,
485 2406 542 2444 non
572 2395 669 2462 potest
696 2406 749 2461 pro
778 2396 858 2443 certo
882 2387 966 2462 poni,
1001 2406 1066 2444 enrn
1096 2387 1131 2444 de
1160 2386 1294 2463 plurimis
1317 2396 1346 2442 ot

273 2472 409 2530 maximis
432 2472 532 2529 eadem
557 2472 667 2539 dicere,
690 2490 748 2527 non
772 2482 843 2545 puto
866 2472 895 2528 in
920 2471 974 2527 hoo
997 2472 1122 2529 transitu
1145 2490 1162 2528 a
1184 2471 1227 2528 rei
1250 2471 1347 2528 factae

272 2557 472 2614 declaratione
484 2559 591 2629 (mittat)
609 2557 645 2612 ad
670 2557 888 2613 concessionem
907 2556 1125 2613 coniunctivum
1145 2557 1272 2625 modurn,
1296 2556 1348 2630 qni

272 2642 428 2718 specialior
451 2652 509 2711 est,
538 2660 575 2698 ex
597 2640 758 2698 indicativo
781 2641 875 2698 audiri
900 2659 1000 2717 posse,
1029 2642 1177 2716 quomodo
1205 2659 1220 2698 e
1243 2642 1347 2702 subse,-

272 2727 375 2801 quenti
387 2726 574 2783 coniunctivo
586 2727 698 2783 eruitur
709 2726 1033 2800 indicativus(III,21).
1058 2728 1162 2800 Itnqne
1170 2727 1245 2783 Dav.
1258 2725 1347 2783 scribi

273 2812 351 2869 vult:
372 2830 462 2886 portca
478 2821 569 2881 mutet,
585 2814 625 2867 uei
631 2814 716 2885 pluro
727 2831 805 2879 soue3
825 2821 857 2868 at
870 2829 962 2885 panea
979 2831 1044 2868 eum
1058 2822 1171 2868 mutare
1183 2811 1346 2867 constabat.

274 2896 350 2955 Gzio
363 2896 472 2970 placet:
487 2914 578 2971 pauco
594 2906 695 2961 cuntai,⁸
713 2906 794 2953 mutet
809 2899 850 2952 oet
862 2899 947 2971 pluro
964 2915 1037 2955 sone.
1055 2897 1084 2953 in
1103 2914 1160 2970 qna
1178 2896 1350 2952 coniectura

273 2981 348 3038 male
361 2989 539 3037 concurrunt
550 2983 591 3038 oet
602 2989 631 3037 et
643 3001 716 3050 sacre,
735 2992 763 3037 et
776 2981 862 3038 nimis
874 2981 948 3037 dura
960 2982 1127 3039 coniunctio
1139 2981 1282 3038 orationis
1295 2990 1347 3037 est..

273 3067 318 3123 De
343 3068 468 3140 plurimis
496 3066 662 3122 necessario
685 3084 749 3121 cnm
774 3066 922 3137 Munatio,
948 3066 1104 3135 Lambino,
1129 3066 1253 3123 Davisio
1277 3066 1348 3122 seri-

273 3152 400 3208 bendum
420 3160 492 3207 erat.
527 3151 604 3207 Nam
628 3169 722 3224 neque
746 3170 798 3224 per
820 3169 851 3207 se
874 3151 963 3208 ullam
987 3152 1077 3208 habet
1099 3151 1272 3207 sententiam
1296 3159 1349 3206 ant

273 3235 415 3293 orationis
439 3236 561 3292 Latinae
585 3234 708 3292 formam
732 3239 890 3310 eplnrimia
912 3239 1004 3293 eodem
1027 3238 1123 3303 dicero,
1148 3254 1213 3292 cnm
1237 3235 1346 3311 signifi·

274 3330 371 3390 catur,
400 3329 433 3376 nt
460 3319 593 3395 proiecto
616 3321 811 3396 significatur.
841 3322 1031 3396 plurimarum
1061 3340 1158 3378 rernm
1182 3321 1347 3388 consensio,

273 3423 367 3479 neque
390 3405 498 3461 variari
528 3405 557 3460 in
587 3406 641 3461 hac
669 3406 881 3463 contrariorum
911 3407 1117 3462 coniunctione
1145 3414 1256 3479 potest:
1289 3424 1348 3462 cum

272 3493 465 3565 eisplurima,
497 3501 551 3546 tum
580 3500 648 3547 certe
670 3490 706 3561 (si
730 3491 765 3547 de
789 3491 923 3566 piurimis
946 3509 1003 3547 non
1028 3490 1183 3562 concedas)
1205 3493 1239 3547 cie
1261 3493 1347 3546 moci-

272 3579 331 3632 mis.
377 3575 489 3631 Habuit
512 3584 607 3631 tamen
632 3575 764 3632 codicum
788 3575 933 3651 scriptura
952 3574 1120 3632 defensores
1134 3573 1346 3649 Wopkensinm

273 3660 576 3735 (Leett.Tu11.p.27)
600 3659 758 3730 efficium,
782 3661 831 3734 qni
855 3663 1012 3735 epium'mis
1037 3669 1120 3734 putat
1143 3678 1206 3716 esse
1232 3659 1348 3734 „quoad

273 3745 431 3819 plurima“‚
454 3745 604 3801 ascribens
627 3745 723 3802 loonm
747 3756 915 3820 corruptum
940 3747 976 3801 de
994 3744 1051 3804 off.
1072 3747 1095 3813 Ι,
1115 3744 1163 3801 51.
1208 3745 1349 3817 (Sanarnt

273 3830 385 3905 pridem
410 3849 476 3886 enm
499 3830 595 3886 locunt
620 3829 762 3889 Gulieimi
785 3830 965 3900 emendatio,
990 3849 1076 3904 quarn
1101 3840 1130 3886 et
1152 3830 1298 3887 sententia
1320 3841 1350 3885 et

273 3915 415 3972 orationis
438 3914 533 3971 forma
558 3914 712 3971 manifesto
731 3934 829 3971 veram
850 3934 914 3972 esse
932 3916 1091 3985 evincunt.)
1126 3915 1205 3973 Oxx.
1228 3917 1349 3989 epluri-

272 4003 322 4056 mis
345 4010 487 4057 annotant
510 4019 525 4055 e
547 4013 607 4074 χψ,
627 4003 753 4074 plreruuia
776 4019 812 4056 ex
835 4000 878 4070 U,
902 4000 985 4056 utin
1010 3995 1052 4067 Εξ
1074 4001 1210 4056 mendum
1235 4017 1349 4056 correc-

273 4095 334 4142 tntn
357 4084 449 4143 fnisse
473 4085 616 4141 videatur.

363 4171 442 4239 Quod
458 4169 542 4247 idem)
555 4169 605 4227 Sic
618 4170 771 4226 Ernestins
783 4168 908 4226 fortasse
921 4187 989 4226 casu
999 4165 1053 4242 (ξ);
1073 4167 1166 4227 Gaius
1182 4169 1349 4226 confirmari

273 4256 315 4311 ait
337 4274 355 4311 a
377 4256 456 4312 Gnd.
470 4256 503 4322 2,
523 4256 600 4322 Bas,
624 4256 713 4322 Mon..
741 4253 903 4328 „editisque
927 4255 1076 4311 veteribus
1099 4263 1253 4330 praeterea
1275 4254 1350 4311 tnui·

272 4339 341 4396 tis“.
388 4340 433 4396 De
456 4340 635 4397 editionibus
657 4340 807 4396 veteribus
830 4350 916 4396 errat.
940 4337 980 4419 [B
1003 4350 1036 4396 nt
1060 4337 1136 4419 Eri]
1165 4339 1227 4399 Cir.
1253 4338 1349 4397 Gorn-

273 4425 383 4482 hardns
407 4433 436 4481 et
459 4425 594 4483 Klotzius
617 4425 654 4482 ad
679 4425 757 4482 Laoi.
776 4426 822 4492 14,
846 4424 981 4482 Handius
1004 4426 1092 4483 ans.
1117 4427 1164 4483 111
1187 4444 1215 4500 p.
1235 4425 1305 4482 521.
