3030 5086
658 384 854 431 emissario.
1263 368 1291 431 V

216 566 290 617 nem
309 551 465 617 Ciceronis
488 554 659 619 orationem
682 555 784 619 denuo
806 571 875 617 cum
892 553 1031 617 codicum
1049 553 1111 618 tide
1127 555 1292 636 dignorum

217 661 403 726 testimoniis
426 662 571 726 contendi
594 663 838 744 ponderatisque
860 661 1016 725 rationum
1037 663 1201 727 momentis
1218 682 1291 729 con-

219 771 316 848 stitui,
339 788 399 835 non
422 788 499 834 sane
522 769 650 834 multum
673 769 714 835 ab
736 788 774 834 ea
796 769 895 833 forma
917 769 1085 850 digressus,
1107 789 1200 851 quam
1218 778 1292 838 aute

220 888 345 945 secutus
372 896 458 943 eram
486 896 641 959 quamque
663 885 695 942 et
716 877 854 942 Klotzius
876 885 909 942 et
929 877 1074 942 Baiterus
1095 876 1161 944 iere
1183 887 1291 946 tenue·

218 995 305 1064 ran13
332 1003 463 1066 prorsus
486 986 567 1049 enim
590 1004 624 1050 se
646 986 734 1064 mihi,
761 986 787 1050 si
809 1003 961 1050 summam
985 986 1030 1050 rei
1052 994 1188 1066 spectes,
1217 1007 1292 1068 pro·

219 1095 313 1159 bavit.
363 1094 425 1159 Sed
453 1103 556 1157 tamen
585 1101 616 1158 ct
642 1095 776 1172 minora,
805 1093 889 1158 velut
915 1094 946 1158 in
975 1093 1141 1158 verborum
1169 1097 1291 1175 ordine,

219 1220 282 1267 non
307 1202 352 1267 ita
373 1220 483 1282 pauca,
506 1221 587 1282 quae
609 1209 701 1267 antea
722 1203 841 1266 incerte
863 1209 967 1280 erant,
989 1203 1030 1266 ad
1051 1200 1217 1268 firmiorem
1239 1222 1291 1269 co·

218 1311 321 1376 dicum
348 1309 441 1375 fidem
470 1311 628 1389 revocavi,
656 1317 827 1390 praeeunte
853 1310 884 1373 in
907 1311 1011 1375 multis
1032 1310 1173 1389 Baitero,
1203 1318 1234 1377 et
1260 1313 1290 1377 in

217 1419 271 1497 iis,
300 1436 380 1498 quae
402 1418 587 1483 sententiam
608 1425 664 1481 aut
687 1424 802 1482 rectam
825 1418 974 1483 orationis
1001 1418 1133 1482 lormam
1160 1419 1291 1502 propius

217 1527 384 1607 attingrmt,
406 1525 602 1606 aliquotiens,
618 1534 738 1589 mutata
755 1527 916 1606 superiore
933 1526 1098 1607 scriptura,
1117 1536 1173 1591 aut
1189 1527 1290 1608 ipsam

218 1634 400 1715 simpliciter
433 1634 572 1697 codicum
605 1632 696 1697 fidem
731 1634 845 1698 certius
878 1644 1073 1714 perspectam
1107 1641 1138 1698 et
1171 1636 1291 1700 ratione

218 1742 451 1822 comprobatam
475 1751 599 1806 secutus
622 1760 690 1805 sum
713 1742 762 1821 (ut
783 1741 830 1819 ΙΙ,
853 1743 908 1821 21,
931 1742 987 1821 52,
1010 1743 1060 1819 87,
1083 1743 1134 1820 94,
1161 1744 1217 1823 ΙΙΙ,
1243 1746 1291 1823 11,

219 1850 258 1928 V,
280 1851 336 1926 20,
359 1851 415 1930 33)
442 1858 498 1914 aut
525 1868 562 1914 ex
591 1867 698 1914 eorum
721 1849 860 1931 vestigiis
889 1850 1067 1914 coniectura
1094 1869 1200 1916 verum
1224 1852 1290 1915 erui

219 1960 270 2037 (ut
291 1958 330 2034 ΙΙ
351 1956 399 2032 78,
412 1957 462 2034 94,
484 1958 540 2034 ΙΙΙ,
558 1959 609 2036 63,
631 1958 684 2036 lV,
704 1958 752 2036 10,
765 1957 815 2035 65,
838 1957 875 2036 V,
895 1959 943 2036 16,
957 1959 1026 2039 80),
1054 1976 1116 2023 uno
1139 1967 1171 2023 et
1192 1960 1290 2024 altero

219 2066 382 2146 utriusque
404 2064 527 2146 generis
550 2064 617 2129 loco
639 2083 659 2128 a
679 2065 806 2129 Baitero
830 2072 980 2146 occupato
1002 2069 1052 2146 (ut
1073 2067 1117 2144 ΙΙ,
1139 2067 1195 2145 36,
1219 2068 1290 2145 107,

220 2175 305 2255 119),
325 2173 476 2254 quasdam
493 2191 578 2238 meas
590 2172 864 2254 Wesenbergiique
880 2174 1073 2254 aliorumque
1089 2174 1291 2255 suspiciones,

217 2300 297 2362 quas
320 2289 414 2345 antea
435 2281 466 2344 in
487 2281 737 2345 annotationibus
759 2280 958 2361 reliqueram,
980 2289 1036 2345 aut
1057 2281 1146 2345 novis
1168 2281 1290 2346 indiciis

218 2388 438 2453 corroboratas
460 2397 516 2452 aut
537 2389 668 2453 aliorum
690 2407 841 2454 consensu
863 2390 1097 2470 comprobatae,
1119 2397 1290 2470 praeeunte

218 2497 332 2578 partim
356 2496 490 2574 Baitero,
513 2496 544 2559 in
567 2503 743 2561 contextum
765 2496 914 2561 orationis
936 2497 1037 2577 recepi
1060 2498 1108 2577 (ut
1131 2497 1225 2574 IV,6,
1240 2498 1289 2576 18,
1328 2540 1331 2548 ·

219 2606 269 2684 61,
292 2606 342 2682 67,
366 2605 415 2682 70,
443 2603 481 2681 V,
503 2605 554 2682 43,
578 2605 646 2683 72),
677 2604 796 2685 aliquot
821 2604 955 2684 denique
977 2622 1074 2668 novas
1097 2605 1289 2685 suspiciones

217 2721 253 2775 ut
275 2713 411 2776 incertas
433 2711 465 2776 in
488 2711 739 2776 annotationibus
762 2712 852 2791 posui
875 2713 990 2792 (mil,
1012 2713 1067 2790 33,
1097 2712 1157 2791 ΙΗ,
1181 2714 1215 2791 2,
1239 2713 1290 2790 1-5,

218 2821 275 2897 31,
298 2821 353 2898 51,
376 2822 427 2899 52,
456 2819 510 2898 IV,
535 2821 583 2897 13,
606 2821 657 2897 37,
678 2821 730 2897 44,
760 2820 798 2898 V,
820 2821 870 2898 23,
893 2821 943 2897 60,
966 2821 1016 2896 69,
1039 2820 1103 2900 80).
1148 2821 1288 2884 Aliorum

218 2927 403 2992 coniecturis
436 2945 536 3007 nuper
568 2927 739 3007 propositis
774 2946 835 2990 non
868 2927 912 2990 ita
944 2926 1048 2991 multis
1080 2926 1179 2991 locum
1212 2928 1289 2992 dare

218 3035 315 3115 potui,
338 3042 371 3098 ut
392 3034 584 3099 Lachmanni
607 3035 647 3112 ΙΙ,
669 3038 719 3113 24,
749 3042 805 3098 aut
826 3034 935 3098 saltem
960 3053 1013 3098 eas
1034 3033 1065 3097 in
1089 3036 1289 3100 annotatione

218 3143 367 3223 probare;
395 3142 491 3206 multo
513 3143 619 3223 plures
641 3142 865 3223 improbandae
887 3142 1026 3219 luerunt,
1053 3143 1092 3207 de
1114 3143 1238 3222 quibus,
1261 3144 1288 3207 si

219 3270 298 3331 opus
321 3250 500 3328 videbatur,
528 3250 664 3315 breviter
687 3251 763 3327 dixi3
791 3251 946 3330 quaedam
969 3270 1017 3314 nie
1039 3251 1105 3314 sinc
1127 3252 1219 3315 dubio
1242 3250 1288 3314 f-

219 3359 372 3424 iellcrunt.
426 3357 515 3421 Alani
543 3358 671 3422 Hiberni
701 3358 867 3423 editionem
897 3359 1037 3436 (Dublini
1067 3359 1163 3438 1856)
1193 3366 1225 3423 et
1250 3359 1287 3422 L.

221 3466 383 3531 Vaucherii
407 3465 611 3545 Genevensis,
634 3465 765 3530 hominis
788 3485 863 3547 erga
882 3486 930 3530 me
947 3466 1095 3543 benevoli,
1119 3468 1174 3530 sed
1196 3466 1287 3530 nimis

218 3574 391 3638 temerariis
414 3573 593 3637 commentis
616 3572 722 3653 (etiam
751 3576 790 3638 de
817 3575 914 3655 ipsius
937 3574 1092 3637 Ciceronis
1120 3574 1286 3638 correctio-

219 3683 306 3747 nibus
341 3689 372 3745 et
405 3681 640 3758 additamentis)
673 3682 862 3761 indulgentis
890 3679 1038 3756 libellum,
1066 3699 1157 3761 quem
1186 3681 1287 3746 Cures

218 3791 339 3854 criticas
362 3789 392 3852 in
416 3788 572 3852 Ciceronis
595 3788 693 3852 libros
715 3787 943 3869 philosophicos
966 3787 1123 3867 inscripsit
1146 3788 1233 3869 (fasc.
1259 3793 1286 3867 1,

217 3898 404 3963 Lausannae
421 3897 527 3976 1864),
549 3896 590 3961 de
606 3895 758 3959 industria
781 3914 842 3959 non
860 3896 1106 3974 commemoravi,
1128 3916 1167 3960 nc
1184 3895 1287 3976 suspi-

217 4007 320 4070 ciones
336 4004 460 4068 inutiles
476 4005 517 4067 ad
540 4003 697 4068 hominum
720 4003 859 4066 notitiam
881 4002 1095 4082 protraherem
1117 4013 1172 4067 aut
1194 4004 1286 4067 etiam

219 4112 394 4178 refutarem.
427 4112 619 4176 Varietatem
643 4111 816 4192 scripturae
837 4111 1044 4175 commodiore
1066 4110 1167 4176 forma
1185 4113 1284 4192 posui.

218 4221 253 4284 ln
276 4219 851 4300 commentariispraeterquamquod
875 4238 926 4297 ea,
954 4238 1034 4300 quae
1056 4219 1116 4284 iam
1139 4220 1169 4284 in
1193 4239 1286 4300 supe·

219 4328 310 4391 rioris
337 4326 481 4392 editionis
507 4326 569 4391 fine
597 4327 741 4392 addenda
768 4333 799 4390 et
828 4327 1011 4406 corrigenda
1039 4328 1191 4405 dixeram,
1221 4327 1287 4390 suis
