3030 5086
219 468 282 532 652
611 484 656 529 on
679 485 809 531 sturnus
833 484 903 529 non.

220 651 349 717 etnihil
371 653 556 732 requirente
531 652 642 714 ο27.
666 651 753 715 llaec
775 652 870 732 igitur
891 650 981 714 nobis
1003 651 1187 730 explicanda
1211 660 1312 726 sunt;

220 755 275 818 sed
299 754 325 815 si
349 753 522 824 enodatius
546 772 601 817 vos
624 753 801 833 ignoscetis.
835 752 936 816 Huius
953 752 1033 816 enim
1055 752 1152 815 aetati
1169 759 1203 815 et
1219 750 1311 827 huie,

219 874 300 919 nunc
323 854 399 918 haee
421 854 554 935 primum
577 853 712 918 fortasse
734 853 881 925 audienti,
905 853 1023 917 servire
1045 852 1205 917 debemus.
1252 852 1313 916 lta

291 1062 310 1104 l.
332 1056 402 1106 Haec
421 1057 490 1121 r'yr'tur
507 1085 540 1094 -
559 1057 636 1106 aetati
653 1057 750 1106 Nonius
769 1072 792 1120 p.
812 1062 839 1103 ts
891 1062 912 1107 2.
933 1056 1011 1114 cuites,
1034 1071 1082 1108 om.
1101 1056 1173 1117 enirn,
1198 1056 1311 1106 Nonius

221 1130 244 1174 3.
266 1143 325 1173 ιιαιιο
344 1126 380 1174 lu'c
399 1126 420 1172 E
439 1143 499 1173 nunc
517 1125 560 1174 loe
578 1136 646 1183 eett.,
667 1125 708 1174 Or.
730 1125 800 1191 (ιιιιυο
816 1125 917 1188 pritnum
934 1124 977 1172 loc
996 1125 1027 1186 C)
1063 1124 1176 1174 αιιᾰιὶυᾱὶ
1193 1125 1216 1173 E

220 1298 297 1372 apud
322 1298 537 1372 Peripateticos
566 1298 821 1354 conunemorando
845 1297 1024 1359 celebratur.
1053 1315 1110 1353 non
1140 1311 1239 1354 tamen
1272 1308 1312 1353 ut

219 1383 283 1457 ipse
307 1382 335 1438 in
360 1402 474 1439 summa
491 1396 625 1458 ponatur,
650 1383 700 1439 sed
725 1393 754 1439 ut
780 1384 880 1439 virtuti
900 1382 1085 1457 adiungatur,
1109 1383 1308 1456 quemadmo-

218 1468 286 1524 dum
311 1466 382 1523 feeit
405 1468 468 1543 ipse
488 1468 593 1526 Cicero
606 1470 647 1536 ΙΙ,
662 1469 701 1523 38
720 1472 811 1537 (totitas
825 1471 987 1542 perfectione
1006 1473 1073 1524 citae
1089 1469 1308 1543 locrrpletutanr).

220 1552 302 1610 Nota
325 1563 367 1608 est
392 1566 421 1609 et
443 1553 509 1626 ipsa
531 1553 704 1611 Aristotelis
727 1552 858 1609 definitio
882 1554 910 1609 in
935 1552 1001 1608 Eth.
1026 1552 1141 1610 Nicom.
1165 1554 1189 1610 l.
1211 1555 1239 1619 7,
1265 1554 1307 1608 14

219 1649 248 1694 et
270 1638 321 1692 15:
347 1636 443 1712 ψυχης
466 1630 591 1713 ἐνέργεια
615 1641 679 1693 κατ’
704 1628 810 1712 ἀρετὴν
834 1631 862 1692 ἐν
884 1631 938 1713 βίῳ
954 1630 1065 1707 τελείῳ,
1089 1647 1211 1712 atquae
1230 1637 1306 1695 hine

218 1723 369 1779 derivatae
387 1739 451 1777 cum
471 1721 570 1794 aliqua
584 1724 728 1779 varietate
747 1732 774 1777 et
793 1721 957 1779 adiectione
975 1721 1053 1796 apud
1071 1722 1145 1779 alios
1162 1723 1217 1780 sub
1235 1723 1308 1781 eius

218 1818 247 1864 et
259 1807 541 1904 Peripateticorum
561 1808 677 1863 nomine
702 1817 859 1881 ponuntur,
883 1807 965 1863 velut
986 1805 1065 1881 apud
1083 1807 1169 1884 Diog
1189 1809 1227 1877 V,
1242 1808 1303 1865 30·

216 1887 319 1967 χρῆσις
337 1883 443 1967 α’ρεπης
462 1885 491 1946 ἐν
509 1884 562 1964 βιῳ
579 1885 689 1963 τελείῳ,
714 1903 743 1948 et
765 1893 841 1968 apud
867 1891 1024 1949 Stobaeum
1045 1891 1106 1947 Eel
1125 1893 1192 1948 Eth.
1211 1911 1240 1968 p.
1257 1894 1302 1950 68

218 1987 248 2032 et
266 1976 305 2031 70
325 1972 438 2050 (χρῆσις
462 1967 568 2050 ἀρετῆς
590 1968 741 2040 τιλειάς’
727 1994 756 2031 εν
778 1969 1011 2052 προηγουμένοις
1033 1986 1063 2032 et
1082 1969 1209 2052 ἐνέργεια
1231 1976 1303 2033 κατ

218 2049 327 2134 α’ρεπην
349 2053 501 2116 ‘celetur’
487 2078 516 2114 εν
538 2051 591 2132 βιῳ
608 2053 709 2132 τελείῳ
727 2078 932 2136 προηγουμενη
956 2069 983 2115 et
1005 2057 1107 2135 χρῆσις
1126 2053 1233 2136 ἀρετῆς
1252 2079 1303 2118 τι·

218 2137 345 2206 lst'rre’
330 2162 359 2199 ιν
389 2138 442 2219 ῥίῳ
471 2137 572 2214 τελειῳ
603 2139 834 2218 προηγουμένης)
857 2154 887 2199 et
911 2164 937 2218 p.
957 2145 1017 2200 276
1047 2153 1074 2200 et
1100 2145 1160 2201 278
1184 2141 1304 2219 (χρῆσις

218 2216 326 2301 ἀρετῆς
345 2220 497 2292 τελείας’
483 2246 511 2283 εν
534 2197 586 2301 βιίμ
609 2222 709 2299 τελείῳ
731 2221 936 2325 προηγουμένη
960 2221 976 2303 ὴ
970 2215 1072 2303 ζωῆς
1087 2221 1235 2293 τελιιας’
1220 2222 1302 2304 erasto

218 2327 282 2386 γεια
305 2313 370 2367 κατ’
395 2302 523 2388 ἀρετήν).
569 2311 629 2370 Sed
656 2312 770 2387 apud
762 2330 858 2387 ipsum
883 2313 1073 2370 Aristotelem
1102 2307 1165 2388 βίος
1187 2305 1303 2378 ‘taleme

218 2394 254 2450 ad
285 2395 426 2470 temporis
454 2398 675 2454 diuturnitatem
705 2398 845 2455 refertur.
874 2398 1036 2492 eademque
1065 2397 1242 2490 significatio
1272 2398 1302 2455 ei
1392 2445 1394 2448 .

217 2479 362 2537 subicitur
384 2483 462 2555 apud
487 2482 646 2540 Stobaeum
671 2502 698 2557 p.
718 2485 772 2548 72
804 2473 891 2538 ubi
877 2503 893 2556 η
916 2468 1072 2546 διαστασις
1093 2479 1146 2556 τῆς
1166 2469 1303 2557 χρήσεως

217 2559 276 2618 τῶν
300 2556 426 2662 ἀγαθον
448 2579 493 2624 est
515 2568 630 2624 duratio
654 2570 709 2639 (die
731 2568 928 2640 ΑαυιΙιΙιααυμ)
952 2566 1037 2623 hrrius
1061 2585 1144 2627 usus
1167 2585 1243 2631 non.
1268 2576 1304 2621 ut

218 2649 344 2704 vertitur
366 2650 429 2706 sine
453 2653 513 2709 ulla
536 2654 695 2719 sententia,
720 2652 892 2712 discrimen
917 2663 946 2707 et
968 2652 1205 2727 apertissimep.
1225 2651 1302 2707 280.

218 2733 328 2789 Verum
349 2744 455 2806 tamen,
474 2756 538 2795 eum
554 2739 626 2795 satis
639 2748 803 2814 appareret.
824 2737 1015 2794 Aristotelem
1035 2738 1112 2793 bona
1129 2747 1254 2793 externa
1272 2745 1304 2792 et

218 2819 351 2894 corporis
373 2821 472 2895 aliqua
490 2843 527 2879 ex
552 2835 634 2897 parte
657 2825 807 2898 requirere
824 2822 895 2895 (vid.
919 2841 993 2896 quae
1016 2822 1139 2897 ascripsi
1162 2821 1200 2878 ad
1222 2825 1238 2890 ς
1263 2821 1301 2877 12

217 2899 596 2970 et'Eth.Nicomacn.1.8
614 2910 720 2981 15-17)
738 2918 768 2965 et
791 2926 825 2963 ea
847 2907 1033 2965 instrumenti
1057 2906 1214 2964 necessarii
1233 2906 1302 2963 loeo

218 2988 341 3055 habere,
366 2994 544 3064 posteriores
568 2995 674 3067 partim
698 2994 824 3068 aliquid.
854 2994 882 3048 in
912 3010 970 3066 quo
998 3010 1098 3048 eorum
1122 2991 1302 3068 significatio

217 3085 303 3135 esset
324 3075 401 3132 vitae
420 3078 568 3152 perfectae
587 3079 778 3154 appellationi
791 3079 948 3145 addebant,
966 3077 1081 3133 utillud
1094 3069 1303 3173 προηγουμένη

216 3169 268 3214 arrt
292 3152 320 3215 ἕν
342 3178 583 3261 orpoqyonpevor4·‚
607 3165 685 3238 qnod
704 3166 848 3224 stobaeus
867 3183 894 3238 p
909 3163 948 3217 72
967 3162 1035 3219 addi
1053 3160 1134 3226 dicit.
1157 3171 1190 3217 ut
1206 3159 1302 3235 signi·

216 3244 334 3308 ficetur,
364 3234 417 3318 τὴν
391 3264 546 3344 γνγρησιν
563 3240 592 3302 ἐν
607 3240 746 3344 ἀγαθοῖς
767 3236 990 3339 γίγνεσθαικαὶ
1013 3266 1053 3320 μη
1076 3240 1105 3302 ἐν
1127 3245 1246 3315 κακοῖς,
1271 3253 1303 3301 et

217 3347 245 3403 p.
266 3330 327 3385 280
352 3329 388 3385 ad
411 3321 449 3385 τὰ
472 3322 549 3385 κατὰ
572 3318 660 3405 φύσιν
684 3322 789 3409 ἀγαθά
811 3330 916 3398 refert.
941 3332 1046 3407 partim
1071 3349 1126 3406 pro
1148 3329 1210 3386 vita
1234 3348 1304 3405 per·

216 3412 295 3470 fecta
313 3417 620 3474 commemorationem
640 3419 857 3513 commodorum
877 3416 1104 3483 substituebant,
1123 3415 1202 3471 velut
1207 3414 1305 3511 apud

217 3498 378 3557 Stobaeum
400 3519 426 3574 p.
441 3501 518 3556 ⁶288:
541 3499 605 3558 κατ’
630 3491 736 3594 ιέρετην
760 3495 848 3576 ζῆν’
834 3520 862 3556 εν
884 3504 947 3567 τοῖς
969 3490 1034 3599 napi
1059 3497 1145 3574 σῶμα
1167 3488 1304 3564 καὶτοῖς

216 3575 328 3651 ἔξωθεν
352 3575 523 3658 ἀγαθοῖς
514 3605 529 3658 η
552 3580 642 3641 πᾶσιν
672 3572 774 3659 ηιοῖς
795 3579 943 3649 πλείστοις
970 3577 1018 3644 καὶ
1047 3571 1243 3677 κυριωτάτοις
1272 3593 1303 3640 et

215 3686 243 3765 p
260 3669 337 3724 278:
358 3683 461 3743 χρησιν
484 3659 591 3743 ιὶρετης
616 3662 644 3724 ἐν
661 3671 725 3732 τοῖς
742 3689 818 3725 κατα
837 3655 925 3740 φύσιν
943 3657 1166 3743 ἀνεμπόδιστον,
1190 3667 1301 3742 partim

218 3752 246 3808 in
271 3753 336 3826 ipsa
361 3751 507 3826 perfectae
526 3755 605 3810 vitae
623 3753 823 3828 appellatione
841 3753 919 3809 illam
941 3752 1210 3830 significationem
1202 3770 1303 3810 inesse

216 3837 364 3897 volebant
389 3838 545 3894 verborum
569 3848 674 3895 natura
693 3857 750 3896 non
770 3858 839 3896 sane
857 3849 1049 3914 repugnante.
1073 3855 1131 3912 quo
1151 3838 1202 3894 illa
1219 3838 1304 3914 apud

216 3922 376 3980 Stobuenm
402 3941 429 3996 p
451 3923 491 3980 70
521 3923 652 3981 definitio
675 3937 809 4020 speetare
833 3925 963 3985 ridetur.
962 3944 1051 4018 qna
1078 3944 1095 3997 q
1123 3913 1302 3995 εὐδαιμονία

216 4008 324 4064 dieitur
346 4026 411 4065 esse
434 4001 497 4083 βίος
519 4001 609 4074 καλὸς
635 4029 682 4066 και
705 4003 816 4075 τέλειος
837 4026 1068 4083 προηγουμενος.
1115 4006 1301 4064 Antiochum

216 4094 319 4150 saltem
345 4094 435 4151 vitam
460 4094 620 4167 perfectam
644 4095 685 4151 sie
709 4113 877 4155 enarrasse
908 4113 946 4149 ex
969 4092 1121 4151 Ciceronis
1149 4091 1223 4150 loeis
1247 4110 1303 4168 ap·

215 4197 318 4254 parere
342 4181 465 4237 videtur.

304 4268 352 4321 27.
376 4266 467 4320 Huius
490 4268 557 4320 earini
585 4269 668 4320 uetuti
695 4275 719 4320 et
747 4266 807 4320 lnrie
835 4263 904 4337 eet.)
929 4264 1004 4321 Mire
1027 4263 1133 4320 aetatis
1156 4261 1303 4319 mentioni
1329 4311 1332 4316 .

217 4350 425 4424 superadditur
437 4349 604 4424 copulative
617 4349 780 4405 eommunis
793 4349 923 4406 eiusdem
935 4348 1063 4405 hominis
1074 4347 1188 4404 notatio
1201 4347 1303 4421 (luia),

217 4434 296 4506 quod
315 4434 453 4499 sentiens.
478 4435 590 4509 opinor.
615 4434 745 4493 Karnine
768 4434 841 4491 duos
864 4434 996 4491 homines
1014 4431 1172 4510 significari
1191 4432 1303 4504 voluit,
