3030 5086
436 402 479 449 uu
502 399 1077 463 stemmachP.t3-tt.(tt-te.)
1122 420 1146 459 0
1249 382 1292 447 95

215 573 342 636 ratione
374 590 413 636 ne
446 569 683 651 temperantiam
716 568 840 650 quidem
869 574 998 649 propter
1025 585 1060 633 se
1087 568 1292 648 expetendam

216 691 291 738 esse
312 673 463 750 dicemus,
493 673 550 737 sed
572 672 644 752 quia
665 687 774 752 paoem
798 670 906 734 animis
928 669 1040 734 afferat
1067 675 1100 734 et
1126 688 1180 734 eos
1202 668 1292 750 quasi

215 774 385 839 eoncordia
407 774 543 856 quadam
566 773 669 853 placet
690 790 728 836 ac
748 771 853 836 leniat.
898 772 1118 853 Temperantia
1136 785 1185 836 eat
1201 771 1292 849 enirn,

216 893 316 957 quae,
343 875 376 940 in
403 876 497 941 rebus
524 881 581 939 aut
607 875 789 956 expetendis
815 880 872 938 aut
897 872 1051 954 fugiendis
1079 882 1114 937 ut
1140 873 1292 938 rationem

218 995 397 1061 sequamur,
419 985 532 1042 monet.
565 976 632 1041 Nee
653 975 735 1041 enim
757 976 833 1042 satis
850 984 899 1041 est
914 967 1064 1054 iudicare,
1086 975 1161 1056 quid
1177 973 1292 1040 facien·
1310 972 1331 1038 5

218 1077 295 1144 dum
317 1098 378 1145 non
400 1077 615 1144 faciendumve
636 1079 690 1156 sit,
718 1079 773 1142 sod
801 1083 887 1143 stare
914 1077 1006 1142 etiam
1034 1085 1160 1158 oportet
1186 1077 1216 1141 in
1246 1094 1292 1157 eo,

218 1182 304 1262 quod
337 1181 377 1246 sit
408 1181 588 1245 iudicatum.
631 1179 776 1260 Plerique
803 1189 921 1257 autent,
954 1179 1038 1260 quod
1066 1186 1172 1244 tenere
1199 1186 1294 1260 atque

218 1300 348 1347 servare
369 1282 411 1361 id
433 1283 517 1363 quod
538 1282 599 1362 ipsi
622 1287 815 1360 statuerunt,
838 1299 899 1345 non
922 1290 1068 1361 possunt,
1090 1280 1164 1344 victi
1185 1291 1217 1344 et
1237 1280 1292 1359 def

219 1384 341 1468 biiitati,
352 1384 484 1449 'obieeta
502 1383 605 1464 speeie
622 1382 801 1464 voluptatis,
823 1382 953 1446 tradunt
975 1401 1008 1446 se
1025 1381 1203 1447 libidinibus
1220 1399 1292 1446 con·

219 1484 418 1567 stringendos
440 1503 506 1564 nee,
528 1484 604 1566 quid
626 1492 808 1550 eventurum
831 1484 879 1562 sit
901 1484 1076 1566 provident
1101 1485 1139 1550 ob
1162 1502 1293 1566 eamque
1312 1483 1354 1548 10

219 1605 348 1652 causam
369 1593 501 1669 propter
518 1585 710 1668 voluptatem
733 1591 765 1649 et
786 1604 916 1667 parvam
939 1592 970 1650 et
992 1604 1053 1650 non
1076 1587 1293 1663 neeessariam,

220 1697 254 1753 et
280 1706 362 1770 quae
383 1688 432 1753 vei
459 1688 551 1752 aliter
577 1694 745 1768 pararetur
771 1694 803 1752 et
829 1705 892 1768 qua
919 1688 1011 1751 etiam
1034 1705 1142 1753 carere
1164 1694 1295 1768 possent

220 1792 289 1854 sine
309 1789 428 1869 dolore,
449 1795 514 1853 tum
538 1791 569 1854 in
592 1789 716 1854 morbos
738 1807 861 1871 graves,
883 1794 948 1852 tum
970 1789 1001 1853 in
1024 1790 1152 1867 damna,
1174 1798 1240 1854 tum
1261 1789 1293 1854 in

221 1892 374 1956 dedecora
390 1890 562 1969 incurrunt
584 1909 679 1972 saepe
695 1891 787 1955 etiam
803 1890 905 1968 legum
925 1891 1169 1972 iudiciorumque
1185 1892 1294 1973 poenis

221 1993 407 2074 obligantur.
445 1993 496 2057 48.
525 1993 584 2072 Qui
606 2001 710 2057 autern
732 1992 776 2056 ita
797 1990 859 2056 frui
882 1992 989 2057 volunt
1011 1991 1236 2072 voluptatibus,
1259 1998 1294 2056 ut
1313 1991 1353 2056 15

221 2094 297 2159 nulli
318 2106 449 2175 propter
471 2112 525 2160 eas
547 2082 940 2175 consequantur'doIores,
967 2103 999 2158 et
1024 2095 1076 2175 qui
1100 2112 1190 2159 suurn
1212 2094 1293 2158 iudi·

220 2197 301 2258 oium
323 2196 472 2274 retinent,
501 2214 540 2261 ne
560 2196 722 2276 voluptate
744 2195 815 2259 vieti
842 2194 959 2260 saniant
979 2196 1026 2273 id,
1054 2196 1139 2276 quod
1161 2195 1326 2287 sentiant

220 2315 283 2361 non
311 2314 381 2375 esse
402 2295 592 2375 iaciendum,
624 2297 647 2361 ii
668 2296 858 2377 voluptatem
886 2296 1051 2369 maximam
1078 2297 1294 2378 adipiscuntur

220 2397 501 2479 praetermittenda
517 2398 686 2480 voluptate.
709 2394 712 2399 ’
726 2398 824 2462 iidem
840 2397 932 2463 etiam
949 2398 1088 2463 dolorem
1105 2417 1200 2480 saepe
1222 2417 1295 2480 per·

220 2499 396 2580 potiuntur,
419 2519 473 2578 ne,
496 2499 523 2564 si
544 2499 576 2563 id
598 2517 660 2564 non
681 2497 811 2578 fecium,
833 2499 972 2563 incidant
992 2499 1024 2564 in
1047 2501 1204 2566 maiorem,
1248 2499 1295 2564 Ex
1312 2497 1356 2563 20

221 2619 285 2681 quo
306 2600 504 2682 intellegitur,
526 2618 583 2666 nee
604 2601 872 2681 intemperantiam
890 2610 1021 2682 propter
1038 2620 1073 2666 se
1089 2621 1158 2667 esse
1175 2601 1294 2680 fugiens

293 2808 314 2855 2.
334 2806 408 2869 affert
425 2803 448 2855 Ε
466 2805 524 2854 eoL
560 2812 574 2851 ⁴
601 2813 644 2853 aut
661 2808 718 2868 (pro
735 2807 770 2866 ut)
788 2803 872 2853 radii
892 2813 938 2854 rat.
958 2814 983 2854 ut
1002 2805 1083 2854 ΙιΟικί
1105 2811 1128 2850 t.
1147 2803 1294 2854 admonetE

224 2871 461 2936 §.ettpro‘aedtli
497 2877 519 2921 8.
540 2871 824 2935 estannt’ntctmr.
851 2873 981 2936 possenti,
1018 2872 1149 2939 9.[at'rt¹]
1189 2877 1295 2938 idpsu-

223 2949 344 2989 ventnrnm
363 2940 460 2989 tuton
485 2949 648 3004 pemeuturum
672 2941 691 2987 l'
738 2946 776 2990 tt.
796 2940 861 3058 gum
885 2957 933 2992 orn.
956 2939 1005 3008 ΑΙ]
1058 2946 1093 2991 12.
1118 2940 1188 2990 diam
1207 2956 1247 2989 orn
1275 2941 1297 2991 C

228 3014 266 3055 te.
286 3007 393 3057 nuller
428 3006 521 3056 dolores·
539 3008 791 3071 consequanturLPM
820 3010 884 3058 ROr.
910 3008 1002 3058 dolores
1016 3010 1103 3057 om.E
1142 3014 1177 3058 171
1196 3011 1297 3058 sentiunt

224 3076 388 3126 LPMCROr.
437 3080 465 3124 te
496 3075 523 3124 ἤι’
545 3076 741 3142 [teptheus
778 3076 802 3124 in
825 3078 846 3124 lt}
886 3081 914 3125 te
949 3076 1017 3143 [idem
1043 3075 1076 3143 A]
1119 3095 1169 3126 curn
1193 3077 1251 3126 idem
1276 3077 1296 3127 C

225 3150 266 3192 20.
288 3143 410 3210 [nouom.
431 3138 483 3210 Αἱ]
522 3149 561 3192 Ἡ.
581 3160 682 3193 necorn
711 3145 731 3192 [ι
758 3145 900 3209 supiettdum
919 3161 969 3193 esre
989 3146 1127 3193 LPMt‘Or.

310 3320 363 3391 ipsi
387 3317 552 3390 statuerunt)
583 3318 633 3375 Sir
655 3317 742 3372 etium
767 3314 864 3394 [Ala]
888 3317 965 3391 Spin.
989 3317 1101 3374 Addito
1124 3318 1296 3392 pronomine

226 3402 345 3476 gravius
366 3411 485 3458 notetur
508 3401 604 3458 mollis
627 3401 832 3459 inconstantia.
878 3400 988 3479 [Paulo
1016 3412 1084 3458 ante
1107 3403 1244 3459 Baiterus
1267 3402 1297 3458 in

228 3486 274 3543 ed.
298 3487 367 3544 min.
391 3489 464 3560 quod
485 3497 524 3544 eat
545 3489 612 3551 iud,
636 3487 686 3542 vix
710 3485 900 3563 necessario]
1378 3533 1381 3539 .

312 3589 365 3639 nec,
388 3573 455 3645 quid
476 3573 641 3645 euenturum)
666 3571 716 3628 Sie
738 3571 826 3628 etiarn
850 3571 913 3627 Pui.
940 3575 963 3636 i,
989 3571 1033 3630 Et.
1061 3574 1089 3637 2,
1114 3572 1208 3646 Spin,
1232 3566 1297 3651 [B‚]

228 3674 283 3729 mg.
306 3653 385 3713 Crat.
430 3656 511 3713 Idem
535 3656 666 3713 ediderat
688 3656 792 3713 Lamb.
839 3656 1009 3712 Deteriores
1032 3656 1118 3729 (Pell.
1143 3669 1170 3712 et
1195 3656 1297 3712 Devis.

226 3738 345 3813 reliqui,
377 3740 456 3798 Oxx.
481 3741 567 3814 Εχψ.
592 3739 699 3798 Gziani
722 3742 794 3813 tres)
812 3726 1019 3815 proventurum
1049 3742 1106 3798 Ox.
1132 3741 1158 3799 U
1184 3758 1297 3816 peruen-

227 3835 322 3880 turum.
357 3825 459 3884 Ursini
477 3824 580 3892 codex,
598 3826 698 3887 idest,
716 3826 898 3882 coniectura:
912 3845 995 3900 porro
1012 3837 1172 3882 oneratorum.
1206 3825 1298 3883 Nulla

227 3909 273 3965 hio
294 3909 477 3966 continuatio
500 3919 529 3965 et
551 3910 718 3985 progressio
741 3911 930 3985 significetur.
963 3911 1036 3966 Mox
1053 3913 1094 3966 vel
1114 3913 1193 3966 aliter
1215 3913 1297 3983 (quo-

227 3995 302 4050 niam
322 3994 458 4051 Bromius
480 3995 587 4067 haesit)
610 4004 667 4051 eet:
691 3999 715 4051 ai
736 3999 839 4051 mnnt'oo
861 3999 1001 4069 quiscum
1024 3996 1197 4053 desideraret.
1220 3999 1298 4051 etium
1367 4063 1369 4068 Ι

226 4081 302 4134 aliter
319 4090 478 4153 pararetur.
751 4069 753 4072 Α

312 4164 361 4221 48.
408 4167 568 4238 tntttptutem
598 4196 634 4206 -
667 4166 866 4239 adipiscuntur)
896 4164 963 4221 Vid.
993 4164 1042 4221 33.
1092 4162 1202 4242 [Panlo
1230 4174 1298 4220 ante

227 4250 340 4304 sentiunt
372 4267 449 4304 nune
478 4267 514 4304 ex
542 4251 570 4306 A
600 4259 628 4306 et
657 4249 682 4305 B
708 4255 953 4324 receptum'post
984 4247 1160 4327 Baiterum.]
1204 4248 1298 4307 Paulo

228 4342 292 4406 post
315 4352 372 4389 esee
388 4336 548 4406 sepiendum
571 4335 658 4391 etiem
682 4332 769 4411 [AB]
793 4335 869 4407 Sptr.
