3030 5086
223 412 288 475 710
615 430 659 475 nn
682 430 813 477 sturnus
837 431 907 477 non.

222 615 314 662 omne
337 598 472 662 studium
495 599 536 660 ad
560 596 706 661 virtutem
729 606 761 663 et
781 599 822 662 ad
845 617 898 663 eas
922 600 1068 678 actiones
1091 619 1173 681 qnae
1191 598 1314 663 virtuti

221 708 451 763 consentaneae
474 708 555 775 sunt,
579 699 728 776 refertur,
757 718 857 781 eaque
880 701 998 780 nunna,
1021 710 1177 783 quaeant
1199 702 1251 767 ita
1274 700 1312 766 in

220 800 332 863 animis
355 811 427 864 snut
450 811 503 864 erut
525 802 569 864 ita
591 811 750 879 geruntur,
773 820 833 864 uno
858 803 981 866 rrorniue
998 803 1127 868 honesta
1143 804 1310 868 dicuntur.

222 904 362 981 Quorum
396 904 533 967 omuinnr
561 921 642 983 quae
669 903 733 966 sint
760 903 888 967 notitiae
916 922 1057 984 quaeque
1085 902 1311 985 significentur

290 1093 389 1204 ipsum
411 1098 584 1138 consentaneae
609 1087 741 1138 Ll'CllOr.
797 1097 820 1140 t.
844 1106 950 1152 quaeqae
969 1101 1026 1154 (pro
1044 1094 1116 1153 qaae)
1134 1106 1238 1151 omnes,
1258 1088 1306 1138 Or.

219 1164 274 1203 snat
303 1186 335 1204 ι,

310 1312 428 1380 Qttorum
451 1316 566 1370 ernntron
589 1332 711 1387 qrtueque
733 1313 804 1386 eet.)
829 1308 894 1392 [Sic
912 1310 1078 1393 edebatur]
1101 1313 1209 1371 Gaium
1232 1332 1305 1371 cum

220 1396 329 1455 Ottono
343 1398 534 1467 dimittamus,
552 1399 602 1471 qui
621 1407 741 1454 narrant
760 1417 882 1472 artaeque
894 1399 938 1455 bis
951 1400 1020 1473 poni
1039 1419 1092 1474 pro
1104 1419 1305 1473 paternumque.

219 1482 306 1538 tertio
319 1483 384 1539 loco
402 1505 455 1561 pro
466 1494 491 1539 et
503 1502 586 1558 qnoe3
605 1502 670 1538 nam
690 1503 872 1557 qrroeeumque
889 1484 1130 1559 interrogativum
1150 1502 1207 1539 non
1223 1502 1305 1554 esse,

220 1585 273 1623 nee
296 1568 352 1623 diei
379 1570 496 1626 Latine:
520 1569 625 1637 andelo,
649 1587 831 1642 nicaenumque
853 1574 904 1624 siut
928 1573 1042 1628 notitiae.
1066 1570 1148 1644 pueri
1172 1578 1304 1637 norunt;

219 1672 341 1727 artaeque
358 1673 414 1710 non
434 1673 497 1710 esse
516 1672 698 1728 qttaeountque
714 1654 829 1710 ostendi
847 1654 875 1709 in
896 1673 958 1710 exe.
977 1655 1013 1709 ad
1026 1655 1083 1713 ΙΙΙ.
1097 1657 1145 1711 51.
1181 1654 1305 1724 Restat,

219 1749 251 1794 ut
274 1759 395 1812 atraeque
418 1739 552 1796 oumibus
575 1738 669 1795 tribus
692 1738 765 1795 loeis
788 1739 966 1814 accipiamus
990 1759 1042 1814 pro
1065 1751 1089 1795 et
1111 1759 1189 1813 praue.
1239 1739 1304 1797 Sed

218 1827 318 1897 qnoque
344 1858 378 1865 --
404 1829 503 1899 otiique
531 1843 583 1898 pro
613 1834 637 1879 et
666 1827 715 1898 qui
737 1856 770 1864 —
799 1834 824 1879 et
846 1828 895 1897 oni
921 1824 949 1880 in
975 1825 1146 1898 pronomine
1169 1824 1304 1880 relativo

219 1908 330 1976 Livius,
356 1910 496 1970 Velleius.
521 1908 721 1982 Quintilianus
739 1908 886 1973 dixerunt,
910 1908 1015 1967 Cicero
1039 1928 1095 1965 non
1119 1910 1202 1965 dixit.
1239 1909 1304 1981 Qui

218 1994 295 2050 enim
320 2014 394 2051 unus
417 1994 531 2051 laudari
554 1993 628 2049 solet
653 1994 743 2061 loeus,
767 1993 802 2049 de
816 1994 898 2051 Orat.
913 1995 936 2050 Ι.
954 1996 1020 2050 119.
1045 2013 1163 2069 prorsus
1182 1994 1303 2069 respuit

218 2078 385 2136 huiusmodi
415 2080 536 2137 dirorum
566 2097 705 2154 generum
730 2078 917 2153 partitionem
947 2082 983 2151 (et
1011 2082 1050 2136 itti
1076 2085 1125 2153 qni
1147 2112 1185 2121 -
1210 2089 1236 2135 et
1260 2081 1307 2135 ilii

218 2168 292 2238 qai)⁴
321 2175 459 2239 reeteque
487 2175 515 2220 et
544 2164 613 2220 olim
642 2164 776 2220 nonnulli
805 2174 832 2219 ot
863 2183 955 2238 nuper
978 2183 1078 2221 ornnes
1106 2184 1121 2221 e
1144 2163 1303 2221 codicibus

217 2250 412 2324 seripserunt:
435 2254 484 2324 qui
499 2253 602 2323 optime.
636 2249 669 2304 In
689 2249 900 2323 interrogativo
921 2251 1092 2324 pronomine
1116 2268 1152 2305 ne
1170 2248 1212 2305 illi
1232 2249 1303 2323 qni·

218 2334 284 2391 dem
314 2336 472 2410 scriptores
501 2335 543 2391 sir
567 2344 726 2409 posuerunt
750 2354 801 2407 que
826 2367 863 2375 —
888 2355 947 2408 qtae.
993 2336 1082 2391 Reate
1105 2334 1195 2410 igitur
1218 2334 1302 2391 illat-

218 2420 333 2477 thiaous
361 2421 449 2477 scribi
474 2419 581 2476 veluit:
610 2438 679 2493 oreae
707 2423 759 2474 a'nt
782 2423 902 2482 notitam.
933 2420 1007 2475 idem
1039 2420 1173 2476 mendum
1203 2420 1301 2476 corri-

217 2524 297 2579 gens
322 2506 399 2578 quod
424 2506 480 2569 ΙΙΙ,
506 2507 542 2561 51
569 2504 749 2561 sustulimus.
787 2503 849 2581 [Ita
872 2523 948 2561 nune.
971 2503 1076 2582 edidi]
1110 2504 1169 2563 Sed
1192 2504 1300 2560 haere·

219 2608 282 2646 ruins
309 2591 338 2645 in
363 2591 514 2664 proximis.
559 2590 690 2646 Primum
720 2589 796 2645 enim
828 2610 914 2645 rernm
945 2592 1071 2647 resoluto
1100 2589 1303 2647 communiter

218 2674 368 2733 dicuntur.
398 2676 504 2749 quibus
526 2694 574 2731 res
597 2674 798 2748 appellantur,
828 2688 874 2735 ut.
904 2694 968 2730 «vum
999 2676 1120 2730 honesta
1145 2675 1301 2731 nominata

217 2760 290 2816 sint.
320 2761 343 2816 si
373 2761 439 2834 quis
468 2761 503 2817 de
531 2780 619 2816 cortem
644 2760 810 2815 nominibus
834 2760 1011 2834 interroget.
1042 2778 1178 2834 perverse
1201 2760 1302 2817 dieat:

216 2847 285 2919 quid
311 2848 462 2918 amarificant
490 2866 578 2901 rurum
607 2846 754 2901 annotatus
797 2845 902 2918 ltaque
931 2841 1084 2901 Ernestius
1112 2864 1200 2899 rerum
1232 2844 1303 2902 tolli

217 2930 344 2986 volebat.
379 2931 437 2990 Sed
461 2941 527 2987 sunt
551 2930 713 2993 alioruin:
737 2949 813 2991 uam.
839 2930 946 2986 omisso
966 2931 1053 2987 etiem
1074 2950 1172 2989 rernm.
1195 2939 1299 2986 tamen

217 3015 288 3072 Piso
310 3016 366 3072 hoe
386 3036 416 3072 se
435 3016 565 3072 visurum
589 3016 685 3072 dicere
710 3016 834 3083 ridetur,
859 3034 934 3087 (luae
957 3015 1002 3071 vis
1025 3027 1051 3071 et
1077 3025 1180 3071 natura
1203 3015 1300 3072 houe-

216 3111 328 3157 storum
352 3120 389 3156 ex
412 3102 484 3175 ipsis
508 3101 669 3163 vocabulis,
693 3100 748 3156 lmc
772 3112 830 3163 est.
855 3120 891 3155 ex
915 3119 1014 3156 eorum
1038 3100 1151 3175 origine
1174 3109 1202 3156 et
1227 3118 1301 3177 cog·

217 3186 335 3241 natione
368 3196 518 3261 apptueat.
570 3185 664 3260 Atqui
698 3186 769 3241 lutee
803 3185 1013 3241 voealnrlorum
1047 3185 1222 3261 significatio
1259 3187 1299 3243 ad

216 3271 293 3327 hune
316 3271 427 3339 lorino,
458 3272 507 3328 nbi
537 3272 571 3327 de
595 3271 715 3327 notione
745 3281 772 3327 et
795 3270 952 3346 generibus
974 3271 1162 3327 honestorum
1187 3289 1242 3345 per
1266 3290 1299 3327 se

216 3356 400 3431 explicandis
422 3357 529 3433 agitur,
553 3357 671 3413 omnino
695 3375 752 3413 non
776 3356 916 3430 portinet;
946 3366 973 3411 et
997 3356 1143 3429 sequitur:
1171 3375 1299 3429 arcaeque

215 3444 343 3515 citiusque
365 3446 405 3498 nis
427 3453 451 3498 et
474 3454 571 3499 tratura
595 3446 637 3498 sit.
684 3443 783 3516 Longe
812 3440 872 3497 alio
900 3440 978 3496 ‹lueit
1003 3441 1066 3515 ipse
1088 3459 1185 3497 rernm
1209 3441 1298 3499 ordo.

216 3527 394 3582 Perventum
425 3537 468 3583 est
493 3528 570 3584 onitu
594 3528 630 3583 ad
654 3527 821 3583 universam
851 3535 879 3581 et
907 3526 1073 3601 generalem
1102 3526 1297 3583 honestorum

216 3612 375 3668 notionem.
410 3613 521 3669 Restat.
546 3624 576 3668 ut
597 3624 770 3685 exponatur.
795 3631 869 3685 qnae.
888 3611 943 3666 sint
963 3611 1150 3667 honestorum
1169 3610 1297 3669 notitiae

216 3708 243 3753 et
268 3697 462 3759 definitiones,
486 3718 560 3772 quae
584 3698 702 3753 uomina
725 3708 752 3753 et
777 3696 1005 3771 appellationes:
1030 3697 1085 3752 lroe
1109 3715 1176 3752 mox
1200 3714 1232 3751 se
1252 3696 1297 3753 vi-

215 3802 314 3838 surum
344 3783 414 3839 Piso
445 3783 525 3840 dicit.
571 3784 661 3840 Recte
689 3782 779 3857 igitur
803 3782 942 3838 Davisius
966 3781 1053 3843 vidit,
1083 3782 1137 3837 lnoc
1166 3781 1297 3854 requiri:

215 3869 365 3941 praedasque
387 3872 567 3942 siprriricentur
590 3869 731 3924 enotata.
777 3867 874 3940 (Quod
898 3871 1025 3940 qrtetaqne
1048 3865 1181 3940 scripsit.
1204 3865 1297 3923 facile

215 3953 423 4009 condonamus.
464 3954 631 4010 Probarunt
656 3953 808 4009 Ernestius
832 3965 858 4008 et
883 3952 1085 4025 Mattlriaeus.)
1124 3950 1162 4008 Et
1185 3950 1214 4007 in
1239 3951 1297 4009 hac

216 4037 357 4094 orationis
385 4037 481 4094 forma
510 4038 580 4095 ferri
610 4056 696 4112 posse
726 4038 841 4093 ridetur
870 4058 967 4092 amnne.
1020 4037 1096 4094 Nam
1126 4055 1192 4093 enm
1221 4036 1297 4094 Piso

216 4123 335 4180 notitias
369 4123 458 4178 animi
493 4124 687 4181 nominasset.
722 4123 764 4178 sie
798 4123 904 4178 addere
934 4123 1050 4178 ridetur
1079 4123 1176 4196 quibua
1203 4141 1296 4179 rerunt

215 4209 348 4264 voeabnlia
371 4210 438 4279 (hoe
461 4220 521 4273 est,
545 4209 651 4282 quibus
675 4228 712 4264 ex
736 4207 794 4263 illis
818 4207 985 4275 vocabulis.
1009 4208 1116 4281 quilnrs
1138 4225 1186 4263 res
1210 4217 1297 4263 nota-

216 4294 299 4366 mus).
325 4306 353 4347 ut
378 4293 521 4368 significet
545 4294 678 4362 honesta,
704 4312 778 4366 quae
802 4312 905 4366 reenpse
929 4293 986 4348 sint
1010 4302 1038 4348 et
1061 4293 1090 4348 in
1115 4292 1176 4348 rita
1199 4292 1296 4349 aniru-

215 4377 415 4434 adrertantur.
450 4378 536 4451 Cogit
560 4380 650 4453 igitur
672 4378 757 4437 ratio.
782 4388 812 4434 ut
837 4380 985 4451 artibusque
1002 4377 1174 4436 Ciceronem
1197 4377 1297 4452 serip-
