<?xml version="1.0" encoding="UTF-8"?>
<!DOCTYPE html PUBLIC "-//W3C//DTD XHTML 1.0 Transitional//EN"
    "http://www.w3.org/TR/xhtml1/DTD/xhtml1-transitional.dtd">
<html xmlns="http://www.w3.org/1999/xhtml" xml:lang="en" lang="en">
 <head>
  <title>
</title>
<meta http-equiv="Content-Type" content="text/html;charset=utf-8" />
  <meta name='ocr-system' content='tesseract 3.04.00' />
  <meta name='ocr-capabilities' content='ocr_page ocr_carea ocr_par ocr_line ocrx_word'/>
</head>
<body>
  <div class='ocr_page' id='page_1' title='image "./mtulliiciceroni35cicegoog/mtulliiciceroni35cicegoog_0402.png"; bbox 0 0 3030 5086; ppageno 0'>
   <div class='ocr_carea' id='block_1_1' title="bbox 425 474 1288 554">
    <p class='ocr_par' dir='ltr' id='par_1_1' title="bbox 425 474 1288 554">
     <span class='ocr_line' id='line_1_1' title="bbox 425 474 1288 554; baseline 0.001 -18"><span class='ocrx_word' id='word_1_1' title='bbox 425 492 469 537; x_wconf 84' lang='lat' dir='ltr'><strong>nr</strong></span> <span class='ocrx_word' id='word_1_2' title='bbox 493 491 573 537; x_wconf 77' lang='lat' dir='ltr'><strong>nar..</strong></span> <span class='ocrx_word' id='word_1_3' title='bbox 597 491 658 536; x_wconf 80' lang='lat' dir='ltr'><strong>ms.</strong></span> <span class='ocrx_word' id='word_1_4' title='bbox 681 491 706 536; x_wconf 90' lang='lat'><strong>11</strong></span> <span class='ocrx_word' id='word_1_5' title='bbox 728 491 801 537; x_wconf 76' lang='lat' dir='ltr'><strong>car.</strong></span> <span class='ocrx_word' id='word_1_6' title='bbox 819 494 928 542; x_wconf 82' lang='lat' dir='ltr'><strong>ea-as.</strong></span> <span class='ocrx_word' id='word_1_7' title='bbox 948 491 1081 554; x_wconf 73' lang='lat' dir='ltr'><strong>(ss-sa.)</strong></span> <span class='ocrx_word' id='word_1_8' title='bbox 1226 474 1288 540; x_wconf 83' lang='lat'><strong>301</strong></span> 
     </span>
    </p>
   </div>
   <div class='ocr_carea' id='block_1_2' title="bbox 215 659 1292 1452">
    <p class='ocr_par' dir='ltr' id='par_1_2' title="bbox 215 659 1292 1452">
     <span class='ocr_line' id='line_1_2' title="bbox 215 659 1290 741; baseline -0.002 -16"><span class='ocrx_word' id='word_1_9' title='bbox 215 662 410 725; x_wconf 75' lang='lat' dir='ltr'><strong>honestatem</strong></span> <span class='ocrx_word' id='word_1_10' title='bbox 426 660 526 739; x_wconf 84' lang='lat' dir='ltr'><strong>ipsam</strong></span> <span class='ocrx_word' id='word_1_11' title='bbox 548 678 606 740; x_wconf 91' lang='lat' dir='ltr'><strong>per</strong></span> <span class='ocrx_word' id='word_1_12' title='bbox 628 677 662 724; x_wconf 91' lang='lat' dir='ltr'><strong>sc</strong></span> <span class='ocrx_word' id='word_1_13' title='bbox 678 677 740 723; x_wconf 93' lang='lat' dir='ltr'><strong>non</strong></span> <span class='ocrx_word' id='word_1_14' title='bbox 758 660 881 724; x_wconf 90' lang='lat' dir='ltr'><strong>amatis.</strong></span> <span class='ocrx_word' id='word_1_15' title='bbox 914 659 1119 725; x_wconf 83' lang='lat' dir='ltr'><strong>Fortitudinis</strong></span> <span class='ocrx_word' id='word_1_16' title='bbox 1136 660 1290 741; x_wconf 75' lang='lat' dir='ltr'>quaedam</span> 
     </span>
     <span class='ocr_line' id='line_1_3' title="bbox 215 759 1292 844; baseline 0 -18"><span class='ocrx_word' id='word_1_17' title='bbox 215 768 387 844; x_wconf 88' lang='lat' dir='ltr'><strong>praecepta</strong></span> <span class='ocrx_word' id='word_1_18' title='bbox 404 771 476 826; x_wconf 89' lang='lat' dir='ltr'><strong>sunt</strong></span> <span class='ocrx_word' id='word_1_19' title='bbox 494 779 532 824; x_wconf 90' lang='lat' dir='ltr'><strong>ac</strong></span> <span class='ocrx_word' id='word_1_20' title='bbox 548 780 647 840; x_wconf 91' lang='lat' dir='ltr'><strong>paene</strong></span> <span class='ocrx_word' id='word_1_21' title='bbox 664 762 759 843; x_wconf 82' lang='lat' dir='ltr'><strong>leges,</strong></span> <span class='ocrx_word' id='word_1_22' title='bbox 782 780 863 843; x_wconf 91' lang='lat' dir='ltr'><strong>quae</strong></span> <span class='ocrx_word' id='word_1_23' title='bbox 880 759 1050 826; x_wconf 87' lang='lat' dir='ltr'><strong>effeminari</strong></span> <span class='ocrx_word' id='word_1_24' title='bbox 1067 762 1167 826; x_wconf 80' lang='lat' dir='ltr'><strong>virum</strong></span> <span class='ocrx_word' id='word_1_25' title='bbox 1185 768 1292 827; x_wconf 84' lang='lat' dir='ltr'><strong>vetant</strong></span> 
     </span>
     <span class='ocr_line' id='line_1_4' title="bbox 215 862 1292 944; baseline 0.002 -17"><span class='ocrx_word' id='word_1_26' title='bbox 215 864 248 927; x_wconf 94' lang='lat' dir='ltr'><strong>in</strong></span> <span class='ocrx_word' id='word_1_27' title='bbox 264 864 381 928; x_wconf 92' lang='lat' dir='ltr'><strong>dolore.</strong></span> <span class='ocrx_word' id='word_1_28' title='bbox 416 862 624 942; x_wconf 83' lang='lat' dir='ltr'><strong>Quamobrem</strong></span> <span class='ocrx_word' id='word_1_29' title='bbox 642 869 734 944; x_wconf 87' lang='lat' dir='ltr'><strong>turpe</strong></span> <span class='ocrx_word' id='word_1_30' title='bbox 750 864 924 944; x_wconf 89' lang='lat' dir='ltr'><strong>putandum</strong></span> <span class='ocrx_word' id='word_1_31' title='bbox 942 870 998 942; x_wconf 75' lang='lat' dir='ltr'><strong>est</strong></span> <span class='ocrx_word' id='word_1_32' title='bbox 1021 882 1084 927; x_wconf 94' lang='lat' dir='ltr'><strong>non</strong></span> <span class='ocrx_word' id='word_1_33' title='bbox 1101 864 1169 928; x_wconf 86' lang='lat' dir='ltr'><strong>dico</strong></span> <span class='ocrx_word' id='word_1_34' title='bbox 1186 864 1292 929; x_wconf 90' lang='lat' dir='ltr'><strong>dolere</strong></span> 
     </span>
     <span class='ocr_line' id='line_1_5' title="bbox 216 964 1292 1045; baseline 0.001 -16"><span class='ocrx_word' id='word_1_35' title='bbox 216 967 301 1045; x_wconf 83' lang='lat' dir='ltr'><strong>(nam</strong></span> <span class='ocrx_word' id='word_1_36' title='bbox 328 965 362 1029; x_wconf 96' lang='lat' dir='ltr'><strong>id</strong></span> <span class='ocrx_word' id='word_1_37' title='bbox 389 964 514 1045; x_wconf 89' lang='lat' dir='ltr'><strong>quidem</strong></span> <span class='ocrx_word' id='word_1_38' title='bbox 542 971 590 1029; x_wconf 88' lang='lat' dir='ltr'><strong>est</strong></span> <span class='ocrx_word' id='word_1_39' title='bbox 617 965 773 1029; x_wconf 83' lang='lat' dir='ltr'><strong>interdum</strong></span> <span class='ocrx_word' id='word_1_40' title='bbox 802 967 956 1044; x_wconf 84' lang='lat' dir='ltr'><strong>necesse),</strong></span> <span class='ocrx_word' id='word_1_41' title='bbox 990 966 1046 1030; x_wconf 93' lang='lat' dir='ltr'><strong>sed</strong></span> <span class='ocrx_word' id='word_1_42' title='bbox 1079 983 1187 1029; x_wconf 82' lang='lat' dir='ltr'><strong>saxum</strong></span> <span class='ocrx_word' id='word_1_43' title='bbox 1214 965 1292 1030; x_wconf 95' lang='lat' dir='ltr'><strong>illud</strong></span> 
     </span>
     <span class='ocr_line' id='line_1_6' title="bbox 216 1064 940 1147; baseline -0.001 -15"><span class='ocrx_word' id='word_1_44' title='bbox 216 1067 379 1132; x_wconf 89' lang='lat' dir='ltr'><strong>Lemnium</strong></span> <span class='ocrx_word' id='word_1_45' title='bbox 400 1065 537 1130; x_wconf 91' lang='lat' dir='ltr'><strong>clamore</strong></span> <span class='ocrx_word' id='word_1_46' title='bbox 559 1065 748 1130; x_wconf 73' lang='lat' dir='ltr'><strong>Philocteteo</strong></span> <span class='ocrx_word' id='word_1_47' title='bbox 770 1064 940 1147; x_wconf 83' lang='lat' dir='ltr'><strong>funestare,</strong></span> 
     </span>
     <span class='ocr_line' id='line_1_7' title="bbox 260 1166 1152 1248; baseline -0.001 -16"><span class='ocrx_word' id='word_1_48' title='bbox 260 1170 366 1248; x_wconf 83' lang='lat' dir='ltr'><strong>Quod</strong></span> <span class='ocrx_word' id='word_1_49' title='bbox 389 1168 549 1246; x_wconf 81' lang='lat' dir='ltr'><strong>eiulatu,</strong></span> <span class='ocrx_word' id='word_1_50' title='bbox 573 1173 728 1248; x_wconf 87' lang='lat' dir='ltr'><strong>questu,</strong></span> <span class='ocrx_word' id='word_1_51' title='bbox 750 1168 909 1248; x_wconf 82' lang='lat' dir='ltr'><strong>gemitu,</strong></span> <span class='ocrx_word' id='word_1_52' title='bbox 931 1166 1152 1233; x_wconf 87' lang='lat' dir='ltr'><strong>fremitibus</strong></span> 
     </span>
     <span class='ocr_line' id='line_1_8' title="bbox 258 1268 1121 1335; baseline -0.002 0"><span class='ocrx_word' id='word_1_53' title='bbox 258 1270 490 1335; x_wconf 87' lang='lat' dir='ltr'><strong>Resonando</strong></span> <span class='ocrx_word' id='word_1_54' title='bbox 512 1275 652 1333; x_wconf 90' lang='lat' dir='ltr'><strong>mutum</strong></span> <span class='ocrx_word' id='word_1_55' title='bbox 674 1268 832 1334; x_wconf 86' lang='lat' dir='ltr'><strong>flebiles</strong></span> <span class='ocrx_word' id='word_1_56' title='bbox 855 1288 968 1334; x_wconf 90' lang='lat' dir='ltr'><strong>voces</strong></span> <span class='ocrx_word' id='word_1_57' title='bbox 991 1268 1121 1334; x_wconf 87' lang='lat' dir='ltr'><strong>refert.</strong></span> 
     </span>
     <span class='ocr_line' id='line_1_9' title="bbox 216 1371 939 1452; baseline -0.003 -15"><span class='ocrx_word' id='word_1_58' title='bbox 216 1373 296 1437; x_wconf 89' lang='lat' dir='ltr'><strong>Huic</strong></span> <span class='ocrx_word' id='word_1_59' title='bbox 317 1372 471 1452; x_wconf 86' lang='lat' dir='ltr'><strong>Epicurus</strong></span> <span class='ocrx_word' id='word_1_60' title='bbox 493 1378 683 1452; x_wconf 73' lang='lat' dir='ltr'><strong>praecentet</strong></span> <span class='ocrx_word' id='word_1_61' title='bbox 706 1371 733 1435; x_wconf 94' lang='lat' dir='ltr'><strong>si</strong></span> <span class='ocrx_word' id='word_1_62' title='bbox 754 1377 868 1451; x_wconf 87' lang='lat' dir='ltr'><strong>potest,</strong></span> <span class='ocrx_word' id='word_1_63' title='bbox 890 1372 939 1436; x_wconf 94' lang='lat' dir='ltr'><strong>cui</strong></span> 
     </span>
    </p>
   </div>
   <div class='ocr_carea' id='block_1_3' title="bbox 215 1572 1292 1777">
    <p class='ocr_par' dir='ltr' id='par_1_3' title="bbox 215 1572 1292 1777">
     <span class='ocr_line' id='line_1_10' title="bbox 285 1572 1292 1640; baseline 0.003 -18"><span class='ocrx_word' id='word_1_64' title='bbox 285 1580 308 1623; x_wconf 89' lang='grc'><strong>3.</strong></span> <span class='ocrx_word' id='word_1_65' title='bbox 328 1574 379 1625; x_wconf 83' lang='lat' dir='ltr'><strong>dico</strong></span> <span class='ocrx_word' id='word_1_66' title='bbox 399 1573 479 1624; x_wconf 79' lang='lat' dir='ltr'><strong>dolore</strong></span> <span class='ocrx_word' id='word_1_67' title='bbox 497 1575 544 1624; x_wconf 80' lang='lat' dir='ltr'><strong>ER</strong></span> <span class='ocrx_word' id='word_1_68' title='bbox 579 1581 601 1626; x_wconf 80' lang='grc'><strong>4,</strong></span> <span class='ocrx_word' id='word_1_69' title='bbox 624 1573 747 1640; x_wconf 84' lang='lat' dir='ltr'><strong>[interdurn</strong></span> <span class='ocrx_word' id='word_1_70' title='bbox 766 1584 800 1624; x_wconf 81' lang='lat' dir='ltr'><strong>eat</strong></span> <span class='ocrx_word' id='word_1_71' title='bbox 819 1575 852 1640; x_wconf 77' lang='lat' dir='ltr'><strong>A]</strong></span> <span class='ocrx_word' id='word_1_72' title='bbox 896 1579 918 1626; x_wconf 82' lang='grc'><strong>5.</strong></span> <span class='ocrx_word' id='word_1_73' title='bbox 937 1575 1107 1639; x_wconf 69' lang='lat' dir='ltr'><strong>pheloctereli</strong></span> <span class='ocrx_word' id='word_1_74' title='bbox 1131 1572 1292 1625; x_wconf 69' lang='lat' dir='ltr'><strong>Philoctetam</strong></span> 
     </span>
     <span class='ocr_line' id='line_1_11' title="bbox 218 1641 1292 1710; baseline 0.001 -17"><span class='ocrx_word' id='word_1_75' title='bbox 218 1643 260 1693; x_wconf 91' lang='lat' dir='ltr'><strong>Or.</strong></span> <span class='ocrx_word' id='word_1_76' title='bbox 306 1647 328 1692; x_wconf 82' lang='lat'><strong>6.</strong></span> <span class='ocrx_word' id='word_1_77' title='bbox 350 1642 462 1708; x_wconf 81' lang='lat' dir='ltr'><strong>[heiulatu</strong></span> <span class='ocrx_word' id='word_1_78' title='bbox 481 1641 515 1709; x_wconf 82' lang='lat' dir='ltr'><strong>A]</strong></span> <span class='ocrx_word' id='word_1_79' title='bbox 554 1652 575 1692; x_wconf 87' lang='lat' dir='ltr'><strong>et</strong></span> <span class='ocrx_word' id='word_1_80' title='bbox 593 1652 675 1706; x_wconf 83' lang='lat' dir='ltr'><strong>questa</strong></span> <span class='ocrx_word' id='word_1_81' title='bbox 694 1643 760 1694; x_wconf 86' lang='lat' dir='ltr'><strong>LPG</strong></span> <span class='ocrx_word' id='word_1_82' title='bbox 806 1647 826 1693; x_wconf 88' lang='grc'><strong>7.</strong></span> <span class='ocrx_word' id='word_1_83' title='bbox 850 1643 1107 1693; x_wconf 68' lang='lat' dir='ltr'><strong>manumittunt</strong></span> <span class='ocrx_word' id='word_1_84' title='bbox 1152 1648 1176 1695; x_wconf 81' lang='grc'><strong>8.</strong></span> <span class='ocrx_word' id='word_1_85' title='bbox 1198 1642 1229 1710; x_wconf 88' lang='lat' dir='ltr'><strong>[et</strong></span> <span class='ocrx_word' id='word_1_86' title='bbox 1246 1659 1292 1708; x_wconf 88' lang='lat' dir='ltr'><strong>pro</strong></span> 
     </span>
     <span class='ocr_line' id='line_1_12' title="bbox 215 1710 1205 1777; baseline -0.001 -16"><span class='ocrx_word' id='word_1_87' title='bbox 215 1721 348 1776; x_wconf 79' lang='lat' dir='ltr'><strong>praecentet</strong></span> <span class='ocrx_word' id='word_1_88' title='bbox 367 1710 402 1777; x_wconf 83' lang='lat' dir='ltr'><strong>A]</strong></span> <span class='ocrx_word' id='word_1_89' title='bbox 440 1720 596 1776; x_wconf 83' lang='lat' dir='ltr'><strong>competenter</strong></span> <span class='ocrx_word' id='word_1_90' title='bbox 612 1721 634 1760; x_wconf 86' lang='lat' dir='ltr'><strong>et</strong></span> <span class='ocrx_word' id='word_1_91' title='bbox 652 1717 706 1775; x_wconf 76' lang='lat' dir='ltr'><strong>ipro</strong></span> <span class='ocrx_word' id='word_1_92' title='bbox 724 1713 820 1774; x_wconf 71' lang='lat' dir='ltr'><strong>eodem)</strong></span> <span class='ocrx_word' id='word_1_93' title='bbox 840 1712 960 1764; x_wconf 84' lang='lat' dir='ltr'><strong>LPMCR</strong></span> <span class='ocrx_word' id='word_1_94' title='bbox 981 1721 1143 1777; x_wconf 78' lang='lat' dir='ltr'><strong>comparatae</strong></span> <span class='ocrx_word' id='word_1_95' title='bbox 1162 1711 1205 1761; x_wconf 85' lang='lat' dir='ltr'><strong>Or.</strong></span> 
     </span>
    </p>
   </div>
   <div class='ocr_carea' id='block_1_4' title="bbox 217 1883 1309 4425">
    <p class='ocr_par' dir='ltr' id='par_1_4' title="bbox 217 1883 1294 2469">
     <span class='ocr_line' id='line_1_13' title="bbox 301 1883 1293 1961; baseline 0 -19"><span class='ocrx_word' id='word_1_96' title='bbox 301 1886 350 1942; x_wconf 82' lang='lat' dir='ltr'><strong>sed</strong></span> <span class='ocrx_word' id='word_1_97' title='bbox 371 1904 469 1940; x_wconf 83' lang='lat' dir='ltr'><strong>sanam</strong></span> <span class='ocrx_word' id='word_1_98' title='bbox 491 1885 561 1942; x_wconf 82' lang='lat' dir='ltr'><strong>illud</strong></span> <span class='ocrx_word' id='word_1_99' title='bbox 582 1886 724 1941; x_wconf 86' lang='lat' dir='ltr'><strong>Lernninrn</strong></span> <span class='ocrx_word' id='word_1_100' title='bbox 746 1883 817 1960; x_wconf 85' lang='lat' dir='ltr'><strong>cet.)</strong></span> <span class='ocrx_word' id='word_1_101' title='bbox 829 1884 941 1942; x_wconf 83' lang='lat' dir='ltr'><strong>Eodem</strong></span> <span class='ocrx_word' id='word_1_102' title='bbox 954 1885 1139 1942; x_wconf 76' lang='lat' dir='ltr'><strong>Philoctetae</strong></span> <span class='ocrx_word' id='word_1_103' title='bbox 1156 1885 1293 1961; x_wconf 83' lang='lat' dir='ltr'><strong>exemplo</strong></span> 
     </span>
     <span class='ocr_line' id='line_1_14' title="bbox 218 1969 1294 2040; baseline -0.001 -12"><span class='ocrx_word' id='word_1_104' title='bbox 218 1969 322 2028; x_wconf 87' lang='lat' dir='ltr'><strong>Cicero</strong></span> <span class='ocrx_word' id='word_1_105' title='bbox 350 1969 442 2026; x_wconf 90' lang='lat' dir='ltr'><strong>utitur</strong></span> <span class='ocrx_word' id='word_1_106' title='bbox 469 1969 500 2024; x_wconf 93' lang='lat' dir='ltr'><strong>in</strong></span> <span class='ocrx_word' id='word_1_107' title='bbox 522 1969 643 2026; x_wconf 87' lang='lat' dir='ltr'><strong>Tuscul.</strong></span> <span class='ocrx_word' id='word_1_108' title='bbox 666 1970 713 2040; x_wconf 83' lang='lat'><strong>11,</strong></span> <span class='ocrx_word' id='word_1_109' title='bbox 739 1970 793 2039; x_wconf 86' lang='grc'><strong>33,</strong></span> <span class='ocrx_word' id='word_1_110' title='bbox 824 1970 953 2027; x_wconf 85' lang='lat' dir='ltr'><strong>dolorem</strong></span> <span class='ocrx_word' id='word_1_111' title='bbox 968 1989 1039 2027; x_wconf 93' lang='lat' dir='ltr'><strong>-non</strong></span> <span class='ocrx_word' id='word_1_112' title='bbox 1068 1971 1140 2028; x_wconf 90' lang='lat' dir='ltr'><strong>satis</strong></span> <span class='ocrx_word' id='word_1_113' title='bbox 1168 1970 1294 2027; x_wconf 89' lang='lat' dir='ltr'><strong>viriliter</strong></span> 
     </span>
     <span class='ocr_line' id='line_1_15' title="bbox 217 2053 1294 2129; baseline 0.001 -18"><span class='ocrx_word' id='word_1_114' title='bbox 217 2073 271 2111; x_wconf 90' lang='lat' dir='ltr'><strong>nec</strong></span> <span class='ocrx_word' id='word_1_115' title='bbox 293 2073 331 2110; x_wconf 86' lang='lat' dir='ltr'><strong>ex</strong></span> <span class='ocrx_word' id='word_1_116' title='bbox 353 2054 472 2111; x_wconf 86' lang='lat' dir='ltr'><strong>virtutis</strong></span> <span class='ocrx_word' id='word_1_117' title='bbox 495 2054 660 2129; x_wconf 89' lang='lat' dir='ltr'><strong>praeceptis</strong></span> <span class='ocrx_word' id='word_1_118' title='bbox 682 2053 813 2111; x_wconf 89' lang='lat' dir='ltr'><strong>ferentis.</strong></span> <span class='ocrx_word' id='word_1_119' title='bbox 849 2055 963 2112; x_wconf 84' lang='lat' dir='ltr'><strong>Versus</strong></span> <span class='ocrx_word' id='word_1_120' title='bbox 985 2074 1023 2112; x_wconf 86' lang='lat' dir='ltr'><strong>ex</strong></span> <span class='ocrx_word' id='word_1_121' title='bbox 1046 2056 1133 2126; x_wconf 79' lang='lat' dir='ltr'><strong>Attii,</strong></span> <span class='ocrx_word' id='word_1_122' title='bbox 1157 2064 1190 2112; x_wconf 87' lang='lat' dir='ltr'><strong>ut</strong></span> <span class='ocrx_word' id='word_1_123' title='bbox 1212 2055 1294 2112; x_wconf 87' lang='lat' dir='ltr'><strong>vida·</strong></span> 
     </span>
     <span class='ocr_line' id='line_1_16' title="bbox 218 2139 1294 2214; baseline 0 -18"><span class='ocrx_word' id='word_1_124' title='bbox 218 2149 273 2208; x_wconf 78' lang='lat' dir='ltr'><strong>tur,</strong></span> <span class='ocrx_word' id='word_1_125' title='bbox 296 2140 464 2196; x_wconf 89' lang='lat' dir='ltr'><strong>Philocteta</strong></span> <span class='ocrx_word' id='word_1_126' title='bbox 487 2139 595 2214; x_wconf 90' lang='lat' dir='ltr'><strong>sumpti</strong></span> <span class='ocrx_word' id='word_1_127' title='bbox 618 2139 659 2195; x_wconf 90' lang='lat' dir='ltr'><strong>ibi</strong></span> <span class='ocrx_word' id='word_1_128' title='bbox 683 2158 799 2213; x_wconf 91' lang='lat' dir='ltr'><strong>qnoque</strong></span> <span class='ocrx_word' id='word_1_129' title='bbox 822 2149 980 2214; x_wconf 82' lang='lat' dir='ltr'><strong>ponuntur,</strong></span> <span class='ocrx_word' id='word_1_130' title='bbox 1003 2141 1126 2198; x_wconf 90' lang='lat' dir='ltr'><strong>adiectis</strong></span> <span class='ocrx_word' id='word_1_131' title='bbox 1147 2141 1232 2198; x_wconf 88' lang='lat' dir='ltr'><strong>initio</strong></span> <span class='ocrx_word' id='word_1_132' title='bbox 1256 2159 1294 2198; x_wconf 86' lang='lat' dir='ltr'><strong>ex</strong></span> 
     </span>
     <span class='ocr_line' id='line_1_17' title="bbox 218 2224 1294 2299; baseline 0 -18"><span class='ocrx_word' id='word_1_133' title='bbox 218 2225 368 2299; x_wconf 84' lang='lat' dir='ltr'><strong>superiore</strong></span> <span class='ocrx_word' id='word_1_134' title='bbox 398 2243 484 2280; x_wconf 87' lang='lat' dir='ltr'><strong>versu</strong></span> <span class='ocrx_word' id='word_1_135' title='bbox 512 2224 558 2280; x_wconf 92' lang='lat' dir='ltr'><strong>his</strong></span> <span class='ocrx_word' id='word_1_136' title='bbox 587 2224 699 2280; x_wconf 83' lang='lat' dir='ltr'><strong>verbis:</strong></span> <span class='ocrx_word' id='word_1_137' title='bbox 733 2228 759 2280; x_wconf 82' lang='lat' dir='ltr'><strong>in</strong></span> <span class='ocrx_word' id='word_1_138' title='bbox 793 2235 858 2282; x_wconf 88' lang='lat' dir='ltr'><strong>tecta</strong></span> <span class='ocrx_word' id='word_1_139' title='bbox 891 2226 999 2284; x_wconf 72' lang='lat' dir='ltr'><strong>hunnido</strong></span> <span class='ocrx_word' id='word_1_140' title='bbox 1027 2226 1082 2298; x_wconf 90' lang='lat' dir='ltr'><strong>(sic</strong></span> <span class='ocrx_word' id='word_1_141' title='bbox 1109 2226 1186 2282; x_wconf 90' lang='lat' dir='ltr'><strong>enim</strong></span> <span class='ocrx_word' id='word_1_142' title='bbox 1214 2235 1294 2282; x_wconf 90' lang='lat' dir='ltr'><strong>reete</strong></span> 
     </span>
     <span class='ocr_line' id='line_1_18' title="bbox 219 2309 1294 2383; baseline 0 -17"><span class='ocrx_word' id='word_1_143' title='bbox 219 2311 373 2366; x_wconf 87' lang='lat' dir='ltr'><strong>emandare</strong></span> <span class='ocrx_word' id='word_1_144' title='bbox 396 2309 546 2379; x_wconf 72' lang='lat' dir='ltr'><strong>videntur,</strong></span> <span class='ocrx_word' id='word_1_145' title='bbox 576 2309 655 2382; x_wconf 94' lang='lat' dir='ltr'><strong>quod</strong></span> <span class='ocrx_word' id='word_1_146' title='bbox 682 2309 797 2366; x_wconf 89' lang='lat' dir='ltr'><strong>codices</strong></span> <span class='ocrx_word' id='word_1_147' title='bbox 825 2309 948 2380; x_wconf 84' lang='lat' dir='ltr'><strong>habant,</strong></span> <span class='ocrx_word' id='word_1_148' title='bbox 977 2312 1063 2383; x_wconf 71' lang='lat' dir='ltr'><strong>boto).</strong></span> <span class='ocrx_word' id='word_1_149' title='bbox 1108 2310 1166 2368; x_wconf 91' lang='lat' dir='ltr'><strong>Hic</strong></span> <span class='ocrx_word' id='word_1_150' title='bbox 1190 2309 1294 2369; x_wconf 89' lang='lat' dir='ltr'><strong>Cicero</strong></span> 
     </span>
     <span class='ocr_line' id='line_1_19' title="bbox 218 2394 606 2469; baseline 0.005 -18"><span class='ocrx_word' id='word_1_151' title='bbox 218 2414 272 2469; x_wconf 91' lang='lat' dir='ltr'><strong>pro</strong></span> <span class='ocrx_word' id='word_1_152' title='bbox 295 2414 329 2451; x_wconf 91' lang='lat' dir='ltr'><strong>eo</strong></span> <span class='ocrx_word' id='word_1_153' title='bbox 352 2415 449 2451; x_wconf 82' lang='lat' dir='ltr'><strong>sarran</strong></span> <span class='ocrx_word' id='word_1_154' title='bbox 472 2394 606 2453; x_wconf 87' lang='lat' dir='ltr'><strong>subiecit.</strong></span> 
     </span>
    </p>

    <p class='ocr_par' dir='ltr' id='par_1_5' title="bbox 219 2478 1309 3574">
     <span class='ocr_line' id='line_1_20' title="bbox 303 2478 1295 2554; baseline 0 -18"><span class='ocrx_word' id='word_1_155' title='bbox 303 2491 404 2536; x_wconf 84' lang='lat' dir='ltr'><strong>matam</strong></span> <span class='ocrx_word' id='word_1_156' title='bbox 424 2480 528 2553; x_wconf 73' lang='lat' dir='ltr'><strong>flebiles</strong></span> <span class='ocrx_word' id='word_1_157' title='bbox 555 2498 631 2537; x_wconf 84' lang='lat' dir='ltr'><strong>voces</strong></span> <span class='ocrx_word' id='word_1_158' title='bbox 659 2478 754 2554; x_wconf 76' lang='lat' dir='ltr'><strong>refert)</strong></span> <span class='ocrx_word' id='word_1_159' title='bbox 784 2479 834 2538; x_wconf 88' lang='lat' dir='ltr'><strong>Sic</strong></span> <span class='ocrx_word' id='word_1_160' title='bbox 866 2479 982 2536; x_wconf 89' lang='lat' dir='ltr'><strong>codices</strong></span> <span class='ocrx_word' id='word_1_161' title='bbox 1015 2498 1072 2537; x_wconf 91' lang='lat' dir='ltr'><strong>non</strong></span> <span class='ocrx_word' id='word_1_162' title='bbox 1102 2481 1195 2537; x_wconf 87' lang='lat' dir='ltr'><strong>solum</strong></span> <span class='ocrx_word' id='word_1_163' title='bbox 1224 2479 1295 2536; x_wconf 92' lang='lat' dir='ltr'><strong>boni</strong></span> 
     </span>
     <span class='ocr_line' id='line_1_21' title="bbox 219 2562 1296 2641; baseline -0.001 -20"><span class='ocrx_word' id='word_1_164' title='bbox 219 2565 326 2639; x_wconf 83' lang='lat' dir='ltr'><strong>(Pell</strong></span> <span class='ocrx_word' id='word_1_165' title='bbox 353 2564 397 2641; x_wconf 89' lang='lat' dir='ltr'><strong>[et</strong></span> <span class='ocrx_word' id='word_1_166' title='bbox 413 2563 478 2641; x_wconf 79' lang='lat' dir='ltr'>B]),</span> <span class='ocrx_word' id='word_1_167' title='bbox 502 2565 553 2620; x_wconf 92' lang='lat' dir='ltr'><strong>sed</strong></span> <span class='ocrx_word' id='word_1_168' title='bbox 576 2565 663 2621; x_wconf 90' lang='lat' dir='ltr'><strong>etiam</strong></span> <span class='ocrx_word' id='word_1_169' title='bbox 688 2564 847 2622; x_wconf 89' lang='lat' dir='ltr'><strong>deteriores</strong></span> <span class='ocrx_word' id='word_1_170' title='bbox 869 2562 932 2621; x_wconf 84' lang='lat' dir='ltr'><strong>fere</strong></span> <span class='ocrx_word' id='word_1_171' title='bbox 955 2584 1056 2622; x_wconf 90' lang='lat' dir='ltr'><strong>omnes</strong></span> <span class='ocrx_word' id='word_1_172' title='bbox 1072 2566 1161 2640; x_wconf 90' lang='lat' dir='ltr'><strong>(Pall.</strong></span> <span class='ocrx_word' id='word_1_173' title='bbox 1177 2573 1296 2640; x_wconf 89' lang='lat' dir='ltr'><strong>praeter</strong></span> 
     </span>
     <span class='ocr_line' id='line_1_22' title="bbox 219 2643 1309 2726; baseline 0 -20"><span class='ocrx_word' id='word_1_174' title='bbox 219 2650 301 2719; x_wconf 84' lang='lat' dir='ltr'><strong>dnos,</strong></span> <span class='ocrx_word' id='word_1_175' title='bbox 324 2650 435 2718; x_wconf 80' lang='lat' dir='ltr'><strong>bland,</strong></span> <span class='ocrx_word' id='word_1_176' title='bbox 459 2649 504 2706; x_wconf 87' lang='lat' dir='ltr'><strong>El.</strong></span> <span class='ocrx_word' id='word_1_177' title='bbox 527 2659 660 2723; x_wconf 77' lang='lat' dir='ltr'><strong>uterque,</strong></span> <span class='ocrx_word' id='word_1_178' title='bbox 684 2648 776 2720; x_wconf 84' lang='lat' dir='ltr'><strong>Oxx.‚</strong></span> <span class='ocrx_word' id='word_1_179' title='bbox 800 2648 934 2724; x_wconf 81' lang='lat' dir='ltr'><strong>Gaiam),</strong></span> <span class='ocrx_word' id='word_1_180' title='bbox 958 2658 1060 2724; x_wconf 88' lang='lat' dir='ltr'><strong>estque</strong></span> <span class='ocrx_word' id='word_1_181' title='bbox 1084 2651 1202 2726; x_wconf 82' lang='lat' dir='ltr'><strong>elegans</strong></span> <span class='ocrx_word' id='word_1_182' title='bbox 1225 2659 1255 2707; x_wconf 89' lang='lat' dir='ltr'><strong>et</strong></span> <span class='ocrx_word' id='word_1_183' title='bbox 1277 2643 1309 2706; x_wconf 62' lang='lat' dir='ltr'><strong>a&#39;</strong></span> 
     </span>
     <span class='ocr_line' id='line_1_23' title="bbox 219 2734 1296 2811; baseline 0.002 -21"><span class='ocrx_word' id='word_1_184' title='bbox 219 2735 347 2810; x_wconf 81' lang='lat' dir='ltr'><strong>tragicae</strong></span> <span class='ocrx_word' id='word_1_185' title='bbox 370 2735 511 2790; x_wconf 90' lang='lat' dir='ltr'><strong>orationis</strong></span> <span class='ocrx_word' id='word_1_186' title='bbox 538 2735 701 2791; x_wconf 86' lang='lat' dir='ltr'><strong>subtilitate</strong></span> <span class='ocrx_word' id='word_1_187' title='bbox 729 2734 848 2791; x_wconf 91' lang='lat' dir='ltr'><strong>minime</strong></span> <span class='ocrx_word' id='word_1_188' title='bbox 876 2735 1037 2792; x_wconf 83' lang='lat' dir='ltr'><strong>abhorrens</strong></span> <span class='ocrx_word' id='word_1_189' title='bbox 1065 2736 1160 2811; x_wconf 85' lang='lat' dir='ltr'><strong>figura</strong></span> <span class='ocrx_word' id='word_1_190' title='bbox 1185 2735 1216 2791; x_wconf 93' lang='lat' dir='ltr'><strong>in</strong></span> <span class='ocrx_word' id='word_1_191' title='bbox 1243 2735 1296 2792; x_wconf 93' lang='lat' dir='ltr'><strong>illo</strong></span> 
     </span>
     <span class='ocr_line' id='line_1_24' title="bbox 219 2819 1295 2893; baseline 0.001 -19"><span class='ocrx_word' id='word_1_192' title='bbox 219 2831 320 2875; x_wconf 74' lang='lat' dir='ltr'><strong>irratam</strong></span> <span class='ocrx_word' id='word_1_193' title='bbox 342 2839 416 2875; x_wconf 56' lang='lat' dir='ltr'><strong>&gt;noces</strong></span> <span class='ocrx_word' id='word_1_194' title='bbox 438 2821 529 2891; x_wconf 71' lang='lat' dir='ltr'><strong>refert,</strong></span> <span class='ocrx_word' id='word_1_195' title='bbox 553 2837 619 2875; x_wconf 89' lang='lat' dir='ltr'><strong>cum</strong></span> <span class='ocrx_word' id='word_1_196' title='bbox 637 2819 894 2893; x_wconf 88' lang='lat' dir='ltr'><strong>circumloquendo</strong></span> <span class='ocrx_word' id='word_1_197' title='bbox 912 2820 1096 2876; x_wconf 86' lang='lat' dir='ltr'><strong>describatur</strong></span> <span class='ocrx_word' id='word_1_198' title='bbox 1112 2821 1198 2889; x_wconf 81' lang='lat' dir='ltr'><strong>ech03</strong></span> <span class='ocrx_word' id='word_1_199' title='bbox 1222 2819 1295 2876; x_wconf 87' lang='lat' dir='ltr'><strong>alio-</strong></span> 
     </span>
     <span class='ocr_line' id='line_1_25' title="bbox 220 2904 1295 2978; baseline 0.001 -19"><span class='ocrx_word' id='word_1_200' title='bbox 220 2904 290 2978; x_wconf 90' lang='lat' dir='ltr'><strong>quin</strong></span> <span class='ocrx_word' id='word_1_201' title='bbox 314 2904 385 2960; x_wconf 90' lang='lat' dir='ltr'><strong>satis</strong></span> <span class='ocrx_word' id='word_1_202' title='bbox 408 2912 472 2959; x_wconf 91' lang='lat' dir='ltr'><strong>erat</strong></span> <span class='ocrx_word' id='word_1_203' title='bbox 493 2914 607 2959; x_wconf 86' lang='lat' dir='ltr'><strong>resonat.</strong></span> <span class='ocrx_word' id='word_1_204' title='bbox 657 2904 736 2961; x_wconf 90' lang='lat' dir='ltr'><strong>Nam</strong></span> <span class='ocrx_word' id='word_1_205' title='bbox 759 2904 809 2977; x_wconf 91' lang='lat' dir='ltr'><strong>qui</strong></span> <span class='ocrx_word' id='word_1_206' title='bbox 831 2905 981 2961; x_wconf 82' lang='lat' dir='ltr'><strong>resonando</strong></span> <span class='ocrx_word' id='word_1_207' title='bbox 1003 2914 1105 2961; x_wconf 72' lang='lat' dir='ltr'><strong>mamm</strong></span> <span class='ocrx_word' id='word_1_208' title='bbox 1126 2905 1295 2972; x_wconf 78' lang='lat' dir='ltr'><strong>iunxerunt,</strong></span> 
     </span>
     <span class='ocr_line' id='line_1_26' title="bbox 220 2989 1295 3064; baseline -0.001 -19"><span class='ocrx_word' id='word_1_209' title='bbox 220 2999 252 3045; x_wconf 91' lang='lat' dir='ltr'><strong>ut</strong></span> <span class='ocrx_word' id='word_1_210' title='bbox 265 2997 342 3045; x_wconf 89' lang='lat' dir='ltr'><strong>esset</strong></span> <span class='ocrx_word' id='word_1_211' title='bbox 359 2991 460 3062; x_wconf 76' lang='lat' dir='ltr'><strong>darmpf</strong></span> <span class='ocrx_word' id='word_1_212' title='bbox 472 2990 673 3056; x_wconf 67' lang='lat' dir='ltr'><strong>un&#39;rierhallend.</strong></span> <span class='ocrx_word' id='word_1_213' title='bbox 692 3007 786 3062; x_wconf 90' lang='lat' dir='ltr'><strong>neque</strong></span> <span class='ocrx_word' id='word_1_214' title='bbox 804 2989 960 3045; x_wconf 87' lang='lat' dir='ltr'><strong>artificium</strong></span> <span class='ocrx_word' id='word_1_215' title='bbox 977 2989 1120 3046; x_wconf 90' lang='lat' dir='ltr'><strong>orationis</strong></span> <span class='ocrx_word' id='word_1_216' title='bbox 1136 3007 1295 3064; x_wconf 83' lang='lat' dir='ltr'><strong>perspexe-</strong></span> 
     </span>
     <span class='ocr_line' id='line_1_27' title="bbox 219 3073 1296 3149; baseline -0.001 -19"><span class='ocrx_word' id='word_1_217' title='bbox 219 3083 288 3130; x_wconf 90' lang='lat' dir='ltr'><strong>runt</strong></span> <span class='ocrx_word' id='word_1_218' title='bbox 311 3082 339 3129; x_wconf 89' lang='lat' dir='ltr'><strong>et</strong></span> <span class='ocrx_word' id='word_1_219' title='bbox 362 3074 606 3149; x_wconf 83' lang='lat' dir='ltr'><strong>significationem</strong></span> <span class='ocrx_word' id='word_1_220' title='bbox 629 3073 711 3130; x_wconf 88' lang='lat' dir='ltr'><strong>vocis</strong></span> <span class='ocrx_word' id='word_1_221' title='bbox 732 3073 855 3148; x_wconf 89' lang='lat' dir='ltr'><strong>fingunt.</strong></span> <span class='ocrx_word' id='word_1_222' title='bbox 888 3074 923 3130; x_wconf 90' lang='lat' dir='ltr'><strong>ln</strong></span> <span class='ocrx_word' id='word_1_223' title='bbox 941 3074 1176 3131; x_wconf 85' lang='lat' dir='ltr'><strong>Tusculanarum</strong></span> <span class='ocrx_word' id='word_1_224' title='bbox 1194 3073 1296 3130; x_wconf 86' lang='lat' dir='ltr'><strong>codice</strong></span> 
     </span>
     <span class='ocr_line' id='line_1_28' title="bbox 220 3158 1297 3234; baseline 0.001 -20"><span class='ocrx_word' id='word_1_225' title='bbox 220 3178 263 3227; x_wconf 69' lang='lat' dir='ltr'><strong>eo,</strong></span> <span class='ocrx_word' id='word_1_226' title='bbox 288 3178 324 3214; x_wconf 87' lang='lat' dir='ltr'><strong>ex</strong></span> <span class='ocrx_word' id='word_1_227' title='bbox 348 3178 406 3232; x_wconf 92' lang='lat' dir='ltr'><strong>qno</strong></span> <span class='ocrx_word' id='word_1_228' title='bbox 429 3159 522 3215; x_wconf 87' lang='lat' dir='ltr'><strong>nostri</strong></span> <span class='ocrx_word' id='word_1_229' title='bbox 540 3159 596 3216; x_wconf 89' lang='lat' dir='ltr'><strong>orti</strong></span> <span class='ocrx_word' id='word_1_230' title='bbox 615 3167 692 3228; x_wconf 85' lang='lat' dir='ltr'><strong>sunt,</strong></span> <span class='ocrx_word' id='word_1_231' title='bbox 716 3158 854 3215; x_wconf 86' lang='lat' dir='ltr'><strong>mendose</strong></span> <span class='ocrx_word' id='word_1_232' title='bbox 872 3159 1012 3234; x_wconf 88' lang='lat' dir='ltr'><strong>scriptum</strong></span> <span class='ocrx_word' id='word_1_233' title='bbox 1036 3167 1100 3215; x_wconf 89' lang='lat' dir='ltr'><strong>erat</strong></span> <span class='ocrx_word' id='word_1_234' title='bbox 1121 3161 1240 3229; x_wconf 72' lang='lat' dir='ltr'><strong>maltam,</strong></span> <span class='ocrx_word' id='word_1_235' title='bbox 1263 3168 1297 3215; x_wconf 91' lang='lat' dir='ltr'><strong>ut</strong></span> 
     </span>
     <span class='ocr_line' id='line_1_29' title="bbox 219 3243 1295 3318; baseline 0.001 -19"><span class='ocrx_word' id='word_1_236' title='bbox 219 3245 267 3299; x_wconf 90' lang='lat' dir='ltr'><strong>hic</strong></span> <span class='ocrx_word' id='word_1_237' title='bbox 300 3245 385 3318; x_wconf 91' lang='lat' dir='ltr'><strong>pauci</strong></span> <span class='ocrx_word' id='word_1_238' title='bbox 420 3244 539 3317; x_wconf 87' lang='lat' dir='ltr'><strong>qnidam</strong></span> <span class='ocrx_word' id='word_1_239' title='bbox 569 3244 696 3300; x_wconf 88' lang='lat' dir='ltr'><strong>editores</strong></span> <span class='ocrx_word' id='word_1_240' title='bbox 724 3243 818 3314; x_wconf 83' lang='lat' dir='ltr'><strong>(velut</strong></span> <span class='ocrx_word' id='word_1_241' title='bbox 845 3243 1105 3300; x_wconf 89' lang='lat' dir='ltr'><strong>Lambinianarum</strong></span> <span class='ocrx_word' id='word_1_242' title='bbox 1135 3253 1295 3311; x_wconf 81' lang='lat' dir='ltr'><strong>curatores,</strong></span> 
     </span>
     <span class='ocr_line' id='line_1_30' title="bbox 220 3328 1296 3404; baseline 0 -18"><span class='ocrx_word' id='word_1_243' title='bbox 220 3328 367 3386; x_wconf 86' lang='lat' dir='ltr'><strong>Gruterus</strong></span> <span class='ocrx_word' id='word_1_244' title='bbox 389 3329 512 3402; x_wconf 88' lang='lat' dir='ltr'><strong>invitus)</strong></span> <span class='ocrx_word' id='word_1_245' title='bbox 529 3329 718 3404; x_wconf 88' lang='lat' dir='ltr'><strong>scripserunt.</strong></span> <span class='ocrx_word' id='word_1_246' title='bbox 752 3329 787 3385; x_wconf 94' lang='lat' dir='ltr'><strong>Id</strong></span> <span class='ocrx_word' id='word_1_247' title='bbox 805 3328 868 3384; x_wconf 90' lang='lat' dir='ltr'><strong>sive</strong></span> <span class='ocrx_word' id='word_1_248' title='bbox 891 3329 928 3384; x_wconf 94' lang='lat' dir='ltr'><strong>ad</strong></span> <span class='ocrx_word' id='word_1_249' title='bbox 944 3331 1095 3386; x_wconf 86' lang='lat' dir='ltr'><strong>resonando</strong></span> <span class='ocrx_word' id='word_1_250' title='bbox 1110 3329 1229 3399; x_wconf 79' lang='lat' dir='ltr'><strong>referas,</strong></span> <span class='ocrx_word' id='word_1_251' title='bbox 1252 3329 1296 3386; x_wconf 93' lang='lat' dir='ltr'><strong>in·</strong></span> 
     </span>
     <span class='ocr_line' id='line_1_31' title="bbox 220 3414 1296 3489; baseline 0.001 -20"><span class='ocrx_word' id='word_1_252' title='bbox 220 3423 319 3488; x_wconf 86' lang='lat' dir='ltr'><strong>eptum</strong></span> <span class='ocrx_word' id='word_1_253' title='bbox 344 3423 386 3469; x_wconf 90' lang='lat' dir='ltr'><strong>est</strong></span> <span class='ocrx_word' id='word_1_254' title='bbox 411 3417 517 3487; x_wconf 91' lang='lat' dir='ltr'><strong>(neque</strong></span> <span class='ocrx_word' id='word_1_255' title='bbox 540 3414 632 3483; x_wconf 79' lang='lat' dir='ltr'><strong>enim,</strong></span> <span class='ocrx_word' id='word_1_256' title='bbox 661 3432 749 3487; x_wconf 91' lang='lat' dir='ltr'><strong>quam</strong></span> <span class='ocrx_word' id='word_1_257' title='bbox 772 3414 896 3471; x_wconf 89' lang='lat' dir='ltr'><strong>multum</strong></span> <span class='ocrx_word' id='word_1_258' title='bbox 918 3423 1037 3471; x_wconf 88' lang='lat' dir='ltr'><strong>resonet</strong></span> <span class='ocrx_word' id='word_1_259' title='bbox 1058 3433 1177 3484; x_wconf 75' lang='lat' dir='ltr'><strong>saxum,</strong></span> <span class='ocrx_word' id='word_1_260' title='bbox 1207 3423 1296 3489; x_wconf 88' lang='lat' dir='ltr'><strong>quae&#39;·</strong></span> 
     </span>
     <span class='ocr_line' id='line_1_32' title="bbox 219 3497 1086 3574; baseline 0.003 -21"><span class='ocrx_word' id='word_1_261' title='bbox 219 3499 315 3571; x_wconf 83' lang='lat' dir='ltr'><strong>nitur).</strong></span> <span class='ocrx_word' id='word_1_262' title='bbox 339 3499 401 3554; x_wconf 85' lang='lat' dir='ltr'><strong>sire</strong></span> <span class='ocrx_word' id='word_1_263' title='bbox 424 3499 461 3554; x_wconf 90' lang='lat' dir='ltr'><strong>ad</strong></span> <span class='ocrx_word' id='word_1_264' title='bbox 477 3501 589 3572; x_wconf 67' lang='lat' dir='ltr'><strong>flebiles.</strong></span> <span class='ocrx_word' id='word_1_265' title='bbox 612 3497 751 3574; x_wconf 90' lang='lat' dir='ltr'><strong>frigidum</strong></span> <span class='ocrx_word' id='word_1_266' title='bbox 775 3506 805 3555; x_wconf 89' lang='lat' dir='ltr'><strong>et</strong></span> <span class='ocrx_word' id='word_1_267' title='bbox 826 3517 1086 3574; x_wconf 83' lang='lat' dir='ltr'><strong>supervacaneum.</strong></span> 
     </span>
    </p>

    <p class='ocr_par' dir='ltr' id='par_1_6' title="bbox 221 3582 1298 4425">
     <span class='ocr_line' id='line_1_33' title="bbox 307 3582 1295 3662; baseline 0.001 -24"><span class='ocrx_word' id='word_1_268' title='bbox 307 3584 379 3639; x_wconf 83' lang='lat' dir='ltr'><strong>Huic</strong></span> <span class='ocrx_word' id='word_1_269' title='bbox 407 3584 546 3657; x_wconf 82' lang='lat' dir='ltr'><strong>Epicurus</strong></span> <span class='ocrx_word' id='word_1_270' title='bbox 570 3583 737 3659; x_wconf 81' lang='lat' dir='ltr'><strong>praecentet)</strong></span> <span class='ocrx_word' id='word_1_271' title='bbox 767 3583 832 3662; x_wconf 88' lang='lat' dir='ltr'><strong>[Sic</strong></span> <span class='ocrx_word' id='word_1_272' title='bbox 856 3584 944 3641; x_wconf 90' lang='lat' dir='ltr'><strong>etiam</strong></span> <span class='ocrx_word' id='word_1_273' title='bbox 968 3582 1017 3661; x_wconf 93' lang='lat' dir='ltr'><strong>B.]</strong></span> <span class='ocrx_word' id='word_1_274' title='bbox 1062 3583 1156 3643; x_wconf 86' lang='lat' dir='ltr'><strong>Gzius</strong></span> <span class='ocrx_word' id='word_1_275' title='bbox 1178 3602 1195 3640; x_wconf 90' lang='lat' dir='ltr'><strong>e</strong></span> <span class='ocrx_word' id='word_1_276' title='bbox 1218 3584 1295 3660; x_wconf 84' lang='lat' dir='ltr'><strong>Spin.</strong></span> 
     </span>
     <span class='ocr_line' id='line_1_34' title="bbox 221 3668 1297 3746; baseline 0.003 -23"><span class='ocrx_word' id='word_1_277' title='bbox 221 3668 352 3723; x_wconf 88' lang='lat' dir='ltr'><strong>enotavit</strong></span> <span class='ocrx_word' id='word_1_278' title='bbox 370 3678 510 3742; x_wconf 78' lang='lat' dir='ltr'><strong>proterret.</strong></span> <span class='ocrx_word' id='word_1_279' title='bbox 555 3668 627 3726; x_wconf 84' lang='lat' dir='ltr'><strong>Cod.</strong></span> <span class='ocrx_word' id='word_1_280' title='bbox 645 3668 764 3744; x_wconf 78' lang='lat' dir='ltr'><strong>Victp</strong></span> <span class='ocrx_word' id='word_1_281' title='bbox 787 3674 843 3727; x_wconf 75' lang='lat' dir='ltr'><strong>teat</strong></span> <span class='ocrx_word' id='word_1_282' title='bbox 864 3680 889 3725; x_wconf 87' lang='lat' dir='ltr'><strong>et</strong></span> <span class='ocrx_word' id='word_1_283' title='bbox 910 3672 942 3726; x_wconf 83' lang='lat' dir='ltr'><strong>si.</strong></span> <span class='ocrx_word' id='word_1_284' title='bbox 988 3669 1154 3746; x_wconf 75' lang='lat' dir='ltr'><strong>significari</strong></span> <span class='ocrx_word' id='word_1_285' title='bbox 1177 3670 1297 3726; x_wconf 90' lang='lat' dir='ltr'><strong>medici·</strong></span> 
     </span>
     <span class='ocr_line' id='line_1_35' title="bbox 221 3753 1298 3830; baseline 0.003 -22"><span class='ocrx_word' id='word_1_286' title='bbox 221 3772 298 3820; x_wconf 78' lang='lat' dir='ltr'><strong>narn,</strong></span> <span class='ocrx_word' id='word_1_287' title='bbox 322 3771 396 3826; x_wconf 90' lang='lat' dir='ltr'><strong>quae</strong></span> <span class='ocrx_word' id='word_1_288' title='bbox 421 3753 541 3828; x_wconf 89' lang='lat' dir='ltr'><strong>magieis</strong></span> <span class='ocrx_word' id='word_1_289' title='bbox 563 3753 742 3810; x_wconf 90' lang='lat' dir='ltr'><strong>carminibus</strong></span> <span class='ocrx_word' id='word_1_290' title='bbox 763 3754 829 3823; x_wconf 80' lang='lat' dir='ltr'><strong>fiat,</strong></span> <span class='ocrx_word' id='word_1_291' title='bbox 853 3755 1027 3827; x_wconf 91' lang='lat' dir='ltr'><strong>quibuscum</strong></span> <span class='ocrx_word' id='word_1_292' title='bbox 1050 3763 1119 3830; x_wconf 88' lang='lat' dir='ltr'><strong>apte</strong></span> <span class='ocrx_word' id='word_1_293' title='bbox 1141 3763 1172 3810; x_wconf 88' lang='lat' dir='ltr'><strong>et</strong></span> <span class='ocrx_word' id='word_1_294' title='bbox 1192 3755 1298 3811; x_wconf 89' lang='lat' dir='ltr'><strong>acerbe</strong></span> 
     </span>
     <span class='ocr_line' id='line_1_36' title="bbox 221 3838 1296 3914; baseline 0.004 -22"><span class='ocrx_word' id='word_1_295' title='bbox 221 3848 428 3912; x_wconf 86' lang='lat' dir='ltr'><strong>comparentur</strong></span> <span class='ocrx_word' id='word_1_296' title='bbox 445 3839 566 3912; x_wconf 83' lang='lat' dir='ltr'><strong>Epicuri</strong></span> <span class='ocrx_word' id='word_1_297' title='bbox 584 3838 755 3913; x_wconf 88' lang='lat' dir='ltr'><strong>magnificae</strong></span> <span class='ocrx_word' id='word_1_298' title='bbox 773 3856 870 3909; x_wconf 83' lang='lat' dir='ltr'><strong>voces,</strong></span> <span class='ocrx_word' id='word_1_299' title='bbox 893 3839 1041 3896; x_wconf 87' lang='lat' dir='ltr'><strong>intellexit</strong></span> <span class='ocrx_word' id='word_1_300' title='bbox 1059 3840 1296 3914; x_wconf 68' lang='lat' dir='ltr'><strong>Wesenbergiua</strong></span> 
     </span>
     <span class='ocr_line' id='line_1_37' title="bbox 222 3923 1297 3999; baseline 0.004 -22"><span class='ocrx_word' id='word_1_301' title='bbox 222 3923 353 3979; x_wconf 86' lang='lat' dir='ltr'><strong>adhibito</strong></span> <span class='ocrx_word' id='word_1_302' title='bbox 377 3923 521 3980; x_wconf 85' lang='lat' dir='ltr'><strong>Varronis</strong></span> <span class='ocrx_word' id='word_1_303' title='bbox 549 3924 613 3980; x_wconf 90' lang='lat' dir='ltr'><strong>loco</strong></span> <span class='ocrx_word' id='word_1_304' title='bbox 642 3923 721 3998; x_wconf 87' lang='lat' dir='ltr'><strong>apud</strong></span> <span class='ocrx_word' id='word_1_305' title='bbox 747 3923 877 3980; x_wconf 91' lang='lat' dir='ltr'><strong>Nonium</strong></span> <span class='ocrx_word' id='word_1_306' title='bbox 901 3942 929 3999; x_wconf 89' lang='lat' dir='ltr'><strong>p.</strong></span> <span class='ocrx_word' id='word_1_307' title='bbox 948 3926 1024 3981; x_wconf 79' lang='lat'>494:</span> <span class='ocrx_word' id='word_1_308' title='bbox 1055 3934 1083 3980; x_wconf 86' lang='lat' dir='ltr'><strong>at</strong></span> <span class='ocrx_word' id='word_1_309' title='bbox 1103 3928 1215 3999; x_wconf 80' lang='lat' dir='ltr'><strong>saciant</strong></span> <span class='ocrx_word' id='word_1_310' title='bbox 1236 3926 1297 3999; x_wconf 84' lang='lat' dir='ltr'><strong>ple-</strong></span> 
     </span>
     <span class='ocr_line' id='line_1_38' title="bbox 223 4008 1297 4083; baseline 0.005 -22"><span class='ocrx_word' id='word_1_311' title='bbox 223 4028 328 4081; x_wconf 80' lang='lat' dir='ltr'><strong>raeque.</strong></span> <span class='ocrx_word' id='word_1_312' title='bbox 348 4018 375 4063; x_wconf 85' lang='lat' dir='ltr'><strong>at</strong></span> <span class='ocrx_word' id='word_1_313' title='bbox 387 4010 531 4064; x_wconf 77' lang='lat' dir='ltr'><strong>adhibeant</strong></span> <span class='ocrx_word' id='word_1_314' title='bbox 543 4011 743 4083; x_wconf 86' lang='lat' dir='ltr'><strong>praecantrices</strong></span> <span class='ocrx_word' id='word_1_315' title='bbox 760 4027 807 4065; x_wconf 88' lang='lat' dir='ltr'><strong>nee</strong></span> <span class='ocrx_word' id='word_1_316' title='bbox 824 4010 925 4065; x_wconf 84' lang='lat' dir='ltr'><strong>medico</strong></span> <span class='ocrx_word' id='word_1_317' title='bbox 941 4011 1092 4081; x_wconf 79' lang='lat' dir='ltr'><strong>ostendant,</strong></span> <span class='ocrx_word' id='word_1_318' title='bbox 1110 4017 1171 4067; x_wconf 86' lang='lat' dir='ltr'><strong>turn</strong></span> <span class='ocrx_word' id='word_1_319' title='bbox 1184 4008 1297 4066; x_wconf 89' lang='lat' dir='ltr'><strong>Tibulli</strong></span> 
     </span>
     <span class='ocr_line' id='line_1_39' title="bbox 222 4093 1297 4170; baseline 0.003 -22"><span class='ocrx_word' id='word_1_320' title='bbox 222 4111 308 4149; x_wconf 87' lang='lat' dir='ltr'><strong>versu</strong></span> <span class='ocrx_word' id='word_1_321' title='bbox 331 4093 405 4163; x_wconf 79' lang='lat'><strong>1,5‚</strong></span> <span class='ocrx_word' id='word_1_322' title='bbox 427 4095 478 4149; x_wconf 81' lang='lat'><strong>12:</strong></span> <span class='ocrx_word' id='word_1_323' title='bbox 502 4096 618 4166; x_wconf 80' lang='lat' dir='ltr'><strong>carmine</strong></span> <span class='ocrx_word' id='word_1_324' title='bbox 639 4112 698 4150; x_wconf 87' lang='lat' dir='ltr'><strong>cnm</strong></span> <span class='ocrx_word' id='word_1_325' title='bbox 720 4096 822 4167; x_wconf 77' lang='lat' dir='ltr'><strong>maqico</strong></span> <span class='ocrx_word' id='word_1_326' title='bbox 837 4096 1031 4168; x_wconf 69' lang='lat' dir='ltr'><strong>praecinuisset</strong></span> <span class='ocrx_word' id='word_1_327' title='bbox 1046 4114 1123 4162; x_wconf 69' lang='lat' dir='ltr'><strong>anns,</strong></span> <span class='ocrx_word' id='word_1_328' title='bbox 1147 4105 1297 4170; x_wconf 87' lang='lat' dir='ltr'><strong>postremo</strong></span> 
     </span>
     <span class='ocr_line' id='line_1_40' title="bbox 222 4177 1295 4253; baseline 0.004 -21"><span class='ocrx_word' id='word_1_329' title='bbox 222 4177 320 4233; x_wconf 87' lang='lat' dir='ltr'><strong>Plinio</strong></span> <span class='ocrx_word' id='word_1_330' title='bbox 350 4179 387 4233; x_wconf 93' lang='lat' dir='ltr'><strong>ll.</strong></span> <span class='ocrx_word' id='word_1_331' title='bbox 416 4179 454 4236; x_wconf 91' lang='lat' dir='ltr'><strong>N.</strong></span> <span class='ocrx_word' id='word_1_332' title='bbox 485 4180 612 4248; x_wconf 86' lang='lat' dir='ltr'>XXIX,</span> <span class='ocrx_word' id='word_1_333' title='bbox 638 4180 692 4235; x_wconf 81' lang='lat'><strong>69:</strong></span> <span class='ocrx_word' id='word_1_334' title='bbox 721 4182 797 4235; x_wconf 85' lang='lat' dir='ltr'><strong>aiant</strong></span> <span class='ocrx_word' id='word_1_335' title='bbox 823 4181 943 4253; x_wconf 74' lang='lat' dir='ltr'><strong>viperam</strong></span> <span class='ocrx_word' id='word_1_336' title='bbox 965 4197 1139 4253; x_wconf 85' lang='lat' dir='ltr'><strong>praecanere.</strong></span> <span class='ocrx_word' id='word_1_337' title='bbox 1184 4179 1295 4236; x_wconf 81' lang='lat' dir='ltr'><strong>Eodem</strong></span> 
     </span>
     <span class='ocr_line' id='line_1_41' title="bbox 222 4262 1297 4338; baseline 0.005 -21"><span class='ocrx_word' id='word_1_338' title='bbox 222 4262 369 4336; x_wconf 90' lang='lat' dir='ltr'><strong>pertinent</strong></span> <span class='ocrx_word' id='word_1_339' title='bbox 388 4268 588 4338; x_wconf 87' lang='lat' dir='ltr'><strong>praecantrices</strong></span> <span class='ocrx_word' id='word_1_340' title='bbox 615 4264 782 4320; x_wconf 88' lang='lat' dir='ltr'><strong>nominatae</strong></span> <span class='ocrx_word' id='word_1_341' title='bbox 805 4264 883 4338; x_wconf 90' lang='lat' dir='ltr'><strong>apud</strong></span> <span class='ocrx_word' id='word_1_342' title='bbox 906 4263 1044 4320; x_wconf 90' lang='lat' dir='ltr'><strong>Plautum</strong></span> <span class='ocrx_word' id='word_1_343' title='bbox 1067 4265 1143 4337; x_wconf 89' lang='lat' dir='ltr'><strong>(Mil.</strong></span> <span class='ocrx_word' id='word_1_344' title='bbox 1166 4264 1217 4322; x_wconf 87' lang='lat' dir='ltr'><strong>Gl.</strong></span> <span class='ocrx_word' id='word_1_345' title='bbox 1239 4264 1297 4337; x_wconf 91' lang='grc' dir='ltr'><strong>ΠΙ,</strong></span> 
     </span>
     <span class='ocr_line' id='line_1_42' title="bbox 226 4348 1298 4425; baseline 0.005 -22"><span class='ocrx_word' id='word_1_346' title='bbox 226 4349 257 4417; x_wconf 91' lang='grc'><strong>1,</strong></span> <span class='ocrx_word' id='word_1_347' title='bbox 288 4349 339 4419; x_wconf 85' lang='grc'><strong>99)</strong></span> <span class='ocrx_word' id='word_1_348' title='bbox 368 4359 397 4404; x_wconf 86' lang='lat' dir='ltr'><strong>et</strong></span> <span class='ocrx_word' id='word_1_349' title='bbox 423 4359 644 4422; x_wconf 83' lang='lat' dir='ltr'><strong>praecantatores</strong></span> <span class='ocrx_word' id='word_1_350' title='bbox 677 4348 756 4423; x_wconf 90' lang='lat' dir='ltr'><strong>apud</strong></span> <span class='ocrx_word' id='word_1_351' title='bbox 783 4349 982 4424; x_wconf 82' lang='lat' dir='ltr'><strong>Augustinnm</strong></span> <span class='ocrx_word' id='word_1_352' title='bbox 1012 4358 1041 4406; x_wconf 91' lang='lat' dir='ltr'><strong>et</strong></span> <span class='ocrx_word' id='word_1_353' title='bbox 1063 4353 1298 4425; x_wconf 85' lang='lat' dir='ltr'><strong>praecantationes</strong></span> 
     </span>
    </p>
   </div>
   <div class='ocr_carea' id='block_1_5' title="bbox 0 0 1530 5086">
    <p class='ocr_par' dir='ltr' id='par_1_7' title="bbox 0 0 1530 5086">
     <span class='ocr_line' id='line_1_43' title="bbox 0 0 1530 5086; baseline 0 0"><span class='ocrx_word' id='word_1_354' title='bbox 0 0 1530 5086; x_wconf 95' lang='lat' dir='ltr'><strong> </strong></span> 
     </span>
    </p>
   </div>
  </div>
 </body>
</html>
