3030 5086
406 502 450 547 su
472 501 554 548 usn.
577 502 640 548 nm.
664 503 688 548 11
711 501 784 549 cAP.
806 506 844 552 rs.
863 503 996 567 (ce-so.)
1176 487 1239 551 229

160 670 195 733 id
220 670 361 736 homines
390 670 439 734 vel
467 670 494 734 si
522 670 764 748 obmutuissent,
793 690 851 735 sue
880 681 982 735 tamen
1010 671 1241 752 pulchritudine

159 781 248 838 esset
268 772 433 853 specieque
455 770 620 837 laudabile.
664 773 775 852 ltaque
802 773 885 836 idem
911 781 1027 837 nature
1048 773 1163 853 victus,
1191 775 1241 839 cui

160 867 273 939 obsisti
295 893 358 938 non
380 879 493 954 potest,
517 874 592 939 dicit
612 874 673 938 aiio
695 874 763 938 loco
781 874 822 952 id,
845 876 931 955 quod
949 894 968 938 a
986 882 1017 939 te
1033 875 1128 939 etism
1145 876 1239 957 paulo

159 986 236 1040 ante
257 975 373 1039 dictum
396 982 453 1054 est,
477 994 538 1039 non
560 994 655 1056 posse
671 976 804 1047 iucunde
820 977 890 1055 vivi,
913 977 974 1040 nisi
990 977 1083 1042 etiam
1099 977 1239 1042 honeste

160 1080 213 1142 50.
243 1077 324 1156 Quid
352 1094 435 1140 nunc
462 1076 626 1142 honeste
653 1077 748 1141 dicit?
775 1077 912 1157 idemne,
941 1080 1025 1159 quod
1052 1078 1279 1144 iucunde?b

159 1179 248 1257 Ergo
275 1179 333 1256 its,
365 1197 429 1242 non
462 1196 556 1259 posse
583 1178 714 1244 honeste
742 1180 816 1256 vivi,
851 1179 911 1243 nisi
937 1179 1068 1245 honeste
1095 1181 1240 1244 vivatur?
1349 1159 1359 1174 ⁹

161 1280 228 1358 An,
261 1279 321 1344 nisi
353 1279 500 1360 populari
527 1278 632 1344 fama?
683 1280 755 1357 Sine
788 1299 826 1345 ea
858 1281 953 1361 igitur
984 1282 1117 1347 iucunde
1147 1285 1241 1362 negat

236 1489 257 1532 1.
273 1481 351 1547 pulch.
370 1500 417 1532 rua
434 1492 513 1532 tamen
532 1467 652 1532 Ll’mcss
705 1489 726 1532 9.
753 1484 788 1532 itu
806 1483 912 1547 idemque
929 1485 952 1532 E
1005 1488 1026 1531 3,
1048 1484 1145 1548 poich}
1184 1493 1241 1533 aute

157 1551 276 1616 pauloll
321 1557 343 1599 t.
363 1551 434 1600 etiem
453 1567 502 1600 om.
522 1551 565 1602 Or.
603 1557 624 1602 5.
645 1550 770 1601 dicitarC
816 1556 839 1600 6.
859 1569 900 1617 eqo
919 1552 993 1600 iras
1017 1571 1062 1601 noa
1078 1569 1150 1617 posse
1167 1551 1241 1600 bal.

164 1624 186 1669 7.
208 1629 277 1684 erepat
295 1618 432 1668 iucuadeL

249 1829 300 1866 stra
323 1818 410 1865 tamea
428 1809 643 1884 pulchritudine)
662 1810 749 1866 Hunc
769 1810 901 1865 ordinem
916 1808 1006 1880 Crat,
1032 1810 1119 1878 Vict,
1144 1807 1241 1880 Grut,

161 1909 195 1952 ut
218 1910 295 1951 nnnc
317 1904 450 1969 apparet,
474 1913 489 1949 e
514 1895 597 1962 bonis
621 1895 704 1951 codd.
729 1905 925 1969 sumpserunt.
960 1897 1042 1952 Vett.
1062 1895 1139 1965 edd,
1163 1895 1242 1966 Bas,

160 1991 196 2036 ut
219 1978 311 2036 nostri
335 1979 511 2046 deteriores3
534 1980 570 2034 de
594 1980 699 2035 ceteris
722 1989 844 2035 tacetur.

248 2065 347 2138 Itaque
368 2067 439 2121 idem
456 2064 528 2134 cet.)
547 2064 615 2121 Vid.
637 2065 716 2130 1,57
741 2074 771 2119 et
793 2083 868 2137 quae
891 2064 927 2119 ad
950 2065 975 2133 1,
1000 2065 1039 2120 42
1063 2063 1241 2122 dictasunt.

250 2153 303 2206 uisi
334 2153 412 2206 etiam
441 2150 559 2221 leonaste)
589 2149 737 2206 Omittunt
769 2152 848 2205 etium
881 2149 994 2221 aliquot
1028 2160 1143 2205 veteres
1177 2149 1242 2204 edd.
1343 2145 1345 2150 ’

161 2235 319 2307 (Venetae,
344 2236 477 2295 Ascens„
500 2234 592 2297 Crat..
612 2235 712 2306 vict),
736 2253 793 2290 non
817 2233 1049 2306 antiquissimae,
1072 2252 1125 2288 nec
1148 2233 1242 2289 codex

161 2319 242 2375 nllns
270 2328 387 2394 praeter
416 2317 475 2376 Ox.
500 2319 540 2387 E3
569 2318 661 2392 (Gnd.
691 2324 702 2374 1
730 2329 759 2374 et
782 2319 851 2376 Bas.
875 2328 914 2375 et.
943 2318 1090 2375 tralaticio
1120 2318 1240 2390 errore).

161 2405 233 2461 Non
255 2404 374 2461 additur
396 2416 507 2478 postea.
531 2423 584 2460 nec
606 2405 770 2460 addebatur
793 2405 822 2459 in
842 2403 960 2471 libroI,
983 2422 1037 2460 nec
1060 2413 1157 2460 tamen
1181 2402 1243 2458 ulla
1295 2411 1297 2413 ’

162 2508 254 2546 causa
277 2498 331 2559 est,
354 2507 407 2545 cur
429 2489 561 2547 eiciatur.

252 2574 301 2630 50.
334 2573 412 2647 dicit)
435 2575 545 2630 Dicitur
566 2592 625 2629 una
648 2582 677 2629 et
699 2574 793 2629 altere
816 2582 901 2629 vetus
924 2573 1014 2630 editio
1037 2573 1125 2644 (Ven.
1152 2573 1242 2642 1480,

160 2660 265 2733 lunt),
289 2668 348 2715 tum
362 2659 443 2724 Erm,
463 2656 556 2715 Gaias
574 2659 672 2727 tacite,
690 2667 792 2714 contra
810 2659 894 2715 codd.
914 2678 1025 2724 omnes,
1043 2658 1148 2714 saltem
1161 2656 1242 2716 Oxx.

251 2765 300 2800 non
326 2764 407 2818 posse
435 2745 539 2799 honeste
566 2747 631 2807 vi'ca',
661 2747 715 2799 aiot
743 2745 848 2800 horreste
875 2741 996 2820 vinctor)
1025 2744 1115 2799 Recte
1138 2741 1244 2800 Cicero

161 2839 262 2905 negat.
286 2829 400 2886 honesti
425 2829 573 2884 notionem
597 2829 626 2884 in
645 2828 767 2903 Epicuri
790 2828 946 2903 disciplina
968 2828 1057 2884 ullam
1082 2836 1190 2883 certam
1215 2836 1245 2882 et

161 2933 247 2972 suam
270 2915 329 2970 vim
354 2914 477 2983 habere,
506 2925 534 2969 ct
564 2923 660 2969 tamen
685 2913 712 2968 in
742 2913 796 2968 hac
825 2913 972 2968 sententia
1000 2912 1108 2968 habere
1136 2911 1244 2968 debere

162 3001 224 3067 ait,
250 3008 282 3054 ut
303 2999 415 3071 aliquid
439 2999 547 3054 dictum
571 2999 617 3055 sit.
663 2998 721 3056 Sed
744 2999 769 3054 si
792 2998 821 3053 in
846 2998 966 3071 Epicuri
988 2996 1116 3054 formula
1139 2998 1245 3052 honeste

163 3083 348 3158 intellegitur
370 3086 495 3146 iucunde,
525 3085 580 3140 hoc
608 3083 637 3138 in
667 3084 729 3138 eius
754 3083 817 3139 loco
841 3083 999 3139 substituto
1023 3082 1163 3138 officitur:
1192 3101 1244 3136 nou

157 3179 251 3245 potest
277 3171 391 3225 iucunde
418 3172 471 3224 ciui
497 3172 549 3223 m'ei
571 3170 692 3225 incrcndc.
739 3169 805 3224 Hoc
832 3168 924 3223 sensit
947 3167 1102 3235 Pearcius,
1131 3178 1163 3223 ut
1191 3167 1243 3223 ho·

163 3255 273 3311 minem
308 3254 344 3309 ad
378 3272 439 3309 rem
468 3262 497 3308 et
525 3253 753 3328 disputationem
788 3253 987 3308 attendentem
1022 3270 1077 3308 nec
1109 3252 1244 3308 hebetem

165 3359 221 3414 par
243 3350 315 3396 erat.
339 3339 389 3394 sed
413 3339 454 3394 sic
478 3338 567 3394 scribi
590 3340 677 3394 etiam
702 3338 829 3395 volebat.
853 3338 891 3405 id,
915 3339 993 3410 quod
1013 3356 1114 3412 perse
1132 3347 1244 3392 rectum

166 3434 253 3494 esset,
277 3443 295 3480 a
317 3442 388 3480 vera
406 3422 557 3482 Ciceronis
581 3425 725 3498 scriptura
749 3442 806 3478 non
830 3423 996 3497 seiungens.
1034 3422 1127 3481 Gzius
1146 3421 1246 3478 omnia

166 3510 276 3584 optime
300 3509 408 3564 habere
432 3509 526 3566 docet.
562 3509 625 3583 Ego
649 3509 702 3563 hoc
726 3507 791 3563 loco
810 3517 839 3562 et
857 3508 956 3564 nudtis
973 3509 1049 3573 aliis,
1073 3508 1097 3564 si
1118 3505 1245 3582 eligendi

66 3629 68 3632 >
164 3595 326 3651 necessitas
349 3603 440 3651 esset.
470 3595 586 3650 mallem
617 3612 673 3649 non
703 3593 807 3648 inscite
831 3612 929 3649 errare
952 3612 1053 3666 quam,
1083 3611 1147 3648 cum
1172 3591 1245 3647 nihil

164 3679 378 3754 intellegerem,
402 3679 611 3754 superstitione
634 3688 664 3733 et
686 3697 755 3733 casu
780 3697 865 3734 veros
887 3679 986 3753 apices
1010 3678 1186 3750 relinquere.

252 3768 305 3826 Aa,
329 3768 383 3820 m'ei
400 3768 529 3838 populari
544 3762 658 3837 J‘crrrrat)
676 3763 782 3819 Altera
806 3773 935 3819 tentatur
957 3763 1177 3836 interpretatio:
1200 3780 1245 3816 re·

165 3848 312 3924 spondere
335 3850 426 3924 igitur
443 3850 497 3904 hoc
514 3848 639 3903 debebat
658 3848 716 3903 illi:
740 3851 841 3904 idemne
863 3851 937 3920 qood
958 3850 1090 3903 iucuude?
1112 3847 1166 3901 hac
1183 3844 1246 3901 fere

164 3933 276 3991 forma:
298 3956 334 3989 cca
352 3936 483 4008 populari
491 3935 592 4006 jbnec?
614 3934 670 4005 (Aa
688 3953 748 3989 cum
766 3954 794 4007 p.
806 3936 906 4004 aneat
924 3933 1068 3988 coiciebat
1081 3930 1245 4002 Davisius.)

167 4018 228 4078 Sed
261 4020 401 4093 deceptus
436 4017 539 4075 Cicero
573 4018 747 4074 interiectae
780 4019 925 4073 sententia
952 4017 1048 4073 forma
1081 4015 1139 4088 (cui
1179 4034 1245 4070 cum

167 4104 287 4162 Bremio
310 4103 510 4178 interrogandi
533 4103 647 4178 signum
672 4103 754 4170 dedi,
784 4121 848 4157 cum
872 4094 1082 4173 ἀποφαντικῶς
1103 4100 1245 4156 scribere·

168 4190 228 4262 tur)
255 4189 298 4245 sic
325 4188 458 4263 scripsit,
487 4197 636 4261 tamquam
666 4206 755 4263 supra
783 4187 942 4261 posuisset:
981 4186 1054 4253 quie
1081 4204 1151 4241 rrrcnc
1178 4187 1248 4240 aiei

166 4275 306 4331 honeste
327 4276 411 4331 dicire
440 4275 547 4329 Icleame
564 4275 723 4347 quodnisi
743 4277 753 4328 i
760 4274 906 4328 laertiade?
933 4272 987 4327 Est
1005 4281 1101 4327 autem
1117 4272 1248 4344 populari

143 4420 146 4425 ,
158 4361 243 4434 sama
265 4362 350 4415 cicere
371 4359 414 4415 ita
437 4360 545 4424 vivere,
568 4367 602 4415 ut
624 4359 660 4415 ed
685 4378 747 4415 eam
771 4357 875 4432 agendi
900 4356 1024 4412 consilia
1046 4355 1166 4431 dirigas.

253 4454 332 4518 erepat
354 4464 438 4520 posse
465 4463 493 4502 se
520 4442 619 4520 avere)
648 4445 685 4501 In
708 4443 839 4500 codicum
863 4442 1010 4517 scripture
1032 4442 1128 4515 (posse
1148 4442 1247 4509 vium)
