<?xml version="1.0" encoding="UTF-8"?>
<!DOCTYPE html PUBLIC "-//W3C//DTD XHTML 1.0 Transitional//EN"
    "http://www.w3.org/TR/xhtml1/DTD/xhtml1-transitional.dtd">
<html xmlns="http://www.w3.org/1999/xhtml" xml:lang="en" lang="en">
 <head>
  <title>
</title>
<meta http-equiv="Content-Type" content="text/html;charset=utf-8" />
  <meta name='ocr-system' content='tesseract 3.04.00' />
  <meta name='ocr-capabilities' content='ocr_page ocr_carea ocr_par ocr_line ocrx_word'/>
</head>
<body>
  <div class='ocr_page' id='page_1' title='image "./mtulliiciceroni35cicegoog/mtulliiciceroni35cicegoog_0168.png"; bbox 0 0 3030 5086; ppageno 0'>
   <div class='ocr_carea' id='block_1_1' title="bbox 215 443 912 537">
    <p class='ocr_par' dir='ltr' id='par_1_1' title="bbox 215 443 912 537">
     <span class='ocr_line' id='line_1_1' title="bbox 215 443 912 537; baseline -0.001 -29"><span class='ocrx_word' id='word_1_1' title='bbox 215 443 258 508; x_wconf 76' lang='lat'>56</span> <span class='ocrx_word' id='word_1_2' title='bbox 308 507 311 514; x_wconf 81' lang='grc'>,</span> <span class='ocrx_word' id='word_1_3' title='bbox 538 494 545 509; x_wconf 81' lang='lat'>.</span> <span class='ocrx_word' id='word_1_4' title='bbox 616 460 662 506; x_wconf 85' lang='lat' dir='ltr'>ne</span> <span class='ocrx_word' id='word_1_5' title='bbox 686 461 816 509; x_wconf 81' lang='lat' dir='ltr'>rruraus</span> <span class='ocrx_word' id='word_1_6' title='bbox 839 461 912 537; x_wconf 85' lang='lat' dir='ltr'>eeu.</span> 
     </span>
    </p>
   </div>
   <div class='ocr_carea' id='block_1_2' title="bbox 223 610 1312 710">
    <p class='ocr_par' dir='ltr' id='par_1_2' title="bbox 223 610 1312 710">
     <span class='ocr_line' id='line_1_2' title="bbox 223 610 1312 710; baseline 0 -19"><span class='ocrx_word' id='word_1_7' title='bbox 223 610 423 692; x_wconf 78' lang='lat' dir='ltr'>Metrodorus</span> <span class='ocrx_word' id='word_1_8' title='bbox 451 637 505 691; x_wconf 90' lang='lat' dir='ltr'>aut</span> <span class='ocrx_word' id='word_1_9' title='bbox 527 627 691 709; x_wconf 83' lang='lat' dir='ltr'>‹prisquam</span> <span class='ocrx_word' id='word_1_10' title='bbox 716 648 837 708; x_wconf 89' lang='lat' dir='ltr'>eorum,</span> <span class='ocrx_word' id='word_1_11' title='bbox 867 628 921 710; x_wconf 89' lang='lat' dir='ltr'>qui</span> <span class='ocrx_word' id='word_1_12' title='bbox 948 638 1004 694; x_wconf 89' lang='lat' dir='ltr'>aut</span> <span class='ocrx_word' id='word_1_13' title='bbox 1030 637 1160 710; x_wconf 79' lang='lat' dir='ltr'>saperet</span> <span class='ocrx_word' id='word_1_14' title='bbox 1186 626 1312 709; x_wconf 89' lang='lat' dir='ltr'>aliquid</span> 
     </span>
    </p>
   </div>
   <div class='ocr_carea' id='block_1_3' title="bbox 225 772 1312 916">
    <p class='ocr_par' dir='ltr' id='par_1_3' title="bbox 225 772 1312 916">
     <span class='ocr_line' id='line_1_3' title="bbox 296 772 1312 865; baseline 0.002 -21"><span class='ocrx_word' id='word_1_15' title='bbox 296 802 316 845; x_wconf 92' lang='grc'>1.</span> <span class='ocrx_word' id='word_1_16' title='bbox 340 815 395 847; x_wconf 83' lang='lat' dir='ltr'>vero</span> <span class='ocrx_word' id='word_1_17' title='bbox 417 807 441 847; x_wconf 82' lang='lat' dir='ltr'>tu</span> <span class='ocrx_word' id='word_1_18' title='bbox 465 806 507 846; x_wconf 84' lang='lat' dir='ltr'>aut</span> <span class='ocrx_word' id='word_1_19' title='bbox 529 800 586 863; x_wconf 74' lang='lat' dir='ltr'>(pro</span> <span class='ocrx_word' id='word_1_20' title='bbox 606 772 758 848; x_wconf 77' lang='lat' dir='ltr'>Metrodorus</span> <span class='ocrx_word' id='word_1_21' title='bbox 780 801 832 862; x_wconf 81' lang='lat' dir='ltr'>out)</span> <span class='ocrx_word' id='word_1_22' title='bbox 853 797 1021 865; x_wconf 62' lang='lat' dir='ltr'>[ementur.</span> <span class='ocrx_word' id='word_1_23' title='bbox 1049 816 1105 849; x_wconf 83' lang='lat' dir='ltr'>vero</span> <span class='ocrx_word' id='word_1_24' title='bbox 1123 798 1183 850; x_wconf 80' lang='lat' dir='ltr'>troii</span> <span class='ocrx_word' id='word_1_25' title='bbox 1198 806 1245 848; x_wconf 83' lang='lat' dir='ltr'>out</span> <span class='ocrx_word' id='word_1_26' title='bbox 1264 797 1312 847; x_wconf 79' lang='lat' dir='ltr'>Pu</span> 
     </span>
     <span class='ocr_line' id='line_1_4' title="bbox 225 865 529 916; baseline 0.003 -1"><span class='ocrx_word' id='word_1_27' title='bbox 225 882 280 915; x_wconf 85' lang='lat' dir='ltr'>vero</span> <span class='ocrx_word' id='word_1_28' title='bbox 298 874 323 914; x_wconf 82' lang='lat' dir='ltr'>tu</span> <span class='ocrx_word' id='word_1_29' title='bbox 346 865 490 915; x_wconf 75' lang='lat' dir='ltr'>Triariae!</span> <span class='ocrx_word' id='word_1_30' title='bbox 508 866 529 916; x_wconf 86' lang='lat' dir='ltr'>C</span> 
     </span>
    </p>
   </div>
   <div class='ocr_carea' id='block_1_4' title="bbox 220 1002 1313 4490">
    <p class='ocr_par' dir='ltr' id='par_1_4' title="bbox 220 1002 1313 4490">
     <span class='ocr_line' id='line_1_5' title="bbox 312 1002 1312 1084; baseline 0.003 -25"><span class='ocrx_word' id='word_1_31' title='bbox 312 1024 395 1079; x_wconf 83' lang='lat' dir='ltr'>neque</span> <span class='ocrx_word' id='word_1_32' title='bbox 424 1007 596 1062; x_wconf 73' lang='lat' dir='ltr'><em>Metrodorus</em></span> <span class='ocrx_word' id='word_1_33' title='bbox 626 1002 670 1082; x_wconf 94' lang='lat' dir='ltr'>[in</span> <span class='ocrx_word' id='word_1_34' title='bbox 699 1005 796 1080; x_wconf 88' lang='lat' dir='ltr'>priore</span> <span class='ocrx_word' id='word_1_35' title='bbox 825 1005 954 1062; x_wconf 80' lang='lat' dir='ltr'>editione</span> <span class='ocrx_word' id='word_1_36' title='bbox 982 1025 1066 1080; x_wconf 84' lang='lat' dir='ltr'>neque</span> <span class='ocrx_word' id='word_1_37' title='bbox 1092 1026 1155 1064; x_wconf 83' lang='lat' dir='ltr'>vero</span> <span class='ocrx_word' id='word_1_38' title='bbox 1182 1004 1228 1084; x_wconf 81' lang='lat' dir='ltr'>tu]</span> <span class='ocrx_word' id='word_1_39' title='bbox 1259 1013 1312 1062; x_wconf 80' lang='lat' dir='ltr'>out</span> 
     </span>
     <span class='ocr_line' id='line_1_6' title="bbox 226 1088 1311 1166; baseline 0.003 -21"><span class='ocrx_word' id='word_1_40' title='bbox 226 1088 384 1164; x_wconf 80' lang='lat' dir='ltr'>quiequam)</span> <span class='ocrx_word' id='word_1_41' title='bbox 408 1090 495 1164; x_wconf 81' lang='lat' dir='ltr'>Quod</span> <span class='ocrx_word' id='word_1_42' title='bbox 519 1090 548 1147; x_wconf 90' lang='lat' dir='ltr'>in</span> <span class='ocrx_word' id='word_1_43' title='bbox 572 1091 616 1147; x_wconf 91' lang='lat' dir='ltr'>ed.</span> <span class='ocrx_word' id='word_1_44' title='bbox 641 1091 656 1147; x_wconf 92' lang='lat'>1</span> <span class='ocrx_word' id='word_1_45' title='bbox 679 1101 737 1146; x_wconf 85' lang='lat' dir='ltr'>est:</span> <span class='ocrx_word' id='word_1_46' title='bbox 760 1110 844 1164; x_wconf 80' lang='lat' dir='ltr'>neque</span> <span class='ocrx_word' id='word_1_47' title='bbox 866 1111 927 1147; x_wconf 85' lang='lat' dir='ltr'>uero</span> <span class='ocrx_word' id='word_1_48' title='bbox 949 1101 994 1156; x_wconf 86' lang='lat' dir='ltr'>tu,</span> <span class='ocrx_word' id='word_1_49' title='bbox 1023 1091 1128 1152; x_wconf 73' lang='lat' dir='ltr'>Tn&#39;orr&#39;.</span> <span class='ocrx_word' id='word_1_50' title='bbox 1158 1102 1207 1149; x_wconf 83' lang='lat' dir='ltr'>out</span> <span class='ocrx_word' id='word_1_51' title='bbox 1230 1094 1311 1166; x_wconf 79' lang='lat' dir='ltr'>quie·</span> 
     </span>
     <span class='ocr_line' id='line_1_7' title="bbox 225 1172 1313 1255; baseline 0.003 -25"><span class='ocrx_word' id='word_1_52' title='bbox 225 1195 316 1248; x_wconf 85' lang='lat' dir='ltr'>quom,</span> <span class='ocrx_word' id='word_1_53' title='bbox 341 1175 794 1244; x_wconf 76' lang='lat' dir='ltr'>tenueruntVict.,Grut.,Ern.</span> <span class='ocrx_word' id='word_1_54' title='bbox 826 1175 1003 1233; x_wconf 86' lang='lat' dir='ltr'>Vocativum</span> <span class='ocrx_word' id='word_1_55' title='bbox 1027 1194 1121 1250; x_wconf 87' lang='lat' dir='ltr'>neque</span> <span class='ocrx_word' id='word_1_56' title='bbox 1139 1175 1180 1255; x_wconf 93' lang='lat' dir='ltr'>[B</span> <span class='ocrx_word' id='word_1_57' title='bbox 1191 1172 1313 1254; x_wconf 90' lang='lat' dir='ltr'>neque]</span> 
     </span>
     <span class='ocr_line' id='line_1_8' title="bbox 226 1259 1310 1334; baseline -0.001 -16"><span class='ocrx_word' id='word_1_58' title='bbox 226 1260 381 1318; x_wconf 89' lang='lat' dir='ltr'>Palatinus</span> <span class='ocrx_word' id='word_1_59' title='bbox 403 1261 481 1317; x_wconf 91' lang='lat' dir='ltr'>ullus</span> <span class='ocrx_word' id='word_1_60' title='bbox 504 1260 593 1317; x_wconf 90' lang='lat' dir='ltr'>habet</span> <span class='ocrx_word' id='word_1_61' title='bbox 615 1279 724 1334; x_wconf 83' lang='lat' dir='ltr'>neque.</span> <span class='ocrx_word' id='word_1_62' title='bbox 755 1270 788 1316; x_wconf 87' lang='lat' dir='ltr'>ut</span> <span class='ocrx_word' id='word_1_63' title='bbox 810 1259 940 1330; x_wconf 89' lang='lat' dir='ltr'>videtur,</span> <span class='ocrx_word' id='word_1_64' title='bbox 964 1261 1078 1330; x_wconf 84' lang='lat' dir='ltr'>Oxon.;</span> <span class='ocrx_word' id='word_1_65' title='bbox 1108 1261 1253 1319; x_wconf 76' lang='lat' dir='ltr'>Davisius</span> <span class='ocrx_word' id='word_1_66' title='bbox 1275 1261 1310 1318; x_wconf 85' lang='lat' dir='ltr'>in</span> 
     </span>
     <span class='ocr_line' id='line_1_9' title="bbox 226 1343 1309 1422; baseline 0.002 -22"><span class='ocrx_word' id='word_1_67' title='bbox 226 1364 261 1401; x_wconf 89' lang='lat' dir='ltr'>eo</span> <span class='ocrx_word' id='word_1_68' title='bbox 279 1343 441 1403; x_wconf 86' lang='lat' dir='ltr'>omittendo</span> <span class='ocrx_word' id='word_1_69' title='bbox 460 1365 518 1402; x_wconf 91' lang='lat' dir='ltr'>uno</span> <span class='ocrx_word' id='word_1_70' title='bbox 536 1355 656 1402; x_wconf 89' lang='lat' dir='ltr'>auctore</span> <span class='ocrx_word' id='word_1_71' title='bbox 674 1345 765 1401; x_wconf 91' lang='lat' dir='ltr'>utitur</span> <span class='ocrx_word' id='word_1_72' title='bbox 782 1346 883 1402; x_wconf 86' lang='lat' dir='ltr'>codiee</span> <span class='ocrx_word' id='word_1_73' title='bbox 896 1346 982 1415; x_wconf 80' lang='lat' dir='ltr'>Ball,</span> <span class='ocrx_word' id='word_1_74' title='bbox 1001 1346 1094 1404; x_wconf 86' lang='lat' dir='ltr'>Gziue</span> <span class='ocrx_word' id='word_1_75' title='bbox 1107 1347 1168 1404; x_wconf 86' lang='lat' dir='ltr'>Eri.</span> <span class='ocrx_word' id='word_1_76' title='bbox 1181 1358 1213 1405; x_wconf 89' lang='lat' dir='ltr'>et</span> <span class='ocrx_word' id='word_1_77' title='bbox 1224 1347 1309 1422; x_wconf 86' lang='lat' dir='ltr'>Spir.</span> 
     </span>
     <span class='ocr_line' id='line_1_10' title="bbox 224 1430 1310 1505; baseline 0.002 -19"><span class='ocrx_word' id='word_1_78' title='bbox 224 1430 289 1486; x_wconf 91' lang='lat' dir='ltr'>Nec</span> <span class='ocrx_word' id='word_1_79' title='bbox 312 1431 460 1487; x_wconf 90' lang='lat' dir='ltr'>Triarium</span> <span class='ocrx_word' id='word_1_80' title='bbox 485 1430 589 1488; x_wconf 88' lang='lat' dir='ltr'>Cicero</span> <span class='ocrx_word' id='word_1_81' title='bbox 613 1431 660 1487; x_wconf 90' lang='lat' dir='ltr'>hic</span> <span class='ocrx_word' id='word_1_82' title='bbox 682 1430 860 1504; x_wconf 81' lang='lat' dir='ltr'>alloquitur,</span> <span class='ocrx_word' id='word_1_83' title='bbox 885 1450 980 1505; x_wconf 91' lang='lat' dir='ltr'>neque</span> <span class='ocrx_word' id='word_1_84' title='bbox 1004 1430 1122 1490; x_wconf 88' lang='lat' dir='ltr'>Stoicus</span> <span class='ocrx_word' id='word_1_85' title='bbox 1144 1433 1202 1505; x_wconf 88' lang='grc' dir='ltr'>(ΙΙ,</span> <span class='ocrx_word' id='word_1_86' title='bbox 1231 1433 1310 1505; x_wconf 88' lang='grc'>119)</span> 
     </span>
     <span class='ocr_line' id='line_1_11' title="bbox 225 1515 1310 1590; baseline 0.003 -19"><span class='ocrx_word' id='word_1_87' title='bbox 225 1515 302 1572; x_wconf 90' lang='lat' dir='ltr'>inter</span> <span class='ocrx_word' id='word_1_88' title='bbox 320 1515 491 1590; x_wconf 88' lang='lat' dir='ltr'>Epicureos,</span> <span class='ocrx_word' id='word_1_89' title='bbox 515 1535 532 1570; x_wconf 91' lang='lat' dir='ltr'>a</span> <span class='ocrx_word' id='word_1_90' title='bbox 555 1516 661 1589; x_wconf 85' lang='lat' dir='ltr'>quibus</span> <span class='ocrx_word' id='word_1_91' title='bbox 684 1516 846 1572; x_wconf 80' lang='lat' dir='ltr'>desciscere</span> <span class='ocrx_word' id='word_1_92' title='bbox 865 1516 1018 1590; x_wconf 75' lang='lat' dir='ltr'><strong>Torquato</strong></span> <span class='ocrx_word' id='word_1_93' title='bbox 1040 1535 1098 1573; x_wconf 90' lang='lat' dir='ltr'>non</span> <span class='ocrx_word' id='word_1_94' title='bbox 1121 1517 1235 1586; x_wconf 86' lang='lat' dir='ltr'>liceret,</span> <span class='ocrx_word' id='word_1_95' title='bbox 1257 1535 1310 1574; x_wconf 89' lang='lat' dir='ltr'>re·</span> 
     </span>
     <span class='ocr_line' id='line_1_12' title="bbox 225 1599 1308 1675; baseline 0.004 -19"><span class='ocrx_word' id='word_1_96' title='bbox 225 1599 296 1657; x_wconf 85' lang='lat' dir='ltr'>ferri</span> <span class='ocrx_word' id='word_1_97' title='bbox 320 1600 425 1675; x_wconf 90' lang='lat' dir='ltr'>potuit.</span> <span class='ocrx_word' id='word_1_98' title='bbox 471 1601 616 1658; x_wconf 82' lang='lat' dir='ltr'>Perverse</span> <span class='ocrx_word' id='word_1_99' title='bbox 639 1611 735 1656; x_wconf 91' lang='lat' dir='ltr'>tamen</span> <span class='ocrx_word' id='word_1_100' title='bbox 760 1600 877 1675; x_wconf 83' lang='lat' dir='ltr'>scripsit</span> <span class='ocrx_word' id='word_1_101' title='bbox 900 1600 1022 1670; x_wconf 73' lang='lat' dir='ltr'>Cicero,</span> <span class='ocrx_word' id='word_1_102' title='bbox 1052 1601 1078 1658; x_wconf 89' lang='lat' dir='ltr'>si</span> <span class='ocrx_word' id='word_1_103' title='bbox 1099 1601 1155 1672; x_wconf 89' lang='lat' dir='ltr'>ita,</span> <span class='ocrx_word' id='word_1_104' title='bbox 1178 1611 1211 1659; x_wconf 87' lang='lat' dir='ltr'>ut</span> <span class='ocrx_word' id='word_1_105' title='bbox 1234 1603 1308 1660; x_wconf 87' lang='lat' dir='ltr'>ede·</span> 
     </span>
     <span class='ocr_line' id='line_1_13' title="bbox 226 1676 1309 1760; baseline 0.002 -18"><span class='ocrx_word' id='word_1_106' title='bbox 226 1686 321 1754; x_wconf 84' lang='lat' dir='ltr'>batur,</span> <span class='ocrx_word' id='word_1_107' title='bbox 346 1685 472 1760; x_wconf 82' lang='lat' dir='ltr'>scripsit.</span> <span class='ocrx_word' id='word_1_108' title='bbox 507 1686 584 1742; x_wconf 87' lang='lat' dir='ltr'>Nam</span> <span class='ocrx_word' id='word_1_109' title='bbox 603 1676 668 1742; x_wconf 83' lang='lat' dir='ltr'>curn</span> <span class='ocrx_word' id='word_1_110' title='bbox 681 1686 865 1759; x_wconf 81' lang='lat' dir='ltr'>Torquatum</span> <span class='ocrx_word' id='word_1_111' title='bbox 883 1685 1049 1756; x_wconf 87' lang='lat' dir='ltr'>admoneat,</span> <span class='ocrx_word' id='word_1_112' title='bbox 1072 1706 1130 1744; x_wconf 91' lang='lat' dir='ltr'>non</span> <span class='ocrx_word' id='word_1_113' title='bbox 1152 1687 1242 1744; x_wconf 88' lang='lat' dir='ltr'>licere</span> <span class='ocrx_word' id='word_1_114' title='bbox 1265 1686 1309 1757; x_wconf 86' lang='lat' dir='ltr'>ei,</span> 
     </span>
     <span class='ocr_line' id='line_1_14' title="bbox 225 1770 1307 1845; baseline 0.003 -19"><span class='ocrx_word' id='word_1_115' title='bbox 225 1770 249 1828; x_wconf 89' lang='lat' dir='ltr'>ei</span> <span class='ocrx_word' id='word_1_116' title='bbox 272 1789 360 1827; x_wconf 83' lang='lat' dir='ltr'>verus</span> <span class='ocrx_word' id='word_1_117' title='bbox 374 1770 537 1845; x_wconf 85' lang='lat' dir='ltr'>Epicureus</span> <span class='ocrx_word' id='word_1_118' title='bbox 560 1789 624 1827; x_wconf 90' lang='lat' dir='ltr'>esse</span> <span class='ocrx_word' id='word_1_119' title='bbox 646 1771 728 1839; x_wconf 90' lang='lat' dir='ltr'>velit,</span> <span class='ocrx_word' id='word_1_120' title='bbox 752 1770 803 1827; x_wconf 88' lang='lat' dir='ltr'>illo</span> <span class='ocrx_word' id='word_1_121' title='bbox 827 1771 914 1828; x_wconf 89' lang='lat' dir='ltr'>modo</span> <span class='ocrx_word' id='word_1_122' title='bbox 937 1771 1112 1829; x_wconf 90' lang='lat' dir='ltr'>sententiam</span> <span class='ocrx_word' id='word_1_123' title='bbox 1135 1771 1307 1843; x_wconf 81' lang='lat' dir='ltr'>defendere,</span> 
     </span>
     <span class='ocr_line' id='line_1_15' title="bbox 224 1853 1309 1930; baseline 0 -18"><span class='ocrx_word' id='word_1_124' title='bbox 224 1855 294 1929; x_wconf 89' lang='lat' dir='ltr'>quid</span> <span class='ocrx_word' id='word_1_125' title='bbox 329 1855 366 1911; x_wconf 88' lang='lat' dir='ltr'>ad</span> <span class='ocrx_word' id='word_1_126' title='bbox 400 1875 460 1911; x_wconf 89' lang='lat' dir='ltr'>rem</span> <span class='ocrx_word' id='word_1_127' title='bbox 496 1856 637 1930; x_wconf 79' lang='lat' dir='ltr'>pertinet,</span> <span class='ocrx_word' id='word_1_128' title='bbox 672 1856 742 1930; x_wconf 89' lang='lat' dir='ltr'>quid</span> <span class='ocrx_word' id='word_1_129' title='bbox 776 1855 840 1930; x_wconf 84' lang='lat' dir='ltr'>ipse</span> <span class='ocrx_word' id='word_1_130' title='bbox 870 1857 1039 1930; x_wconf 85' lang='lat' dir='ltr'>Torquatus</span> <span class='ocrx_word' id='word_1_131' title='bbox 1072 1866 1140 1914; x_wconf 84' lang='lat' dir='ltr'>ante</span> <span class='ocrx_word' id='word_1_132' title='bbox 1174 1853 1309 1914; x_wconf 84' lang='lat' dir='ltr'>dixerit?</span> 
     </span>
     <span class='ocr_line' id='line_1_16' title="bbox 224 1940 1310 2018; baseline 0.001 -20"><span class='ocrx_word' id='word_1_133' title='bbox 224 1940 351 1998; x_wconf 85' lang='lat' dir='ltr'>Scholae</span> <span class='ocrx_word' id='word_1_134' title='bbox 375 1941 539 1997; x_wconf 87' lang='lat' dir='ltr'>constantia</span> <span class='ocrx_word' id='word_1_135' title='bbox 562 1941 818 1997; x_wconf 88' lang='lat' dir='ltr'>commemoranda</span> <span class='ocrx_word' id='word_1_136' title='bbox 845 1941 908 1998; x_wconf 84' lang='lat' dir='ltr'>sola</span> <span class='ocrx_word' id='word_1_137' title='bbox 935 1950 1007 2000; x_wconf 87' lang='lat' dir='ltr'>erat.</span> <span class='ocrx_word' id='word_1_138' title='bbox 1054 1941 1092 1999; x_wconf 86' lang='lat' dir='ltr'>Et</span> <span class='ocrx_word' id='word_1_139' title='bbox 1114 1943 1164 2016; x_wconf 91' lang='lat' dir='ltr'>qui</span> <span class='ocrx_word' id='word_1_140' title='bbox 1187 1951 1310 2018; x_wconf 86' lang='lat' dir='ltr'>poterat</span> 
     </span>
     <span class='ocr_line' id='line_1_17' title="bbox 224 2023 1307 2100; baseline 0 -16"><span class='ocrx_word' id='word_1_141' title='bbox 224 2023 329 2084; x_wconf 84' lang='lat' dir='ltr'>Cicero</span> <span class='ocrx_word' id='word_1_142' title='bbox 353 2025 425 2082; x_wconf 91' lang='lat' dir='ltr'>illud</span> <span class='ocrx_word' id='word_1_143' title='bbox 449 2026 538 2096; x_wconf 89' lang='lat' dir='ltr'>scire,</span> <span class='ocrx_word' id='word_1_144' title='bbox 568 2043 692 2099; x_wconf 88' lang='lat' dir='ltr'>quocum</span> <span class='ocrx_word' id='word_1_145' title='bbox 716 2027 885 2099; x_wconf 86' lang='lat' dir='ltr'>Torquatus</span> <span class='ocrx_word' id='word_1_146' title='bbox 913 2045 1072 2100; x_wconf 76' lang='lat' dir='ltr'>numquam</span> <span class='ocrx_word' id='word_1_147' title='bbox 1095 2037 1164 2083; x_wconf 91' lang='lat' dir='ltr'>ante</span> <span class='ocrx_word' id='word_1_148' title='bbox 1186 2027 1223 2084; x_wconf 90' lang='lat' dir='ltr'>de</span> <span class='ocrx_word' id='word_1_149' title='bbox 1245 2027 1307 2084; x_wconf 87' lang='lat' dir='ltr'>hae</span> 
     </span>
     <span class='ocr_line' id='line_1_18' title="bbox 223 2110 1309 2185; baseline 0.002 -18"><span class='ocrx_word' id='word_1_150' title='bbox 223 2130 255 2167; x_wconf 91' lang='lat' dir='ltr'>re</span> <span class='ocrx_word' id='word_1_151' title='bbox 279 2111 394 2167; x_wconf 91' lang='lat' dir='ltr'>locutus</span> <span class='ocrx_word' id='word_1_152' title='bbox 417 2121 495 2167; x_wconf 89' lang='lat' dir='ltr'>csset</span> <span class='ocrx_word' id='word_1_153' title='bbox 516 2113 543 2182; x_wconf 66' lang='grc' dir='ltr'>(ξ</span> <span class='ocrx_word' id='word_1_154' title='bbox 567 2111 635 2185; x_wconf 79' lang='lat'>14)?</span> <span class='ocrx_word' id='word_1_155' title='bbox 680 2111 768 2182; x_wconf 87' lang='lat' dir='ltr'>(Nam</span> <span class='ocrx_word' id='word_1_156' title='bbox 793 2112 871 2185; x_wconf 89' lang='lat' dir='ltr'>quod</span> <span class='ocrx_word' id='word_1_157' title='bbox 894 2110 986 2169; x_wconf 87' lang='lat' dir='ltr'>Gziue</span> <span class='ocrx_word' id='word_1_158' title='bbox 1009 2111 1046 2168; x_wconf 85' lang='lat' dir='ltr'>ad</span> <span class='ocrx_word' id='word_1_159' title='bbox 1069 2121 1096 2168; x_wconf 84' lang='lat' dir='ltr'>tu</span> <span class='ocrx_word' id='word_1_160' title='bbox 1119 2112 1215 2169; x_wconf 78' lang='lat' dir='ltr'>aridiri</span> <span class='ocrx_word' id='word_1_161' title='bbox 1237 2112 1309 2169; x_wconf 86' lang='lat' dir='ltr'>vult</span> 
     </span>
     <span class='ocr_line' id='line_1_19' title="bbox 224 2196 1306 2271; baseline 0.002 -19"><span class='ocrx_word' id='word_1_162' title='bbox 224 2198 395 2270; x_wconf 82' lang='lat' dir='ltr'>defenderes,</span> <span class='ocrx_word' id='word_1_163' title='bbox 426 2196 552 2271; x_wconf 86' lang='lat' dir='ltr'>primurn</span> <span class='ocrx_word' id='word_1_164' title='bbox 576 2215 633 2253; x_wconf 92' lang='lat' dir='ltr'>non</span> <span class='ocrx_word' id='word_1_165' title='bbox 657 2206 755 2271; x_wconf 83' lang='lat' dir='ltr'>potest</span> <span class='ocrx_word' id='word_1_166' title='bbox 777 2197 838 2252; x_wconf 93' lang='lat' dir='ltr'>ullo</span> <span class='ocrx_word' id='word_1_167' title='bbox 867 2196 953 2254; x_wconf 91' lang='lat' dir='ltr'>modo</span> <span class='ocrx_word' id='word_1_168' title='bbox 982 2197 1024 2253; x_wconf 86' lang='lat' dir='ltr'>sic</span> <span class='ocrx_word' id='word_1_169' title='bbox 1052 2197 1157 2254; x_wconf 88' lang='lat' dir='ltr'>mutari</span> <span class='ocrx_word' id='word_1_170' title='bbox 1185 2198 1306 2255; x_wconf 88' lang='lat' dir='ltr'>intelle·</span> 
     </span>
     <span class='ocr_line' id='line_1_20' title="bbox 223 2281 1305 2356; baseline 0.003 -19"><span class='ocrx_word' id='word_1_171' title='bbox 223 2282 319 2356; x_wconf 79' lang='lat' dir='ltr'>gendo</span> <span class='ocrx_word' id='word_1_172' title='bbox 343 2281 425 2337; x_wconf 85' lang='lat' dir='ltr'>verbi</span> <span class='ocrx_word' id='word_1_173' title='bbox 449 2281 551 2338; x_wconf 86' lang='lat' dir='ltr'>modus</span> <span class='ocrx_word' id='word_1_174' title='bbox 574 2281 604 2337; x_wconf 90' lang='lat' dir='ltr'>iu</span> <span class='ocrx_word' id='word_1_175' title='bbox 628 2300 704 2338; x_wconf 87' lang='lat' dir='ltr'>novo</span> <span class='ocrx_word' id='word_1_176' title='bbox 727 2281 860 2338; x_wconf 86' lang='lat' dir='ltr'>subiecto</span> <span class='ocrx_word' id='word_1_177' title='bbox 884 2301 935 2356; x_wconf 87' lang='lat' dir='ltr'>per</span> <span class='ocrx_word' id='word_1_178' title='bbox 958 2301 1042 2354; x_wconf 80' lang='lat' dir='ltr'>neque</span> <span class='ocrx_word' id='word_1_179' title='bbox 1063 2282 1210 2352; x_wconf 89' lang='lat' dir='ltr'>adiuncto,</span> <span class='ocrx_word' id='word_1_180' title='bbox 1233 2302 1305 2340; x_wconf 88' lang='lat' dir='ltr'>cnm</span> 
     </span>
     <span class='ocr_line' id='line_1_21' title="bbox 223 2366 1305 2441; baseline 0.002 -18"><span class='ocrx_word' id='word_1_181' title='bbox 223 2366 397 2440; x_wconf 89' lang='lat' dir='ltr'>praesertim</span> <span class='ocrx_word' id='word_1_182' title='bbox 421 2366 450 2422; x_wconf 96' lang='lat' dir='ltr'>in</span> <span class='ocrx_word' id='word_1_183' title='bbox 474 2370 619 2441; x_wconf 82' lang='lat' dir='ltr'>quisquam</span> <span class='ocrx_word' id='word_1_184' title='bbox 641 2367 780 2422; x_wconf 83' lang='lat' dir='ltr'>redeatur</span> <span class='ocrx_word' id='word_1_185' title='bbox 801 2366 839 2423; x_wconf 86' lang='lat' dir='ltr'>ad</span> <span class='ocrx_word' id='word_1_186' title='bbox 862 2369 997 2440; x_wconf 59' lang='lat' dir='ltr'>dey&#39;erulm</span> <span class='ocrx_word' id='word_1_187' title='bbox 1020 2367 1125 2424; x_wconf 92' lang='lat' dir='ltr'>deinde</span> <span class='ocrx_word' id='word_1_188' title='bbox 1148 2368 1236 2425; x_wconf 88' lang='lat' dir='ltr'>nimie</span> <span class='ocrx_word' id='word_1_189' title='bbox 1259 2368 1305 2425; x_wconf 93' lang='lat' dir='ltr'>le·</span> 
     </span>
     <span class='ocr_line' id='line_1_22' title="bbox 224 2451 1305 2526; baseline 0.002 -18"><span class='ocrx_word' id='word_1_190' title='bbox 224 2452 291 2526; x_wconf 91' lang='lat' dir='ltr'>pido</span> <span class='ocrx_word' id='word_1_191' title='bbox 315 2451 420 2509; x_wconf 87' lang='lat' dir='ltr'>Cicero</span> <span class='ocrx_word' id='word_1_192' title='bbox 443 2452 627 2525; x_wconf 85' lang='lat' dir='ltr'>Torquatum</span> <span class='ocrx_word' id='word_1_193' title='bbox 652 2452 804 2508; x_wconf 87' lang='lat' dir='ltr'>admonet.</span> <span class='ocrx_word' id='word_1_194' title='bbox 828 2471 865 2507; x_wconf 89' lang='lat' dir='ltr'>ne</span> <span class='ocrx_word' id='word_1_195' title='bbox 888 2452 917 2508; x_wconf 91' lang='lat' dir='ltr'>id</span> <span class='ocrx_word' id='word_1_196' title='bbox 946 2452 1038 2522; x_wconf 87' lang='lat' dir='ltr'>dicat,</span> <span class='ocrx_word' id='word_1_197' title='bbox 1062 2453 1140 2525; x_wconf 92' lang='lat' dir='ltr'>quod</span> <span class='ocrx_word' id='word_1_198' title='bbox 1168 2453 1305 2510; x_wconf 84' lang='lat' dir='ltr'>dicturus</span> 
     </span>
     <span class='ocr_line' id='line_1_23' title="bbox 224 2536 1308 2611; baseline 0.004 -20"><span class='ocrx_word' id='word_1_199' title='bbox 224 2556 281 2594; x_wconf 94' lang='lat' dir='ltr'>non</span> <span class='ocrx_word' id='word_1_200' title='bbox 305 2537 358 2593; x_wconf 87' lang='lat' dir='ltr'>sit:</span> <span class='ocrx_word' id='word_1_201' title='bbox 381 2555 413 2592; x_wconf 87' lang='lat' dir='ltr'>ue</span> <span class='ocrx_word' id='word_1_202' title='bbox 428 2538 546 2610; x_wconf 78' lang='lat' dir='ltr'>jeceris:</span> <span class='ocrx_word' id='word_1_203' title='bbox 569 2556 631 2591; x_wconf 83' lang='lat' dir='ltr'>num</span> <span class='ocrx_word' id='word_1_204' title='bbox 654 2556 705 2592; x_wconf 84' lang='lat' dir='ltr'>uon</span> <span class='ocrx_word' id='word_1_205' title='bbox 721 2538 852 2611; x_wconf 69' lang='lat' dir='ltr'>jaceres)</span> <span class='ocrx_word' id='word_1_206' title='bbox 898 2538 979 2594; x_wconf 90' lang='lat' dir='ltr'>Haec</span> <span class='ocrx_word' id='word_1_207' title='bbox 1001 2536 1186 2594; x_wconf 87' lang='lat' dir='ltr'>incommoda</span> <span class='ocrx_word' id='word_1_208' title='bbox 1208 2537 1308 2595; x_wconf 84' lang='lat' dir='ltr'>sensit</span> 
     </span>
     <span class='ocr_line' id='line_1_24' title="bbox 223 2621 1307 2697; baseline 0 -18"><span class='ocrx_word' id='word_1_209' title='bbox 223 2622 259 2680; x_wconf 91' lang='lat' dir='ltr'>P.</span> <span class='ocrx_word' id='word_1_210' title='bbox 290 2621 442 2678; x_wconf 86' lang='lat' dir='ltr'>Manutius</span> <span class='ocrx_word' id='word_1_211' title='bbox 469 2621 674 2694; x_wconf 80' lang='lat' dir='ltr'>intellexitque</span> <span class='ocrx_word' id='word_1_212' title='bbox 702 2622 779 2678; x_wconf 90' lang='lat' dir='ltr'>inter</span> <span class='ocrx_word' id='word_1_213' title='bbox 808 2622 927 2697; x_wconf 85' lang='lat' dir='ltr'>Epicuri</span> <span class='ocrx_word' id='word_1_214' title='bbox 956 2640 1061 2678; x_wconf 90' lang='lat' dir='ltr'>nomen</span> <span class='ocrx_word' id='word_1_215' title='bbox 1096 2633 1126 2679; x_wconf 88' lang='lat' dir='ltr'>et</span> <span class='ocrx_word' id='word_1_216' title='bbox 1154 2622 1219 2680; x_wconf 88' lang='lat' dir='ltr'>illa:</span> <span class='ocrx_word' id='word_1_217' title='bbox 1252 2632 1307 2679; x_wconf 83' lang='lat' dir='ltr'>out</span> 
     </span>
     <span class='ocr_line' id='line_1_25' title="bbox 224 2707 1306 2782; baseline 0.003 -20"><span class='ocrx_word' id='word_1_218' title='bbox 224 2710 367 2780; x_wconf 77' lang='lat' dir='ltr'>quisquae:</span> <span class='ocrx_word' id='word_1_219' title='bbox 397 2715 466 2780; x_wconf 88' lang='lat' dir='ltr'>apte</span> <span class='ocrx_word' id='word_1_220' title='bbox 488 2707 561 2762; x_wconf 90' lang='lat' dir='ltr'>nihil</span> <span class='ocrx_word' id='word_1_221' title='bbox 585 2707 664 2762; x_wconf 91' lang='lat' dir='ltr'>aliud</span> <span class='ocrx_word' id='word_1_222' title='bbox 688 2707 835 2781; x_wconf 89' lang='lat' dir='ltr'>interponi</span> <span class='ocrx_word' id='word_1_223' title='bbox 859 2725 945 2781; x_wconf 89' lang='lat' dir='ltr'>poeee</span> <span class='ocrx_word' id='word_1_224' title='bbox 968 2707 1023 2763; x_wconf 82' lang='lat' dir='ltr'>nisi</span> <span class='ocrx_word' id='word_1_225' title='bbox 1046 2709 1225 2782; x_wconf 86' lang='lat' dir='ltr'>praestantis</span> <span class='ocrx_word' id='word_1_226' title='bbox 1248 2708 1306 2765; x_wconf 89' lang='lat' dir='ltr'>ali·</span> 
     </span>
     <span class='ocr_line' id='line_1_26' title="bbox 224 2791 1304 2867; baseline 0.003 -20"><span class='ocrx_word' id='word_1_227' title='bbox 224 2792 307 2848; x_wconf 85' lang='lat' dir='ltr'>cuius</span> <span class='ocrx_word' id='word_1_228' title='bbox 336 2791 444 2847; x_wconf 85' lang='lat' dir='ltr'>veteris</span> <span class='ocrx_word' id='word_1_229' title='bbox 473 2791 611 2866; x_wconf 86' lang='lat' dir='ltr'>Epicurei</span> <span class='ocrx_word' id='word_1_230' title='bbox 641 2810 755 2848; x_wconf 87' lang='lat' dir='ltr'>nomen.</span> <span class='ocrx_word' id='word_1_231' title='bbox 812 2792 890 2867; x_wconf 85' lang='lat' dir='ltr'>Ergo</span> <span class='ocrx_word' id='word_1_232' title='bbox 919 2792 1000 2848; x_wconf 82' lang='lat' dir='ltr'>venit</span> <span class='ocrx_word' id='word_1_233' title='bbox 1033 2793 1059 2849; x_wconf 88' lang='lat' dir='ltr'>ei</span> <span class='ocrx_word' id='word_1_234' title='bbox 1093 2793 1123 2848; x_wconf 91' lang='lat' dir='ltr'>in</span> <span class='ocrx_word' id='word_1_235' title='bbox 1158 2803 1304 2850; x_wconf 81' lang='lat' dir='ltr'>mentem:</span> 
     </span>
     <span class='ocr_line' id='line_1_27' title="bbox 223 2876 1304 2951; baseline 0.004 -19"><span class='ocrx_word' id='word_1_236' title='bbox 223 2896 308 2950; x_wconf 82' lang='lat' dir='ltr'>neque</span> <span class='ocrx_word' id='word_1_237' title='bbox 331 2879 505 2932; x_wconf 62' lang='lat' dir='ltr'>rlletrodorua</span> <span class='ocrx_word' id='word_1_238' title='bbox 527 2887 575 2932; x_wconf 83' lang='lat' dir='ltr'>uut</span> <span class='ocrx_word' id='word_1_239' title='bbox 596 2880 749 2950; x_wconf 81' lang='lat' dir='ltr'>qrrr&#39;squom.</span> <span class='ocrx_word' id='word_1_240' title='bbox 773 2877 845 2934; x_wconf 86' lang='lat' dir='ltr'>ecite</span> <span class='ocrx_word' id='word_1_241' title='bbox 868 2876 980 2945; x_wconf 89' lang='lat' dir='ltr'>hercla;</span> <span class='ocrx_word' id='word_1_242' title='bbox 1006 2896 1101 2951; x_wconf 90' lang='lat' dir='ltr'>neque</span> <span class='ocrx_word' id='word_1_243' title='bbox 1124 2878 1199 2934; x_wconf 87' lang='lat' dir='ltr'>enim</span> <span class='ocrx_word' id='word_1_244' title='bbox 1223 2878 1304 2937; x_wconf 81' lang='lat' dir='ltr'>aliua</span> 
     </span>
     <span class='ocr_line' id='line_1_28' title="bbox 223 2961 1304 3038; baseline 0.003 -20"><span class='ocrx_word' id='word_1_245' title='bbox 223 2962 321 3037; x_wconf 88' lang='lat' dir='ltr'>aptior</span> <span class='ocrx_word' id='word_1_246' title='bbox 344 2961 411 3018; x_wconf 91' lang='lat' dir='ltr'>huic</span> <span class='ocrx_word' id='word_1_247' title='bbox 435 2962 498 3017; x_wconf 90' lang='lat' dir='ltr'>loco</span> <span class='ocrx_word' id='word_1_248' title='bbox 521 2980 608 3035; x_wconf 89' lang='lat' dir='ltr'>quam</span> <span class='ocrx_word' id='word_1_249' title='bbox 633 2962 753 3036; x_wconf 83' lang='lat' dir='ltr'>Epicuri</span> <span class='ocrx_word' id='word_1_250' title='bbox 782 2963 896 3038; x_wconf 87' lang='lat' dir='ltr'>collega</span> <span class='ocrx_word' id='word_1_251' title='bbox 918 2963 1081 3037; x_wconf 84' lang='lat' dir='ltr'>sapientiae</span> <span class='ocrx_word' id='word_1_252' title='bbox 1103 2963 1174 3034; x_wconf 86' lang='lat' dir='ltr'>(vid.</span> <span class='ocrx_word' id='word_1_253' title='bbox 1198 2963 1236 3020; x_wconf 87' lang='lat' dir='ltr'>ad</span> <span class='ocrx_word' id='word_1_254' title='bbox 1258 2964 1304 3033; x_wconf 89' lang='grc' dir='ltr'>ΙΙ,</span> 
     </span>
     <span class='ocr_line' id='line_1_29' title="bbox 225 3027 1304 3120; baseline 0.003 -16"><span class='ocrx_word' id='word_1_255' title='bbox 225 3050 265 3120; x_wconf 87' lang='grc'>7).</span> <span class='ocrx_word' id='word_1_256' title='bbox 297 3048 356 3104; x_wconf 83' lang='lat' dir='ltr'>Sed</span> <span class='ocrx_word' id='word_1_257' title='bbox 375 3046 438 3120; x_wconf 86' lang='lat' dir='ltr'>ipse</span> <span class='ocrx_word' id='word_1_258' title='bbox 456 3066 473 3103; x_wconf 94' lang='lat' dir='ltr'>a</span> <span class='ocrx_word' id='word_1_259' title='bbox 491 3047 574 3103; x_wconf 88' lang='lat' dir='ltr'>libris</span> <span class='ocrx_word' id='word_1_260' title='bbox 598 3047 713 3120; x_wconf 71' lang='lat' dir='ltr'>longius</span> <span class='ocrx_word' id='word_1_261' title='bbox 734 3046 791 3106; x_wconf 88' lang='lat' dir='ltr'>hoo</span> <span class='ocrx_word' id='word_1_262' title='bbox 808 3027 957 3104; x_wconf 83' lang='lat' dir='ltr'>discedere</span> <span class='ocrx_word' id='word_1_263' title='bbox 974 3049 1139 3118; x_wconf 86' lang='lat' dir='ltr'>confitetur,</span> <span class='ocrx_word' id='word_1_264' title='bbox 1162 3068 1181 3106; x_wconf 89' lang='lat' dir='ltr'>a</span> <span class='ocrx_word' id='word_1_265' title='bbox 1197 3049 1304 3106; x_wconf 90' lang='lat' dir='ltr'>melio·</span> 
     </span>
     <span class='ocr_line' id='line_1_30' title="bbox 223 3132 1301 3208; baseline 0.003 -20"><span class='ocrx_word' id='word_1_266' title='bbox 223 3132 305 3189; x_wconf 84' lang='lat' dir='ltr'>ribus</span> <span class='ocrx_word' id='word_1_267' title='bbox 328 3132 516 3207; x_wconf 66' lang='lat' dir='ltr'>praesertim</span> <span class='ocrx_word' id='word_1_268' title='bbox 539 3151 606 3188; x_wconf 88' lang='lat' dir='ltr'>nam</span> <span class='ocrx_word' id='word_1_269' title='bbox 630 3132 681 3189; x_wconf 94' lang='lat' dir='ltr'>illo</span> <span class='ocrx_word' id='word_1_270' title='bbox 704 3143 838 3208; x_wconf 87' lang='lat' dir='ltr'>spectare</span> <span class='ocrx_word' id='word_1_271' title='bbox 861 3133 954 3189; x_wconf 85' lang='lat' dir='ltr'>videri</span> <span class='ocrx_word' id='word_1_272' title='bbox 973 3133 1086 3207; x_wconf 82' lang='lat' dir='ltr'>possint</span> <span class='ocrx_word' id='word_1_273' title='bbox 1104 3133 1154 3189; x_wconf 89' lang='lat' dir='ltr'>illa</span> <span class='ocrx_word' id='word_1_274' title='bbox 1171 3135 1200 3191; x_wconf 89' lang='lat' dir='ltr'>in</span> <span class='ocrx_word' id='word_1_275' title='bbox 1219 3135 1301 3191; x_wconf 89' lang='lat' dir='ltr'>dete·</span> 
     </span>
     <span class='ocr_line' id='line_1_31' title="bbox 222 3217 1302 3291; baseline 0.002 -16"><span class='ocrx_word' id='word_1_276' title='bbox 222 3217 366 3275; x_wconf 87' lang='lat' dir='ltr'>rioribus:</span> <span class='ocrx_word' id='word_1_277' title='bbox 389 3237 473 3290; x_wconf 86' lang='lat' dir='ltr'>neque</span> <span class='ocrx_word' id='word_1_278' title='bbox 495 3237 556 3274; x_wconf 80' lang='lat' dir='ltr'>uero</span> <span class='ocrx_word' id='word_1_279' title='bbox 579 3221 640 3273; x_wconf 81' lang='lat' dir='ltr'>troii</span> <span class='ocrx_word' id='word_1_280' title='bbox 661 3218 760 3288; x_wconf 88' lang='lat' dir='ltr'>(etiam</span> <span class='ocrx_word' id='word_1_281' title='bbox 785 3219 813 3274; x_wconf 91' lang='lat' dir='ltr'>in</span> <span class='ocrx_word' id='word_1_282' title='bbox 838 3227 909 3274; x_wconf 89' lang='lat' dir='ltr'>vett.</span> <span class='ocrx_word' id='word_1_283' title='bbox 931 3218 1016 3275; x_wconf 86' lang='lat' dir='ltr'>libris</span> <span class='ocrx_word' id='word_1_284' title='bbox 1041 3218 1157 3288; x_wconf 50' lang='lat' dir='ltr'>ltamb„</span> <span class='ocrx_word' id='word_1_285' title='bbox 1181 3220 1245 3277; x_wconf 84' lang='lat' dir='ltr'>Pal.</span> <span class='ocrx_word' id='word_1_286' title='bbox 1270 3222 1302 3291; x_wconf 86' lang='lat'>4,</span> 
     </span>
     <span class='ocr_line' id='line_1_32' title="bbox 224 3301 1302 3378; baseline 0.001 -17"><span class='ocrx_word' id='word_1_287' title='bbox 224 3301 303 3361; x_wconf 84' lang='lat' dir='ltr'>Oxx.</span> <span class='ocrx_word' id='word_1_288' title='bbox 328 3303 388 3377; x_wconf 74' lang='grc' dir='ltr'>[Ιχς</span> <span class='ocrx_word' id='word_1_289' title='bbox 417 3302 511 3360; x_wconf 77' lang='lat' dir='ltr'>Gaius</span> <span class='ocrx_word' id='word_1_290' title='bbox 535 3302 639 3378; x_wconf 87' lang='lat' dir='ltr'>partim</span> <span class='ocrx_word' id='word_1_291' title='bbox 665 3304 735 3372; x_wconf 92' lang='lat' dir='ltr'>hoo,</span> <span class='ocrx_word' id='word_1_292' title='bbox 764 3304 870 3378; x_wconf 83' lang='lat' dir='ltr'>partim</span> <span class='ocrx_word' id='word_1_293' title='bbox 899 3323 983 3377; x_wconf 85' lang='lat' dir='ltr'>neque</span> <span class='ocrx_word' id='word_1_294' title='bbox 1009 3323 1071 3359; x_wconf 81' lang='lat' dir='ltr'>uero</span> <span class='ocrx_word' id='word_1_295' title='bbox 1093 3307 1155 3360; x_wconf 74' lang='lat' dir='ltr'>torui</span> <span class='ocrx_word' id='word_1_296' title='bbox 1181 3304 1208 3361; x_wconf 92' lang='lat' dir='ltr'>in</span> <span class='ocrx_word' id='word_1_297' title='bbox 1238 3305 1302 3362; x_wconf 86' lang='lat' dir='ltr'>suis</span> 
     </span>
     <span class='ocr_line' id='line_1_33' title="bbox 225 3387 1303 3463; baseline 0.002 -19"><span class='ocrx_word' id='word_1_298' title='bbox 225 3395 343 3463; x_wconf 91' lang='lat' dir='ltr'>praeter</span> <span class='ocrx_word' id='word_1_299' title='bbox 366 3387 427 3444; x_wconf 83' lang='lat' dir='ltr'>Erl.</span> <span class='ocrx_word' id='word_1_300' title='bbox 453 3396 483 3444; x_wconf 82' lang='lat' dir='ltr'>et</span> <span class='ocrx_word' id='word_1_301' title='bbox 505 3388 556 3463; x_wconf 86' lang='lat' dir='ltr'>Sp.</span> <span class='ocrx_word' id='word_1_302' title='bbox 579 3407 643 3444; x_wconf 82' lang='lat' dir='ltr'>esse</span> <span class='ocrx_word' id='word_1_303' title='bbox 666 3388 751 3457; x_wconf 63' lang='lat' dir='ltr'>dictu</span> <span class='ocrx_word' id='word_1_304' title='bbox 775 3388 839 3447; x_wconf 84' lang='lat' dir='ltr'>cod.</span> <span class='ocrx_word' id='word_1_305' title='bbox 863 3388 942 3446; x_wconf 88' lang='lat' dir='ltr'>Vict.</span> <span class='ocrx_word' id='word_1_306' title='bbox 965 3408 1049 3462; x_wconf 82' lang='lat' dir='ltr'>neque</span> <span class='ocrx_word' id='word_1_307' title='bbox 1071 3409 1132 3446; x_wconf 86' lang='lat' dir='ltr'>vero</span> <span class='ocrx_word' id='word_1_308' title='bbox 1153 3392 1231 3446; x_wconf 86' lang='lat' dir='ltr'>modo</span> <span class='ocrx_word' id='word_1_309' title='bbox 1251 3399 1303 3447; x_wconf 85' lang='lat' dir='ltr'>out</span> 
     </span>
     <span class='ocr_line' id='line_1_34' title="bbox 222 3472 1301 3548; baseline 0.003 -20"><span class='ocrx_word' id='word_1_310' title='bbox 222 3477 290 3547; x_wconf 81' lang='lat' dir='ltr'>qu).</span> <span class='ocrx_word' id='word_1_311' title='bbox 337 3472 394 3543; x_wconf 80' lang='lat' dir='ltr'>Sed</span> <span class='ocrx_word' id='word_1_312' title='bbox 423 3491 477 3528; x_wconf 88' lang='lat' dir='ltr'>neo</span> <span class='ocrx_word' id='word_1_313' title='bbox 506 3472 579 3529; x_wconf 88' lang='lat' dir='ltr'>haec</span> <span class='ocrx_word' id='word_1_314' title='bbox 602 3474 736 3547; x_wconf 86' lang='lat' dir='ltr'>proxime</span> <span class='ocrx_word' id='word_1_315' title='bbox 759 3474 901 3530; x_wconf 87' lang='lat' dir='ltr'>accedunt</span> <span class='ocrx_word' id='word_1_316' title='bbox 929 3483 958 3529; x_wconf 88' lang='lat' dir='ltr'>et</span> <span class='ocrx_word' id='word_1_317' title='bbox 985 3473 1233 3548; x_wconf 85' lang='lat' dir='ltr'>periculosissime</span> <span class='ocrx_word' id='word_1_318' title='bbox 1261 3492 1301 3531; x_wconf 88' lang='lat' dir='ltr'>ex</span> 
     </span>
     <span class='ocr_line' id='line_1_35' title="bbox 221 3557 1301 3634; baseline 0.004 -21"><span class='ocrx_word' id='word_1_319' title='bbox 221 3557 268 3614; x_wconf 85' lang='lat' dir='ltr'>his</span> <span class='ocrx_word' id='word_1_320' title='bbox 291 3557 373 3615; x_wconf 89' lang='lat' dir='ltr'>codd.</span> <span class='ocrx_word' id='word_1_321' title='bbox 399 3558 585 3615; x_wconf 86' lang='lat' dir='ltr'>coniecturae</span> <span class='ocrx_word' id='word_1_322' title='bbox 608 3558 782 3622; x_wconf 79' lang='lat' dir='ltr'>ducuntur..</span> <span class='ocrx_word' id='word_1_323' title='bbox 798 3559 968 3634; x_wconf 88' lang='lat' dir='ltr'>praesertim</span> <span class='ocrx_word' id='word_1_324' title='bbox 998 3577 1034 3614; x_wconf 89' lang='lat' dir='ltr'>ne</span> <span class='ocrx_word' id='word_1_325' title='bbox 1063 3559 1301 3634; x_wconf 76' lang='lat' dir='ltr'>conspirantibus</span> 
     </span>
     <span class='ocr_line' id='line_1_36' title="bbox 222 3639 1301 3718; baseline 0.003 -20"><span class='ocrx_word' id='word_1_326' title='bbox 222 3642 359 3716; x_wconf 77' lang='lat' dir='ltr'>quidem3</span> <span class='ocrx_word' id='word_1_327' title='bbox 382 3661 448 3698; x_wconf 89' lang='lat' dir='ltr'>nam</span> <span class='ocrx_word' id='word_1_328' title='bbox 473 3643 503 3699; x_wconf 90' lang='lat' dir='ltr'>in</span> <span class='ocrx_word' id='word_1_329' title='bbox 527 3643 593 3709; x_wconf 88' lang='lat' dir='ltr'>LM,</span> <span class='ocrx_word' id='word_1_330' title='bbox 617 3643 696 3701; x_wconf 83' lang='lat' dir='ltr'><strong>Oxx.</strong></span> <span class='ocrx_word' id='word_1_331' title='bbox 719 3645 821 3700; x_wconf 88' lang='lat' dir='ltr'>saltem</span> <span class='ocrx_word' id='word_1_332' title='bbox 848 3639 889 3712; x_wconf 84' lang='grc' dir='ltr'>Εξ</span> <span class='ocrx_word' id='word_1_333' title='bbox 912 3643 984 3699; x_wconf 92' lang='lat' dir='ltr'>nihil</span> <span class='ocrx_word' id='word_1_334' title='bbox 1008 3644 1075 3700; x_wconf 91' lang='lat' dir='ltr'>tale.</span> <span class='ocrx_word' id='word_1_335' title='bbox 1121 3644 1216 3718; x_wconf 82' lang='lat' dir='ltr'>Neque</span> <span class='ocrx_word' id='word_1_336' title='bbox 1237 3664 1301 3702; x_wconf 82' lang='lat' dir='ltr'>vero</span> 
     </span>
     <span class='ocr_line' id='line_1_37' title="bbox 222 3728 1299 3805; baseline 0.003 -21"><span class='ocrx_word' id='word_1_337' title='bbox 222 3728 318 3784; x_wconf 87' lang='lat' dir='ltr'>rarius</span> <span class='ocrx_word' id='word_1_338' title='bbox 347 3728 466 3802; x_wconf 90' lang='lat' dir='ltr'>ponitur</span> <span class='ocrx_word' id='word_1_339' title='bbox 493 3728 522 3784; x_wconf 91' lang='lat' dir='ltr'>in</span> <span class='ocrx_word' id='word_1_340' title='bbox 552 3747 629 3785; x_wconf 86' lang='lat' dir='ltr'>novo</span> <span class='ocrx_word' id='word_1_341' title='bbox 657 3730 842 3786; x_wconf 85' lang='lat' dir='ltr'>substantivo</span> <span class='ocrx_word' id='word_1_342' title='bbox 872 3729 965 3785; x_wconf 89' lang='lat' dir='ltr'>eidem</span> <span class='ocrx_word' id='word_1_343' title='bbox 990 3729 1080 3786; x_wconf 89' lang='lat' dir='ltr'>verbo</span> <span class='ocrx_word' id='word_1_344' title='bbox 1103 3729 1299 3805; x_wconf 81' lang='lat' dir='ltr'>adiungendo,</span> 
     </span>
     <span class='ocr_line' id='line_1_38' title="bbox 222 3813 1300 3888; baseline 0.003 -19"><span class='ocrx_word' id='word_1_345' title='bbox 222 3814 279 3870; x_wconf 90' lang='lat' dir='ltr'>nisi</span> <span class='ocrx_word' id='word_1_346' title='bbox 302 3814 331 3871; x_wconf 95' lang='lat' dir='ltr'>in</span> <span class='ocrx_word' id='word_1_347' title='bbox 356 3813 536 3870; x_wconf 87' lang='lat' dir='ltr'>diiunctione</span> <span class='ocrx_word' id='word_1_348' title='bbox 560 3814 697 3888; x_wconf 85' lang='lat' dir='ltr'>negativa</span> <span class='ocrx_word' id='word_1_349' title='bbox 709 3815 805 3888; x_wconf 80' lang='lat' dir='ltr'>(neque</span> <span class='ocrx_word' id='word_1_350' title='bbox 819 3847 853 3856; x_wconf 89' lang='lat'><em>-</em></span> <span class='ocrx_word' id='word_1_351' title='bbox 875 3834 959 3888; x_wconf 80' lang='lat' dir='ltr'>neque</span> <span class='ocrx_word' id='word_1_352' title='bbox 975 3834 1045 3874; x_wconf 79' lang='lat' dir='ltr'>vero.</span> <span class='ocrx_word' id='word_1_353' title='bbox 1069 3815 1104 3870; x_wconf 90' lang='lat' dir='ltr'>de</span> <span class='ocrx_word' id='word_1_354' title='bbox 1127 3834 1186 3888; x_wconf 88' lang='lat' dir='ltr'>qna</span> <span class='ocrx_word' id='word_1_355' title='bbox 1202 3814 1300 3872; x_wconf 84' lang='lat' dir='ltr'>forma</span> 
     </span>
     <span class='ocr_line' id='line_1_39' title="bbox 221 3898 1299 3976; baseline 0.002 -21"><span class='ocrx_word' id='word_1_356' title='bbox 221 3899 281 3956; x_wconf 78' lang='lat' dir='ltr'>vid,</span> <span class='ocrx_word' id='word_1_357' title='bbox 307 3898 416 3974; x_wconf 80' lang='lat' dir='ltr'>Opusc.</span> <span class='ocrx_word' id='word_1_358' title='bbox 442 3899 536 3956; x_wconf 86' lang='lat' dir='ltr'>Acad.</span> <span class='ocrx_word' id='word_1_359' title='bbox 561 3900 576 3955; x_wconf 97' lang='lat' dir='ltr'>I</span> <span class='ocrx_word' id='word_1_360' title='bbox 600 3918 627 3973; x_wconf 93' lang='lat' dir='ltr'>p.</span> <span class='ocrx_word' id='word_1_361' title='bbox 647 3901 734 3972; x_wconf 83' lang='lat'>406);</span> <span class='ocrx_word' id='word_1_362' title='bbox 761 3899 834 3956; x_wconf 90' lang='lat' dir='ltr'>alibi</span> <span class='ocrx_word' id='word_1_363' title='bbox 863 3898 924 3956; x_wconf 86' lang='lat' dir='ltr'>fere</span> <span class='ocrx_word' id='word_1_364' title='bbox 947 3909 1071 3974; x_wconf 84' lang='lat' dir='ltr'>augetur</span> <span class='ocrx_word' id='word_1_365' title='bbox 1093 3919 1140 3955; x_wconf 87' lang='lat' dir='ltr'>res</span> <span class='ocrx_word' id='word_1_366' title='bbox 1163 3900 1299 3976; x_wconf 82' lang='lat' dir='ltr'>negando</span> 
     </span>
     <span class='ocr_line' id='line_1_40' title="bbox 222 3984 1297 4058; baseline 0.003 -19"><span class='ocrx_word' id='word_1_367' title='bbox 222 3986 291 4058; x_wconf 84' lang='lat' dir='ltr'>(und</span> <span class='ocrx_word' id='word_1_368' title='bbox 313 4005 388 4040; x_wconf 77' lang='lat' dir='ltr'>error·</span> <span class='ocrx_word' id='word_1_369' title='bbox 410 3986 507 4055; x_wconf 80' lang='lat' dir='ltr'>ru&#39;clrt),</span> <span class='ocrx_word' id='word_1_370' title='bbox 532 3994 564 4040; x_wconf 89' lang='lat' dir='ltr'>ut</span> <span class='ocrx_word' id='word_1_371' title='bbox 587 3984 617 4038; x_wconf 91' lang='lat' dir='ltr'>in</span> <span class='ocrx_word' id='word_1_372' title='bbox 640 3985 728 4043; x_wconf 88' lang='lat' dir='ltr'>Tuso.</span> <span class='ocrx_word' id='word_1_373' title='bbox 754 3986 812 4054; x_wconf 90' lang='lat'>111,</span> <span class='ocrx_word' id='word_1_374' title='bbox 837 3985 886 4050; x_wconf 74' lang='lat'>24,</span> <span class='ocrx_word' id='word_1_375' title='bbox 910 3985 958 4040; x_wconf 89' lang='lat' dir='ltr'>hic</span> <span class='ocrx_word' id='word_1_376' title='bbox 981 3986 1022 4053; x_wconf 88' lang='grc' dir='ltr'>ΙΙ,</span> <span class='ocrx_word' id='word_1_377' title='bbox 1047 3985 1087 4041; x_wconf 79' lang='lat'>54</span> <span class='ocrx_word' id='word_1_378' title='bbox 1110 3996 1140 4041; x_wconf 88' lang='lat' dir='ltr'>et</span> <span class='ocrx_word' id='word_1_379' title='bbox 1163 3986 1218 4054; x_wconf 83' lang='lat'>93,</span> <span class='ocrx_word' id='word_1_380' title='bbox 1241 3985 1297 4055; x_wconf 88' lang='lat' dir='ltr'>IV,</span> 
     </span>
     <span class='ocr_line' id='line_1_41' title="bbox 226 4069 1299 4137; baseline 0.001 -11"><span class='ocrx_word' id='word_1_381' title='bbox 226 4073 279 4135; x_wconf 88' lang='lat' dir='ltr'>ll,</span> <span class='ocrx_word' id='word_1_382' title='bbox 310 4071 347 4137; x_wconf 93' lang='lat' dir='ltr'>V,</span> <span class='ocrx_word' id='word_1_383' title='bbox 373 4071 427 4137; x_wconf 74' lang='lat'>29,</span> <span class='ocrx_word' id='word_1_384' title='bbox 456 4079 508 4125; x_wconf 92' lang='lat' dir='ltr'>aut</span> <span class='ocrx_word' id='word_1_385' title='bbox 536 4088 613 4126; x_wconf 87' lang='lat' dir='ltr'>nova</span> <span class='ocrx_word' id='word_1_386' title='bbox 640 4071 786 4127; x_wconf 87' lang='lat' dir='ltr'>sententia</span> <span class='ocrx_word' id='word_1_387' title='bbox 816 4069 858 4126; x_wconf 85' lang='lat' dir='ltr'>sie</span> <span class='ocrx_word' id='word_1_388' title='bbox 886 4071 1061 4126; x_wconf 87' lang='lat' dir='ltr'>annectitur.</span> <span class='ocrx_word' id='word_1_389' title='bbox 1112 4069 1171 4128; x_wconf 85' lang='lat' dir='ltr'>Sed</span> <span class='ocrx_word' id='word_1_390' title='bbox 1199 4080 1299 4127; x_wconf 90' lang='lat' dir='ltr'>tamen</span> 
     </span>
     <span class='ocr_line' id='line_1_42' title="bbox 221 4155 1298 4229; baseline 0.002 -18"><span class='ocrx_word' id='word_1_391' title='bbox 221 4155 323 4211; x_wconf 89' lang='lat' dir='ltr'>eodem</span> <span class='ocrx_word' id='word_1_392' title='bbox 354 4155 439 4210; x_wconf 84' lang='lat' dir='ltr'>ruodo</span> <span class='ocrx_word' id='word_1_393' title='bbox 468 4155 586 4229; x_wconf 87' lang='lat' dir='ltr'>ponitur</span> <span class='ocrx_word' id='word_1_394' title='bbox 609 4155 656 4210; x_wconf 91' lang='lat' dir='ltr'>hic</span> <span class='ocrx_word' id='word_1_395' title='bbox 680 4157 710 4223; x_wconf 96' lang='grc' dir='ltr'>Ι,</span> <span class='ocrx_word' id='word_1_396' title='bbox 735 4158 772 4213; x_wconf 82' lang='grc'>67</span> <span class='ocrx_word' id='word_1_397' title='bbox 797 4156 838 4228; x_wconf 91' lang='lat' dir='ltr'>(iu</span> <span class='ocrx_word' id='word_1_398' title='bbox 863 4155 1020 4227; x_wconf 84' lang='lat' dir='ltr'>infinitivo)</span> <span class='ocrx_word' id='word_1_399' title='bbox 1043 4156 1109 4212; x_wconf 87' lang='lat' dir='ltr'>etl</span> <span class='ocrx_word' id='word_1_400' title='bbox 1132 4156 1170 4212; x_wconf 86' lang='lat' dir='ltr'>N.</span> <span class='ocrx_word' id='word_1_401' title='bbox 1193 4156 1232 4214; x_wconf 86' lang='lat' dir='ltr'>D.</span> <span class='ocrx_word' id='word_1_402' title='bbox 1260 4157 1298 4213; x_wconf 86' lang='lat'>18</span> 
     </span>
     <span class='ocr_line' id='line_1_43' title="bbox 221 4241 1298 4315; baseline 0.003 -20"><span class='ocrx_word' id='word_1_403' title='bbox 221 4241 284 4311; x_wconf 84' lang='lat' dir='ltr'>(uon</span> <span class='ocrx_word' id='word_1_404' title='bbox 307 4243 424 4315; x_wconf 56' lang='lat' dir='ltr'>operirem</span> <span class='ocrx_word' id='word_1_405' title='bbox 447 4242 695 4314; x_wconf 58' lang='lat' dir='ltr'>ucrlrjticutoreruque</span> <span class='ocrx_word' id='word_1_406' title='bbox 717 4245 811 4297; x_wconf 82' lang='lat' dir='ltr'>uuuulr&#39;</span> <span class='ocrx_word' id='word_1_407' title='bbox 827 4242 950 4296; x_wconf 79' lang='lat' dir='ltr'>Plutonia</span> <span class='ocrx_word' id='word_1_408' title='bbox 973 4243 1006 4297; x_wconf 74' lang='lat' dir='ltr'>tle</span> <span class='ocrx_word' id='word_1_409' title='bbox 1029 4241 1135 4297; x_wconf 80' lang='lat' dir='ltr'>Timaeo</span> <span class='ocrx_word' id='word_1_410' title='bbox 1153 4242 1232 4298; x_wconf 73' lang='lat' dir='ltr'>eleum</span> <span class='ocrx_word' id='word_1_411' title='bbox 1251 4260 1298 4299; x_wconf 86' lang='lat' dir='ltr'>neo</span> 
     </span>
     <span class='ocr_line' id='line_1_44' title="bbox 220 4314 1299 4401; baseline 0.004 -22"><span class='ocrx_word' id='word_1_412' title='bbox 220 4345 301 4380; x_wconf 77' lang='lat' dir='ltr'>‹rurrur</span> <span class='ocrx_word' id='word_1_413' title='bbox 319 4328 474 4399; x_wconf 76' lang='lat' dir='ltr'>Jirtr&#39;de&#39;cunr.</span> <span class='ocrx_word' id='word_1_414' title='bbox 500 4329 648 4381; x_wconf 74' lang='lat' dir='ltr'>Stoicorum</span> <span class='ocrx_word' id='word_1_415' title='bbox 665 4314 857 4401; x_wconf 73' lang='grc' dir='ltr'><strong><em>πρόνοιαν-</em></strong></span> <span class='ocrx_word' id='word_1_416' title='bbox 873 4345 957 4399; x_wconf 83' lang='lat' dir='ltr'>neque</span> <span class='ocrx_word' id='word_1_417' title='bbox 979 4345 1039 4381; x_wconf 86' lang='lat' dir='ltr'>vero</span> <span class='ocrx_word' id='word_1_418' title='bbox 1062 4327 1189 4382; x_wconf 83' lang='lat' dir='ltr'>ruurulum</span> <span class='ocrx_word' id='word_1_419' title='bbox 1210 4330 1299 4401; x_wconf 72' lang='lat' dir='ltr'>aprum</span> 
     </span>
     <span class='ocr_line' id='line_1_45' title="bbox 222 4406 1298 4490; baseline 0.003 -25"><span class='ocrx_word' id='word_1_420' title='bbox 222 4413 310 4466; x_wconf 81' lang='lat' dir='ltr'>animo</span> <span class='ocrx_word' id='word_1_421' title='bbox 341 4422 365 4466; x_wconf 85' lang='lat' dir='ltr'>ct</span> <span class='ocrx_word' id='word_1_422' title='bbox 392 4412 513 4467; x_wconf 70' lang='lat' dir='ltr'>ueteribus</span> <span class='ocrx_word' id='word_1_423' title='bbox 531 4413 699 4485; x_wconf 73' lang='lat' dir='ltr'>praeditatur)</span> <span class='ocrx_word' id='word_1_424' title='bbox 722 4422 751 4467; x_wconf 91' lang='lat' dir='ltr'>et</span> <span class='ocrx_word' id='word_1_425' title='bbox 774 4410 855 4469; x_wconf 86' lang='lat' dir='ltr'>Orat.</span> <span class='ocrx_word' id='word_1_426' title='bbox 870 4412 918 4468; x_wconf 87' lang='grc'>71.</span> <span class='ocrx_word' id='word_1_427' title='bbox 964 4406 1066 4490; x_wconf 83' lang='lat' dir='ltr'>[Nunc</span> <span class='ocrx_word' id='word_1_428' title='bbox 1088 4429 1153 4467; x_wconf 84' lang='lat' dir='ltr'>cunr</span> <span class='ocrx_word' id='word_1_429' title='bbox 1179 4411 1298 4468; x_wconf 84' lang='lat' dir='ltr'>Baitero</span> 
     </span>
    </p>
   </div>
   <div class='ocr_carea' id='block_1_5' title="bbox 0 0 1520 5086">
    <p class='ocr_par' dir='ltr' id='par_1_5' title="bbox 0 0 1520 5086">
     <span class='ocr_line' id='line_1_46' title="bbox 0 0 1520 5086; baseline 0 2"><span class='ocrx_word' id='word_1_430' title='bbox 0 0 1520 5086; x_wconf 95' lang='lat' dir='ltr'> </span> 
     </span>
    </p>
   </div>
  </div>
 </body>
</html>
