3030 5086
475 471 518 516 nr
543 469 623 516 nan.
646 469 710 515 nra.
732 470 768 515 111
791 469 864 517 cae.
884 473 907 517 a.
922 472 1055 534 (so-st.)
1240 451 1304 520 395

224 658 378 704 summum
406 657 518 703 munus
546 656 616 703 esse
643 636 794 718 sapientis
823 637 976 703 obsistere
998 637 1073 703 visis
1095 656 1305 720 assensusque

224 759 298 805 suos
320 738 408 805 firme
431 740 594 805 sustinere.
630 740 688 804 His
708 739 837 822 singulis
859 739 986 820 copiose
1007 740 1192 820 responderi
1214 741 1303 820 solet,

224 843 281 907 sed
298 861 379 923 quae
396 842 563 923 perspicua
579 848 661 912 sunt,
678 841 772 921 longa
788 859 858 907 esse
875 859 936 905 non
948 841 1070 907 debent
1104 842 1187 922 Quid
1198 848 1304 909 autem

222 945 363 1025 apertius
386 963 489 1026 quam,
512 944 538 1008 si
555 942 681 1008 selectio
705 943 790 1007 nulla
812 942 853 1007 sit
875 943 914 1008 ab
936 943 974 1007 iis
997 944 1101 1023 rebus,
1122 962 1205 1025 quae
1229 963 1303 1009 oon·

223 1053 273 1109 tra
296 1052 440 1110 naturam
462 1045 533 1124 sint
556 1063 663 1110 earum
687 1064 805 1125 rerum,
829 1063 911 1127 quae
933 1044 996 1108 sint
1018 1046 1188 1109 secundum
1211 1046 1342 1115 natu-5

222 1166 300 1226 ram,
322 1147 343 1229 †
362 1147 489 1213 tollatur
511 1147 611 1210 omnis
631 1164 677 1225 ea,
701 1165 781 1228 quae
799 1153 970 1228 quaeratur
987 1145 1202 1228 laudeturque,
1225 1166 1302 1227 pru·

295 1373 315 1415 1.
335 1367 392 1416 utera
411 1367 491 1416 omli
510 1365 613 1416 iusisc
632 1367 723 1416 rabuli
759 1373 781 1418 4.
801 1367 857 1430 quin
874 1366 934 1416 st?
969 1366 1005 1416 tie
1020 1366 1064 1417 LO
1100 1372 1123 1416 5.
1141 1375 1196 1416 runt
1211 1365 1302 1433 (bIs)Ia

222 1434 280 1496 erut,
304 1443 427 1485 uteorum
446 1435 490 1486 Or.
510 1450 567 1484 eum
586 1444 647 1484 note
664 1436 748 1485 mendi
802 1440 824 1486 6.
846 1436 907 1485 Post
923 1434 1024 1485 tollatur
1040 1437 1100 1488 add.
1118 1435 1209 1484 demum
1227 1435 1303 1487 MCR

224 1503 346 1567 quoen'tur
364 1504 439 1555 MCR
474 1503 634 1567 laudaturque
653 1503 674 1553 C
1272 1537 1277 1547 ·

222 1693 397 1769 scripturam
422 1693 626 1751 statuerimus:
649 1702 857 1768 anteponerem,
880 1696 1003 1768 etqui,
1026 1703 1056 1750 ut
1077 1694 1190 1768 quidum
1212 1693 1301 1751 Acad.

221 1789 304 1836 coust.
316 1781 452 1850 dicuntur,
469 1788 615 1836 extremum
627 1787 683 1837 eet.
719 1777 815 1851 Quem
833 1776 920 1835 facile
933 1790 958 1835 et
974 1781 1024 1852 qui
1038 1787 1148 1835 anteat
1165 1779 1301 1854 quddam)

222 1864 357 1921 excidere
388 1863 532 1939 potuerim
562 1873 696 1939 apparet.
747 1864 849 1937 Atque
877 1863 999 1920 eandem
1029 1863 1166 1921 omnibus
1193 1863 1301 1920 litteris

222 1949 420 2006 coniecturam
444 1948 546 2007 iecisse
570 1948 606 2007 Ο.
621 1948 760 2006 Heinium
779 1948 809 2004 in
821 1948 931 2006 Annei.
944 1948 1051 2006 Philol.
1064 1947 1172 2008 XCIII
1182 1968 1212 2024 p.
1229 1948 1300 2020 252,

222 2033 283 2091 vidi
317 2053 383 2091 cum
416 2035 489 2092 haec
522 2033 580 2090 iam
611 2029 812 2112 scripseram]
863 2031 924 2114 [Ita
952 2053 1029 2091 nune
1061 2035 1141 2091 1874
1170 2029 1300 2114 scripsi]

222 2120 293 2177 Mox
318 2120 393 2178 Dav.
418 2138 456 2176 ex
480 2119 525 2176 El.
553 2121 565 2175 1
591 2129 622 2176 et
644 2118 740 2176 Meed.
756 2120 882 2193 firmiter.

312 2204 489 2272 (initiantem
506 2207 626 2279 apertius
644 2224 735 2279 quom,
753 2207 779 2260 ai
796 2235 834 2246 —
852 2214 986 2274 oraturum,
1004 2203 1127 2279 tollatur)
1146 2202 1300 2263 Sententia

222 2288 543 2358 manifestissimum,
573 2290 597 2346 si
621 2308 667 2347 res
690 2307 758 2359 eae,
787 2307 862 2362 quae
890 2289 950 2345 sint
971 2289 1130 2346 secundum
1154 2300 1298 2358 naturam,

221 2392 279 2432 non
303 2375 465 2450 seligantur
488 2394 506 2431 a
522 2374 678 2432 contrariis
701 2383 730 2431 et
747 2384 909 2442 sumantur,
933 2373 997 2430 tolli
1015 2392 1130 2431 omnem
1150 2374 1298 2443 virtutem,

223 2460 349 2516 maxime
370 2451 423 2535 τὴν
446 2447 597 2533 φρόνησιν,
620 2477 696 2533 quae
718 2459 748 2515 in
771 2460 828 2519 hoc
850 2460 914 2534 ipso
934 2459 1043 2515 dilectu
1061 2468 1203 2516 versetur.
1239 2457 1299 2518 Sed

220 2562 278 2601 non
303 2545 399 2602 minus
422 2543 610 2600 manifestum
630 2554 691 2614 est,·
708 2543 870 2601 orationem
894 2563 953 2600 non
972 2543 1139 2610 cohaerere
1163 2562 1239 2617 quae
1256 2542 1299 2600 sio

220 2629 385 2687 continuari
404 2629 544 2686 debebat:
563 2648 646 2702 quom
658 2662 698 2673 -
717 2630 774 2686 tolli
789 2649 889 2686 omnem
905 2649 964 2687 eum
976 2636 1032 2686 eet.
1067 2630 1172 2702 Itaque
1189 2627 1298 2703 partim

220 2715 410 2772 excusatione
427 2723 550 2771 utuntur
567 2714 745 2780 anacoluthi,
764 2733 839 2790 quae
857 2715 886 2770 in
905 2714 959 2771 hoc
977 2713 1164 2789 apertissimo
1187 2723 1218 2771 et
1235 2731 1298 2771 rec·

220 2799 334 2857 tissime
352 2817 509 2876 progressu
523 2800 674 2867 orationis,
692 2799 774 2857 nulla
791 2819 822 2856 re
839 2799 1023 2875 interposita,
1041 2818 1117 2873 quae
1133 2798 1297 2856 orationem

219 2893 343 2954 avertat,
368 2884 486 2942 minime
509 2883 671 2959 probabilis
695 2894 748 2955 est,
772 2884 879 2960 partim
899 2883 1095 2953 correctione3
1118 2902 1185 2940 nam
1204 2882 1297 2940 Davi-

219 2969 280 3027 sius
303 2969 393 3027 scribi
415 2969 492 3027 vult:
523 2975 644 3044 apertius
666 2990 748 3044 quarn
770 2972 844 3044 quod
867 3002 906 3014 —
930 2971 1053 3039 tollatur,
1081 2968 1252 3044 longissime
1279 2986 1298 3025 a
1386 2989 1387 2993 ¹

219 3055 362 3112 sermonis
375 3055 474 3112 Latini
494 3055 580 3111 huius
603 3055 709 3112 aetatis
727 3074 781 3112 usu
799 3054 966 3122 discedens;
991 3054 1063 3124 (vid.
1078 3054 1187 3129 Opusc.
1200 3051 1296 3110 'scau

220 3140 251 3196 lI
273 3159 302 3215 p.
319 3140 407 3212 232);
431 3139 524 3198 Gzius
547 3150 660 3211 autem,
688 3159 754 3197 cum
778 3151 806 3196 ut
828 3140 896 3196 addi
920 3139 1023 3207 vellet,
1052 3140 1108 3196 hoc
1131 3138 1297 3210 incredibili

219 3243 318 3281 errore
341 3226 530 3300 poenitente
553 3245 659 3293 aarum
682 3225 725 3282 ita
746 3226 901 3301 genetivus
924 3225 1075 3282 divellitur
1093 3244 1111 3281 a
1127 3224 1297 3281 selectionIe

218 3310 337 3367 nomine
360 3329 412 3367 neo
435 3311 498 3386 ipse
521 3329 586 3366 cum
604 3310 665 3368 ullo
683 3310 801 3367 nomine
819 3310 1007 3386 coniungitur
1023 3327 1078 3366 nec
1095 3309 1214 3367 omnino
1230 3327 1297 3366 sen·

219 3395 328 3452 tentiae
351 3396 456 3452 umbra
478 3406 619 3453 remanet.
665 3396 704 3452 Et
726 3405 824 3453 tannen
847 3395 977 3455 Orellius
1000 3406 1117 3452 secutus
1140 3405 1199 3461 est;
1228 3413 1296 3451 nam

218 3479 357 3538 Ottonem
381 3480 452 3554 quid
475 3479 589 3537 dicam?
612 3482 723 3538 Verum
748 3481 863 3537 etiamsi
887 3491 914 3536 ut
937 3490 988 3537 aut
1005 3489 1072 3555 post
1090 3500 1172 3555 quom
1189 3483 1235 3552 (ut
1252 3488 1296 3537 est

218 3564 248 3621 in
272 3565 317 3623 ed.
332 3567 456 3622 Ascens.
473 3567 566 3640 1511)
589 3575 640 3623 aut
659 3569 704 3640 (ut
727 3567 783 3627 Th.
798 3566 950 3623 Bentleius
967 3565 1074 3639 voluit)
1097 3576 1165 3622 ante
1188 3567 1297 3622 tollatur

216 3649 345 3725 positum
363 3649 462 3719 fucrit,
482 3650 589 3708 vitiosa
605 3651 662 3708 erit
678 3651 788 3720 oratio;
812 3651 904 3708 nihilo
922 3651 999 3708 enim
1018 3650 1111 3726 magis
1124 3650 1228 3709 Cicero
1245 3659 1296 3707 aut

218 3735 373 3809 quisquam
396 3735 473 3792 dixit
499 3746 621 3811 apertum
648 3747 687 3794 eat
714 3747 743 3794 ut
771 3755 857 3810 quam
886 3747 1009 3812 apertum
1036 3746 1075 3793 eet
1103 3738 1191 3810 quod;
1220 3753 1295 3809 quae

218 3820 295 3877 enim
325 3839 343 3876 a
368 3821 518 3878 nonnullis
540 3820 648 3879 similia
671 3830 812 3897 putantur
834 3822 984 3897 exempla,
1014 3840 1050 3878 ea
1077 3820 1152 3878 alius
1179 3820 1296 3896 generis

218 3922 297 3968 esse.
321 3905 435 3962 ostendi
459 3906 497 3963 ad
519 3906 560 3977 ΙΙ,
586 3908 621 3976 6;
649 3925 685 3962 ne
708 3906 760 3963 illa
782 3907 900 3980 quidem
923 3906 1051 3981 accipio,
1075 3924 1150 3981 quae
1174 3907 1297 3962 Wesen-

217 3990 336 4066 bergius
366 3990 539 4066 prudentius
567 3992 680 4048 delecta
708 3992 845 4067 protulit,
874 3991 999 4067 primum
1023 3992 1105 4050 Lael.
1129 3992 1185 4047 81:
1217 3989 1298 4058 Quod

217 4079 242 4132 ei
263 4076 311 4132 loc
333 4087 449 4151 apparet
472 4080 498 4133 r'n
521 4078 610 4134 bestilo
633 4109 672 4119 -
692 4080 811 4152 primum
834 4087 863 4133 ut
884 4097 913 4133 ae
934 4078 1050 4150 dr'llpunt
1072 4085 1145 4146 cet.;
1168 4094 1235 4132 nam
1253 4074 1295 4132 ibi

217 4160 266 4217 loo
288 4161 378 4234 (quod
402 4161 476 4236 dixi)
499 4172 614 4237 apparet
641 4181 694 4237 per
721 4181 752 4218 se
775 4161 883 4218 dieitur
905 4161 1004 4236 quasi:
1033 4163 1081 4219 loo
1096 4162 1147 4235 fit,
1176 4169 1205 4218 et
1233 4169 1294 4218 tum

216 4245 387 4321 adiungitur
409 4257 454 4316 ut,
478 4247 723 4322 quemadmodum
746 4247 893 4321 sequitur:
916 4256 1017 4321 quanto
1039 4249 1069 4304 id
1089 4250 1176 4319 mapa
1197 4250 1225 4303 iu
1247 4245 1295 4303 to-

216 4333 285 4388 miue
300 4332 336 4403 fit
358 4340 471 4400 notura;
502 4332 607 4389 deinde
631 4333 666 4388 de
689 4331 790 4390 Divin.
814 4332 840 4400 Ι,
868 4333 943 4402 126,
967 4332 1017 4389 ubi
1040 4332 1069 4388 in
1093 4331 1293 4389 concludendo

216 4414 260 4474 sio
281 4415 403 4473 dicitur:
426 4418 476 4474 Ee
497 4437 551 4491 quo
572 4420 741 4492 intellepr'tur,
764 4427 793 4474 ut
802 4419 896 4491 satum
913 4426 980 4488 cet,
1003 4426 1035 4474 ut
1052 4417 1106 4474 sit:
1128 4417 1179 4475 Ee
1194 4435 1248 4492 quo
1257 4417 1294 4491 fit
1329 4427 1333 4434 '
