3030 5086
658 387 852 434 russonum.
1248 373 1292 437 XI
1309 365 1310 368 ’

216 577 272 624 ens
295 558 476 638 scripturas,
500 575 577 638 quas
600 558 753 621 Gruterus
775 557 805 620 in
829 558 911 623 notis
934 557 1053 639 posuit,
1077 579 1171 626 unam
1193 567 1224 626 et
1245 562 1291 626 al·
1407 544 1410 553 ¹

216 675 327 744 teram,
351 665 478 730 minoris
500 663 566 730 iere
583 666 739 742 momenti,
763 664 857 729 tacite
873 665 995 730 ePal.l
1017 667 1188 748 sumpsisse
1204 669 1290 734 vide·

217 782 284 853 tur‚
313 792 394 855 quae
420 791 522 852 neque
543 779 616 837 ante
637 791 707 838 eum
730 771 886 853 reperitur
907 780 938 838 et
960 791 1041 838 nunc
1063 793 1083 838 a
1105 776 1210 841 codiee
1231 775 1291 839 Er·

216 881 358 964 langensi
385 879 600 958 confirmatur,
627 887 663 944 ut
684 880 713 957 Ι,
735 880 777 946 56
803 879 843 944 sil
870 899 931 944 noa
952 879 1062 958 dolere,
1091 883 1137 960 11,
1161 883 1203 948 20
1224 901 1291 946 eom

142 1049 146 1055 .
215 990 326 1069 ipsunt,
347 990 390 1053 45
412 986 481 1052 aliis
502 986 613 1064 raudo,
636 988 677 1053 59
699 986 792 1069 deque
813 986 859 1052 lois
879 987 976 1065 rebus,
999 987 1041 1053 84
1053 988 1151 1068 possit
1165 988 1289 1066 rationi,

218 1099 261 1162 85
276 1097 369 1179 mitur
384 1096 493 1176 msam.
527 1097 577 1176 (ln
594 1096 728 1176 quinque
744 1116 762 1160 e
779 1114 833 1161 sex
849 1096 924 1161 locis
941 1102 1061 1161 tantum
1073 1096 1169 1161 verba
1185 1104 1289 1162 trans·

217 1207 400 1286 ponuntur.)
435 1205 536 1288 [Haec
552 1222 633 1267 nunc
649 1203 752 1267 omnia
769 1201 999 1282 confirmantur,
1021 1211 1088 1269 toto
1106 1205 1219 1283 codice,
1238 1195 1292 1284 qui

218 1314 249 1377 in
273 1311 457 1377 bibliotheca
480 1312 632 1376 Vaticana
654 1319 798 1375 servatur
824 1312 905 1376 inter
927 1317 1047 1377 ceteros
1069 1311 1229 1377 Palatinos
1252 1329 1289 1376 eo

219 1421 399 1498 translatos,
417 1419 828 1499 n.1513,membranaceus‚
846 1419 961 1484 saeculi
973 1419 1135 1498 undecimi,
1146 1437 1167 1482 a
1179 1418 1290 1484 Carolo

219 1529 344 1593 Prienio
361 1529 524 1610 diligenter
535 1527 656 1605 collato,
674 1546 766 1608 quam
783 1527 977 1591 collationem
995 1546 1032 1591 ex
1044 1527 1157 1592 Halmii
1175 1527 1289 1592 etBai·

219 1637 278 1702 teri
291 1636 425 1702 editione
437 1642 534 1699 totam
547 1653 640 1715 quam
652 1635 740 1715 potui
752 1634 984 1699 accuratissimo
1001 1634 1031 1699 in
1050 1636 1129 1699 banc
1146 1634 1289 1699 transtuli

217 1748 258 1808 ad
276 1755 417 1808 nostrum
435 1751 609 1807 contextum
628 1744 900 1822 accommodatam,
923 1753 966 1820 nt,
985 1743 1011 1807 si
1029 1744 1068 1806 de
1084 1761 1121 1808 eo
1139 1742 1169 1807 in
1188 1743 1289 1807 varie-

218 1860 283 1916 tate
305 1852 478 1932 scripturae
501 1851 617 1928 siletur,
640 1869 709 1915 cum
732 1857 876 1915 contextu
893 1852 1068 1915 consentire
1083 1850 1288 1928 intellegatur.

219 1959 352 2024 Tantum
376 1968 529 2024 retentam
552 1967 739 2023 mutatamre
761 1959 792 2023 in
814 1959 997 2032 accusativis
1021 1958 1131 2023 tertiae
1154 1957 1289 2022 declina-

218 2068 311 2131 tionis
333 2067 538 2146 antiquiorem
562 2066 809 2131 terminationem
834 2066 953 2146 (astos,
976 2069 1104 2146 oratam),
1127 2085 1219 2146 quam
1242 2067 1289 2129 in-

218 2175 422 2239 constantiam
451 2174 596 2239 Baiterus
623 2174 653 2238 in
683 2192 740 2238 suo
769 2182 913 2238 contextu
940 2174 1132 2255 expressisse
1159 2174 1290 2252 ridetur,

218 2282 300 2346 nolui
324 2282 396 2346 inde
418 2301 593 2363 excerpere.
628 2282 770 2347 Codioem
787 2293 822 2346 ut
838 2282 1021 2346 BaiterusA
1039 2281 1208 2362 appellavi;
1233 2300 1289 2345 nu·

217 2409 321 2454 uterus
344 2390 469 2454 additus
492 2390 650 2471 antiquam
673 2409 796 2454 manum
826 2401 856 2454 et
879 2390 1079 2455 recentiorem
1104 2388 1288 2472 distinguit]

303 2497 433 2562 Praeter
459 2498 557 2577 ipsius
581 2497 709 2562 Grutcri
737 2498 858 2562 codices
883 2498 1013 2568 ,.lraniel
1035 2497 1182 2562 Heinsius
1205 2497 1289 2562 misit

218 2607 258 2668 ad
282 2625 351 2669 eum
368 2605 492 2686 Iosepbi
510 2605 657 2688 Scaligeri
681 2606 801 2683 liin-nm,
823 2606 872 2669 cui
890 2624 1020 2687 magnus
1037 2606 1087 2669 ille
1104 2607 1152 2669 vir
1169 2606 1289 2687 ascrip-

218 2721 304 2777 serat
324 2712 471 2778 lectiones
494 2715 651 2778 venantes
679 2713 795 2778 codicis
818 2714 949 2778 veteris“
975 2714 1079 2794 (Grut.
1102 2716 1180 2779 adl
1203 2734 1227 2778 c.
1246 2718 1288 2792 2).

217 2821 249 2884 Is
271 2822 368 2885 codex
390 2821 474 2901 apud
498 2821 666 2886 Gruterum
690 2821 905 2901 Scaligeranus
927 2821 1112 2902 appellatur,
1134 2821 1289 2886 interdum

218 2928 407 3009 Scaligerani
424 2929 491 2992 libri
510 2948 617 3010 margo
631 2931 685 3009 (ad
698 2931 721 3006 L
736 2930 798 3011 16),
821 2929 880 2993 hoc
896 2938 953 3006 est,
971 2947 1030 2991 non
1049 2928 1163 2993 codicis
1181 2948 1289 2992 mann·

218 3036 324 3117 scripti
342 3054 458 3116 margo,
482 3039 537 3101 sed
555 3037 711 3116 scriptura
733 3056 770 3101 ex
791 3037 843 3100 illo
859 3037 890 3099 in
908 3037 1048 3114 margine
1065 3037 1195 3117 exempli
1213 3037 1290 3101 editi

217 3152 381 3221 annotata3
405 3145 575 3224 eodemque
594 3145 686 3208 modo
702 3145 752 3208 illa
770 3144 905 3225 intellegi
919 3145 1072 3209 Gruterus
1087 3145 1191 3223 volnt,
1209 3164 1289 3226 qnae

218 3250 359 3331 ambigue
381 3261 413 3315 ct
434 3252 633 3333 neglegenter
655 3253 772 3333 posuit:
792 3252 953 3332 «Scaliger
969 3253 1009 3315 ad
1026 3271 1112 3316 orant
1130 3252 1202 3317 libri
1219 3253 1286 3317 sui“

219 3360 275 3436 (ad
296 3360 324 3436 1,
350 3360 382 3439 7)
404 3369 472 3424 ortt:
503 3359 569 3428 „Sc
597 3361 637 3423 ad
661 3378 747 3423 oram
771 3360 840 3423 libri
863 3359 986 3424 allevit“
1012 3361 1066 3439 (ad
1084 3362 1117 3434 1,
1144 3362 1197 3440 12)
1220 3370 1287 3424 ant:

221 3469 285 3535 „Sc
304 3466 381 3530 libro
400 3486 456 3531 suo
470 3468 635 3547 ascr·ipsit“
650 3470 662 3546 1
664 3468 705 3531 ad
717 3469 755 3545 ll,
772 3470 809 3530 to
821 3466 883 3547 bis)
897 3467 961 3530 sive
976 3468 1162 3548 „ascriptum
1174 3467 1286 3532 habot‘

219 3576 272 3653 (ad
294 3575 338 3651 11,
364 3578 431 3654 18),
460 3595 649 3656 qrramquam
671 3575 841 3651 interdum,
870 3574 963 3638 etiam
987 3575 1038 3639 nbi
1061 3586 1169 3655 aperte
1192 3577 1288 3640 codex

217 3681 402 3762 appellatur,
425 3696 480 3746 aut
502 3683 678 3747 coniectura
701 3682 829 3746 subesse
853 3682 974 3746 videtur
996 3692 1051 3746 aut
1073 3684 1229 3764 scriptura
1252 3704 1288 3748 ex

217 3790 276 3852 alio
299 3791 453 3855 deteriore
474 3791 580 3855 codice
601 3797 765 3867 annotato,
794 3797 827 3854 ut
850 3791 878 3867 1,
904 3792 920 3853 1
945 3793 1020 3871 (ozon
1042 3789 1148 3869 nudet,
1180 3791 1223 3867 11,
1248 3793 1288 3856 oo

217 3897 401 3976 („Scaligeri
423 3907 512 3962 vetus
534 3898 671 3962 habebat
692 3901 801 3960 testato
822 3898 901 3960 einr⁶
927 3916 996 3962 cum
1020 3898 1063 3961 111.
1092 3900 1132 3977 1),
1163 3899 1224 3975 111,
1247 3901 1289 3962 12

217 4005 347 4083 (ratioae
367 4025 470 4068 eorum
493 4006 567 4086 pai).
603 4006 681 4069 lllud
705 4006 824 4077 mirum,
848 4008 931 4086 quod
954 4009 994 4070 ad
1014 4015 1157 4087 quartum
1176 4006 1288 4070 librum

217 4112 319 4175 subito
330 4112 407 4178 haec
418 4113 604 4177 obiciuntur:
626 4114 800 4194 „quomodo
813 4114 918 4193 (diora
934 4112 1130 4192 explica-adn
1146 4114 1288 4189 nationis)

217 4222 309 4282 etiam
321 4220 429 4284 laudat
440 4242 476 4286 ex
489 4220 613 4296 Cuiacii
625 4230 709 4301 puto,
722 4221 910 4285 membranis
923 4221 1078 4300 Scaliger‘
1093 4223 1147 4303 (ad
1159 4241 1183 4285 c.
1197 4223 1225 4299 ἵ,
1235 4223 1288 4300 ld)

218 4335 249 4390 et
270 4326 358 4393 haec:
384 4330 515 4409 „Aptius
537 4327 646 4406 libellis,
668 4329 751 4408 qnod
774 4328 922 4394 eCuiacii
945 4330 1052 4394 codice
1069 4338 1250 4393 annotatum
1268 4349 1288 4390 a
