3030 5086
642 495 817 545 excursus
839 495 859 542 1.
1226 477 1287 544 797
1371 469 1392 487 ”

199 671 375 748 partitione
399 670 514 727 adiecta
535 669 643 747 legitur
665 669 701 725 de
724 667 924 739 Fin.lV,18:
946 669 1135 743 amplitudines
1157 670 1291 744 quaedam

218 758 343 814 bonorum
372 756 570 826 excitabantur,
600 757 729 831 partim
754 756 935 830 projectae
961 773 979 810 a
1007 757 1291 830 contemplatione

218 862 306 898 reram
329 843 492 898 occultarum
515 850 568 898 cet.
595 874 630 884 -
657 841 814 916 qnodque
836 840 885 897 lma
906 840 991 896 solum
1013 842 1115 897 anemal
1139 850 1230 897 nutum
1252 851 1292 898 est

216 929 330 1003 predonis
357 945 390 984 ao
416 928 590 985 verecundiae
607 928 751 1002 particeps
773 934 828 982 cet.
851 950 907 995 -,
936 928 1124 999 temperantia,
1152 927 1290 997 modestia,

218 1016 319 1071 iustitia
343 1045 381 1055 -
404 1013 526 1070 absolata
548 1022 596 1068 est.
639 1011 760 1079 Durior,
783 1011 833 1069 sed
857 1019 954 1068 tamen
978 1009 1107 1068 eiusdem
1132 1011 1218 1086 plane
1241 1010 1310 1088 ges

219 1098 297 1155 ueris
325 1097 376 1154 illa
404 1096 632 1155 enumerationis
660 1096 791 1154 adiectas
819 1095 974 1154 dissolutio
1002 1103 1031 1152 et
1059 1095 1234 1172 interruptio
1262 1096 1292 1153 in

219 1192 293 1241 orut.
318 1201 371 1258 pro
394 1183 471 1242 Mur.
493 1183 547 1240 38:
570 1181 644 1240 Nam
666 1183 714 1239 lidi
734 1182 799 1239 haec
821 1183 909 1256 (quae
931 1180 1039 1256 dicam)
1057 1200 1148 1256 parua
1169 1183 1294 1241 videretur

219 1264 385 1326 adiumenta
406 1279 431 1325 et
462 1269 584 1326 subsidia
611 1269 784 1324 consulatus!
828 1268 955 1325 Voluntas
982 1268 1112 1324 militamt
1140 1285 1210 1342 qnae
1238 1275 1293 1324 oet.

220 1353 356 1412 Alterum
385 1353 463 1410 euim
491 1353 624 1428 sequitur
651 1353 802 1428 aliquanto
830 1361 896 1428 post
924 1352 983 1409 alia
1011 1350 1122 1420 forma,
1151 1352 1201 1410 ubi
1229 1352 1292 1428 ipse

220 1440 307 1497 etiam
337 1447 437 1496 orator
469 1457 500 1495 se
528 1439 564 1496 ad
593 1437 843 1496 enumerationem
872 1438 967 1495 redire
994 1437 1154 1514 significat:
1188 1437 1245 1496 Sed
1271 1441 1296 1495 si

221 1526 286 1582 liaeo
308 1527 406 1581 leuiora
428 1525 514 1593 dacis,
536 1542 607 1600 quae
628 1533 690 1581 sant
710 1526 881 1598 pravissimo,
904 1533 928 1580 et
950 1524 1019 1580 lano
1040 1524 1171 1580 urbanam
1194 1525 1294 1598 suffra·
1372 1547 1375 1554 ·

218 1613 350 1685 potionem
368 1612 480 1668 militari
494 1612 641 1685 anteponis,
665 1611 720 1666 noli
735 1610 857 1667 ludorum
875 1609 955 1665 inias
971 1609 1126 1682 elepantiam
1143 1619 1168 1666 et
1184 1628 1295 1666 scaenae

220 1697 442 1769 mapnificentiam
474 1696 553 1752 valde
585 1705 755 1753 contemnere.
806 1694 884 1752 Nam
918 1693 995 1767 quod
1024 1693 1113 1769 vulgo
1146 1693 1189 1751 sio
1218 1695 1295 1752 hunc

221 1781 572 1856 locum0iuterpuugunt,
600 1790 633 1838 ut
659 1780 784 1838 alterum
812 1779 974 1836 membrum
994 1778 1231 1858 ‘enumerationis
1259 1779 1297 1837 sit

221 1866 251 1924 iu
275 1866 388 1923 verbis:
411 1865 579 1941 Suffrapalio
601 1867 753 1936 militarist,
776 1884 811 1922 ea
833 1883 903 1922 rero
926 1864 1081 1940 perspicua
1104 1864 1168 1940 ipsu
1191 1872 1236 1921 est
1251 1884 1297 1922 vo·

221 1954 310 2010 latitas
332 1951 453 2021 militum,
476 1961 509 2009 ut
531 1951 574 2010 sio
596 1952 691 2010 oratio
714 1950 920 2027 distinguenda
942 1949 980 2007 sit
1002 1966 1067 2006 oum
1088 1938 1297 2009 Steinmetzio:

223 2047 277 2095 tam
300 2055 361 2094 uero
379 2039 405 2093 in
422 2039 528 2095 cornute
544 2039 709 2095 declarando
725 2039 835 2095 maltum
851 2039 930 2092 etiam
947 2036 1024 2111 apud
1041 2037 1193 2093 uniuersum
1209 2054 1298 2111 popu·

223 2124 277 2180 lum
299 2122 450 2179 Romanam
477 2126 646 2181 auctoritatis
672 2123 750 2180 labet
771 2124 931 2196 suffrapatio
953 2122 1094 2187 miliens,-
1123 2125 1297 2197 imperatores

223 2211 290 2265 enim
317 2210 428 2265 comitiis
455 2209 640 2266 consularibus
663 2217 717 2265 cet.
763 2206 813 2266 sie
840 2206 955 2263 demum
979 2215 1058 2263 reete
1081 2205 1200 2281 ponitur
1221 2209 1297 2264 enim.

160 2339 168 2347 ,
224 2292 311 2366 Quod
334 2292 380 2350 hic
403 2292 432 2350 in
456 2292 668 2369 interrogativa
690 2291 910 2349 enumeratione
932 2291 1037 2349 durum
1060 2290 1192 2358 ridetur,
1221 2291 1297 2348 idem

223 2378 253 2434 iu
276 2377 353 2434 libro
377 2379 404 2434 V
427 2378 462 2434 de
485 2378 550 2436 Fiu.
564 2380 600 2435 21
626 2377 677 2434 rix
701 2378 845 2453 legentem
868 2376 1004 2438 advertit.
1049 2376 1126 2434 Nam
1149 2377 1178 2433 iu
1198 2376 1298 2434 huius·

224 2463 302 2520 modi
326 2462 473 2520 orations:
497 2465 561 2521 liaeo
583 2466 784 2539 inpraesentia
806 2472 868 2520 nota
890 2480 948 2519 esse
969 2462 1114 2531 debebunt,
1137 2464 1298 2537 uoluptatem

223 2547 407 2605 semovendam
430 2568 495 2619 esse,
518 2551 628 2624 quando
650 2550 689 2606 acl
710 2553 813 2606 maiora
835 2549 968 2623 quaedam
991 2550 1050 2604 nati
1064 2567 1165 2618 sumas,
1189 2547 1213 2604 si
1232 2566 1299 2623 pro·

223 2634 289 2710 pius
312 2635 474 2708 aspexeris,
497 2633 679 2709 pronominis
702 2633 824 2710 pluralis
847 2650 985 2690 numerus
1007 2632 1121 2689 ratione
1139 2650 1238 2690 carere
1256 2634 1300 2689 ui·

225 2719 309 2797 detur
332 2728 359 2775 et
383 2718 419 2775 de
442 2737 500 2775 uua
517 2739 548 2776 re
565 2719 720 2777 dicendum
738 2716 844 2777 fuisse:
867 2719 915 2776 lioc
928 2749 966 2761 -
980 2718 1090 2775 debebit.
1126 2717 1184 2776 Sed
1202 2717 1300 2794 coepit

226 2803 296 2861 Piso
319 2802 415 2860 dicere
439 2803 473 2860 de
496 2804 632 2863 omuibus
655 2805 824 2874 sententiis,
847 2821 920 2878 quas
943 2802 1081 2879 deinceps
1104 2803 1234 2861 breuiter
1255 2822 1301 2860 re-

226 2897 339 2957 movet,
367 2889 452 2962 quasi
480 2907 595 2946 omnem
619 2909 719 2948 earum
742 2889 990 2946 enumerationem
1015 2889 1115 2945 eadem
1138 2887 1234 2946 forma
1255 2888 1301 2946 his

226 2972 339 3030 verbis:
362 2974 427 3031 liaeo
444 2983 506 3030 nota
522 2993 580 3032 esse
595 2976 723 3032 debebunt
739 2973 923 3031 subiecturus
940 2983 1031 3042 esset3
1055 2973 1169 3046 deinde,
1192 2973 1302 3031 omissa

226 3058 358 3116 oratione
381 3059 520 3135 pendenti
543 3069 572 3117 et
589 3060 712 3130 infinita,
736 3060 860 3116 alterum
878 3059 921 3116 sio
937 3059 1086 3117 adiunxit:
1109 3060 1155 3118 De
1169 3063 1302 3117 vacuitate

226 3145 327 3202 doloris
349 3146 442 3202 eadem
463 3151 526 3219 jere
552 3148 608 3204 dici
632 3148 715 3203 solent
737 3152 793 3202 cet.
839 3144 935 3202 Huius
957 3154 1054 3201 autem
1079 3144 1134 3201 loci
1158 3163 1300 3202 summam

227 3229 448 3287 similitudinem
472 3231 570 3302 habet,
595 3230 673 3305 quod
696 3223 800 3289 Cicero
820 3229 898 3287 Phil.
918 3230 955 3300 V,
972 3231 1008 3287 17
1032 3229 1074 3287 sic
1096 3229 1172 3287 dixit
1194 3229 1302 3306 plurali

226 3334 363 3373 numero:
394 3317 438 3372 An
466 3318 529 3373 illa
551 3336 602 3373 non
622 3318 793 3390 pravissimis
814 3318 962 3390 ipnominiis
984 3326 1046 3372 sunt
1067 3317 1203 3385 notanda,
1230 3317 1304 3391 qaod

228 3411 297 3473 cett,
332 3410 363 3458 ut
398 3401 515 3476 saepius
543 3403 617 3477 quod
650 3401 835 3459 subiecturus
864 3401 1013 3458 rideretur
1046 3400 1212 3477 pronomini
1241 3396 1302 3471 illa,

227 3486 327 3563 piures
349 3504 397 3543 res
420 3505 603 3560 enumerans,
629 3487 734 3545 deinde
757 3495 854 3544 autem
878 3487 907 3544 in
930 3486 1027 3563 prima
1048 3495 1131 3562 parte
1154 3485 1303 3563 digressus

228 3581 280 3629 ast.
303 3570 377 3644 (cfr.
390 3570 501 3647 Opusc.
515 3590 580 3630 mea
592 3572 685 3631 Acad.
697 3573 712 3632 I
725 3593 752 3648 p.
761 3572 822 3630 360
834 3574 907 3647 not.)
931 3567 1048 3652 [Topic.
1058 3572 1112 3629 28:
1129 3572 1303 3645 Definitiones

227 3659 298 3713 aliae
320 3666 382 3713 sunt
399 3660 584 3732 partitionum,
606 3660 677 3715 aliae
698 3661 873 3725 divisionum·
892 3660 1076 3733 partitionum,
1099 3675 1158 3714 cam
1183 3680 1239 3726 -;
1262 3659 1304 3715 cli·

227 3743 358 3798 uisionam
381 3752 468 3799 antem
491 3746 607 3817 definitio
629 3775 670 3786 ·-
688 3738 894 3822 complectitur]
938 3743 1006 3800 Non
1030 3742 1124 3799 solum
1148 3742 1217 3801 huio
1238 3761 1304 3819 spe·

228 3826 298 3892 eiei,
327 3827 377 3884 sed
402 3828 456 3884 toti
479 3829 546 3886 huie
568 3830 669 3906 generi
693 3829 819 3904 quodam
843 3828 929 3885 modo
952 3827 1130 3886 contrarium
1155 3837 1304 3886 ettamen

228 3910 438 3986 inaequalitate
473 3915 668 3993 membrorum
702 3914 870 3991 partitionis
897 3913 1098 3990 ponendorum
1127 3913 1223 3972 simile
1251 3923 1305 3986 est,

229 3997 308 4071 quod
331 3998 362 4055 11
380 3998 416 4054 de
433 3999 586 4057 Dissimili
605 4000 721 4072 accidit,
743 4000 794 4058 ubi
811 3999 926 4070 Cicero,
950 4017 1014 4057 cum
1038 3999 1120 4074 prius
1143 3999 1305 4057 membrum

229 4082 326 4139 laxius
344 4083 536 4155 adiunxisset,
556 4085 680 4143 alterum
699 4086 808 4143 artiore
825 4084 1020 4162 appositionis
1037 4085 1135 4142 vinclo
1153 4084 1306 4143 astrinxit:

229 4169 295 4225 Duo
317 4174 385 4226 enim
399 4188 496 4244 penora
514 4172 656 4229 divinandi
671 4191 728 4229 esee
746 4173 862 4242 dicebas,
885 4191 966 4228 uniens
988 4172 1170 4244 artificiosum,
1193 4173 1306 4229 alterum

230 4256 370 4322 riaturaie;
400 4259 635 4331 artificiosam
658 4267 816 4316 constare
832 4259 935 4332 partim
959 4276 991 4314 es
1013 4260 1178 4327 coniectura,
1204 4259 1323 4332 partim¹

230 4359 264 4397 eu
286 4341 466 4399 obseruatione
488 4344 634 4418 diuturna:
662 4345 843 4412 naturale,
866 4344 958 4418 qaod
978 4345 1084 4399 animus
1106 4344 1238 4418 arriperet
1259 4351 1307 4398 aut

230 4428 361 4501 rumperet
383 4431 548 4486 extrinsecus
565 4448 598 4486 er
615 4430 761 4488 diuinitate.
796 4428 863 4486 Hoc
881 4428 1027 4504 posterius
1044 4428 1086 4485 sic
1103 4427 1211 4503 posuit,
1234 4435 1308 4484 tsm·
