3030 5086
267 486 374 552 XVIII
705 501 903 553 unaunarro.

268 675 299 739 in
322 673 386 739 Erl.
410 691 480 739 esse
502 676 680 758 perspicue:
710 679 746 738 ul
772 672 836 738 ullu
851 695 933 755 pora
953 677 1117 753 vacuitate,
1146 679 1201 741 sed
1225 682 1345 741 tanturn

268 787 304 846 ut
334 781 400 846 ullu
426 783 566 864 protulit.
621 782 700 864 (err.
730 784 760 863 1,
783 784 825 849 20
850 785 1059 867 amoarium,
1092 786 1135 850 34
1161 789 1254 866 utprvc
1280 789 1347 846 iur-

269 891 399 972 bcuiru.)
443 889 493 955 Ad
516 892 556 970 ΙΙ,
571 893 610 956 13
629 910 699 956 cum
717 891 864 958 Davisius
882 910 945 957 non
968 898 1052 958 recte
1074 892 1266 970 credidisset,
1288 893 1346 956 atl-

269 1001 405 1087 dendnm
422 1016 493 1064 esse
510 989 619 1075 ἡδονή
636 1004 710 1080 post
731 997 855 1077 Graeca
878 999 1069 1065 Goerenzius
1085 1000 1116 1064 in
1134 1001 1197 1065 Erl.
1216 1009 1247 1066 et
1265 1001 1347 1082 Spir.

269 1108 301 1172 id
318 1106 500 1171 vocabulum
518 1106 639 1171 Latinis
656 1105 768 1172 litteris
791 1108 940 1188 scriptum
964 1126 1033 1173 esse
1055 1107 1148 1189 plane
1171 1109 1347 1173 somniavit.

269 1216 389 1280 Eadem
411 1213 618 1294 perversitate
640 1214 681 1294 ΙΙ,
699 1215 741 1280 24
762 1234 833 1295 non,
857 1223 890 1280 ut
908 1215 1065 1281 Gruterus
1085 1222 1116 1280 et
1133 1217 1278 1281 Davisius
1301 1215 1316 1280 f
1334 1252 1347 1262 ·

270 1329 386 1400 cenant
408 1326 492 1386 tacet
513 1323 553 1387 de
575 1321 711 1404 munita,
734 1326 817 1404 quod
840 1330 914 1404 post
935 1323 969 1387 iu
990 1343 1050 1405 quo
1072 1325 1195 1390 codices
1218 1326 1347 1403 addunt,
1452 1358 1456 1366 .

270 1433 326 1497 sed
352 1447 444 1502 „suos
461 1429 494 1493 id
511 1429 676 1511 ignorare“
696 1431 811 1496 scribit„
844 1432 910 1495 Iam
928 1430 1004 1496 illud
1022 1432 1115 1512 quale
1131 1433 1240 1509 dicam,
1263 1432 1348 1513 quod

269 1540 310 1620 Π,
322 1540 373 1618 ΙΙ,
390 1556 459 1602 cum
473 1537 628 1603 Gruterus
646 1538 740 1603 ePal.
756 1540 768 1602 1
785 1544 817 1603 ct
828 1538 937 1620 scalig.
955 1540 1136 1620 protulisset
1147 1537 1348 1618 puofitcuduc,

269 1648 364 1729 idque
386 1645 534 1710 Davisius
557 1645 724 1726 probasset
746 1646 854 1711 addito
877 1647 922 1711 ll.
944 1651 960 1711 1
986 1648 1026 1727 (si
1049 1648 1143 1711 modo
1166 1646 1253 1726 prior
1275 1635 1348 1726 fuit)

270 1754 458 1831 testimonio,
471 1751 662 1818 Goerenzius
674 1754 769 1818 audet
779 1754 925 1832 scribere,
944 1774 1064 1836 „neque
1076 1754 1244 1818 Gruterum
1257 1754 1348 1833 quid-

271 1859 1349 1945 qnamdepolamoverenocsuosillosbinosavulgaradiscedere?

271 1972 313 2035 Et
333 1968 470 2034 babebat
492 1967 635 2032 omnibus
657 1967 768 2032 litteris
791 1970 998 2050 perscriptum
1018 1970 1047 2033 in
1069 1970 1152 2041 „suis
1170 1969 1229 2033 illis
1248 1969 1346 2034 binis“

267 2075 465 2158 medicurius.
500 2073 577 2157 (Gir.
591 2076 646 2155 111,
659 2077 700 2141 53
719 2075 792 2139 bucc
808 2078 934 2158 posita)
968 2076 1039 2155 Sed,
1062 2096 1101 2141 no
1122 2075 1276 2142 infinitum
1299 2077 1349 2155 sit

272 2203 367 2250 unum
390 2184 554 2247 socordiae
577 2201 645 2247 cum
668 2185 737 2265 pari
755 2185 887 2250 stultitia
904 2185 1084 2250 coniunctae
1103 2185 1277 2266 exemplum
1293 2186 1349 2248 ad·
1451 2190 1454 2196 ’

273 2294 355 2371 dam,
373 2311 434 2372 quo
451 2289 527 2355 nihil
542 2292 643 2372 magis
660 2292 822 2355 ridiculum
836 2292 1003 2373 excogitari
1020 2298 1133 2372 potest.
1166 2291 1246 2354 Nam
1258 2291 1296 2370 V,
1307 2291 1345 2354 41

272 2400 304 2465 in
327 2398 651 2479 editionc‘Bipontina
673 2417 781 2464 errore
803 2399 953 2481 scriptum
977 2406 1038 2464 est:
1060 2399 1095 2476 si,
1117 2402 1152 2460 ut
1171 2398 1258 2460 initio
1275 2396 1350 2474 diui,

274 2544 312 2555 --
332 2507 358 2571 si
380 2509 452 2587 (pro
475 2507 518 2586 sc)
541 2505 667 2587 quisquc
689 2512 878 2588 copuosccrel.
914 2507 992 2570 Eum
1016 2524 1154 2571 errorem
1177 2524 1246 2570 cum
1266 2505 1348 2571 Goe-

273 2617 397 2680 renzius
427 2613 607 2693 repetisset,
636 2615 725 2694 quasi
755 2614 843 2679 oculo
872 2616 969 2680 altero
998 2614 1185 2694 semiaperto
1214 2613 1291 2677 m'dit
1318 2614 1349 2676 iu

274 2723 380 2788 codice
403 2720 468 2785 Erl.
491 2739 562 2786 osse
583 2740 621 2797 sc,
644 2739 701 2785 nec
723 2729 827 2815 tamen
851 2722 1020 2805 evigilavit,
1043 2729 1078 2785 ut
1099 2722 1132 2785 id
1154 2723 1184 2785 in
1210 2721 1351 2784 onrnibus

274 2829 432 2896 codicibus
455 2836 486 2892 et
502 2829 716 2909 superioribus
734 2829 921 2895 editionibus
943 2848 1013 2895 esse
1035 2848 1091 2894 nec
1113 2829 1180 2894 sine
1202 2848 1239 2894 eo
1257 2827 1351 2891 ullam

274 2956 344 3003 esse
367 2935 553 3001 sententiam
575 2937 853 3016 animadverteret,
882 2938 951 3018 sed,
975 2937 1080 3018 qualia
1101 2937 1256 3018 permulta
1278 2954 1351 3018 gra·

275 3045 402 3110 vissime
424 3043 482 3108 Dei
506 3043 612 3108 Somni
635 3045 761 3109 oracula
783 3045 856 3122 edit,
880 3051 988 3110 narrat
1011 3051 1094 3109 recto
1113 3044 1213 3124 repeti
1229 3043 1255 3107 si
1272 3042 1353 3124 (sisi

276 3171 416 3235 capnosco
433 3170 491 3233 pro
509 3149 535 3213 si
551 3170 597 3213 mc
615 3154 777 3234 manusco),
800 3153 858 3217 hoc
876 3151 1068 3217 confundens
1085 3170 1154 3216 cum
1171 3150 1354 3216 condicione

276 3259 426 3342 propiore
440 3258 579 3323 subiecta
591 3259 763 3324 condicioni
776 3260 962 3339 generaliori
975 3260 1049 3340 (vid.
1062 3261 1102 3324 ad
1115 3261 1155 3338 ΙΙ,
1169 3259 1253 3340 112).
1287 3258 1353 3322 lam

277 3386 369 3449 quern
387 3366 480 3431 sicin
497 3365 682 3448 Erlangensi
702 3368 808 3432 codice
825 3387 933 3432 errare
951 3367 1100 3446 videmus,
1122 3386 1214 3449 quem
1231 3366 1301 3448 ipse
1323 3367 1352 3429 in

277 3474 420 3538 manibus
443 3471 587 3538 habebat.
611 3475 683 3556 quid
707 3474 779 3540 huic
801 3475 953 3540 accidisse
975 3481 1121 3556 putamus
1139 3475 1171 3539 in
1190 3474 1354 3557 scripturis

279 3582 393 3648 codicis
411 3580 568 3660 Spirensis
585 3588 617 3646 et
632 3582 831 3662 Basileensis,
854 3582 968 3663 quibus
987 3588 1153 3664 antequam
1175 3583 1219 3646 uti
1237 3589 1354 3663 posset,

279 3690 359 3755 ratio
383 3687 529 3752 habenda
546 3688 640 3753 fuerit
657 3697 817 3756 contentus
835 3690 1019 3769 Munatium,
1042 3709 1175 3772 quocum
1191 3689 1232 3753 illi
1251 3687 1356 3753 collati

279 3797 406 3863 assant?
433 3795 513 3859 Illud
532 3815 626 3860 unum
643 3807 807 3879 praeterea
823 3797 1030 3862 animadverti
1047 3798 1147 3876 velim,
1165 3816 1259 3876 socpc
1274 3815 1355 3873 eum,

280 3925 349 3971 curn
372 3923 446 3970 vere
473 3904 660 3984 scripturam
690 3906 823 3986 aliquam
852 3925 889 3969 ex
918 3925 979 3969 uno
1008 3906 1168 3971 duobusve
1198 3903 1355 3968 codicibus

279 4013 424 4096 proferro
446 4021 561 4093 posset
584 4011 664 4078 falso
682 4032 782 4077 orvzucs
798 4031 876 4090 suos,
899 4011 1009 4076 utullus
1027 4011 1212 4093 appellasse,
1234 4018 1356 4073 utrum

280 4120 428 4203 proprias
452 4121 587 4185 melioris
610 4120 746 4185 familiae
768 4121 940 4201 scripturas
964 4127 1198 4197 commemorat,
1222 4119 1354 4199 quaein

281 4229 345 4292 Erl.
369 4234 401 4292 et
423 4228 512 4307 Spin,
535 4228 691 4292 interdum
715 4228 745 4291 in
769 4247 831 4291 uno
853 4232 1018 4307 practerea
1040 4233 1139 4291 erant.
1172 4225 1282 4305 Neque
1299 4242 1356 4303 ogo

168 4408 169 4413 ἵ
282 4335 313 4399 in
338 4335 480 4400 omrribus
502 4335 678 4400 huiusmodi
699 4334 776 4399 locis
798 4334 971 4399 cautionem
994 4333 1135 4415 ascripsi,
1158 4351 1226 4396 curn
1250 4332 1290 4395 ad
1311 4331 1356 4395 rei
