3030 5086
230 484 292 549 798
527 529 532 539 .
660 501 833 550 excursus
856 503 876 548 1.

229 694 315 750 quarn
345 674 546 750 praecederet:
575 675 762 748 artificiosum,
791 676 865 748 quod
890 684 1023 731 resisteret
1051 684 1105 731 cet.
1160 669 1326 736 Occurrit,

228 762 342 836 opinor,
367 760 521 826 scribenti,
547 759 640 816 minus
663 758 848 834 perspicuum
872 759 949 817 iore:
973 763 1096 831 naturale
1117 763 1249 817 animum
1276 775 1325 813 or·

227 851 329 922 ripere3
348 845 470 901 mutavit
488 846 577 920 igitur
594 846 658 914 hoc,
677 845 811 919 superius
829 845 957 919 reb'quit
994 842 1074 926 [Non
1091 865 1162 903 raro
1175 843 1326 902 membra

201 932 414 1014 ‘appositione
442 930 579 987 adiuncta
607 930 742 987 dissolvit
765 931 880 988 Plinius
904 931 1013 1003 Maior,
1042 931 1123 990 velut
1147 929 1324 996 XXXVI

230 1002 268 1074 62
293 1026 323 1073 et
348 1012 440 1095 175..]

312 1103 399 1159 VIII.
418 1101 513 1158 Venio
531 1101 674 1176 gradatim
694 1101 884 1176 progrediens
901 1100 938 1157 ad
956 1100 1139 1158 durissimam
1160 1113 1191 1158 ct
1211 1111 1322 1156 tamen

226 1188 418 1245 certissimam
443 1186 664 1244 dissolutionem
689 1186 901 1252 membrorum,
931 1205 1006 1260 quae
1035 1187 1127 1244 eidem
1153 1184 1322 1261 praeposi·

225 1273 299 1330 tioni
322 1272 414 1330 subici
438 1272 593 1337 debebant,
617 1271 646 1327 ln
664 1271 758 1328 Acad.
780 1272 802 1337 Ι,
822 1273 876 1328 4οε
900 1272 945 1328 De
966 1273 1085 1329 sensibus
1107 1276 1175 1348 ipsis
1201 1271 1320 1344 (Zeno)

225 1360 360 1434 quaedam
382 1360 451 1414 dicit
473 1378 557 1418 nourr,-
580 1377 646 1431 quoa
669 1361 770 1413 iunctos
792 1376 849 1414 esse
870 1360 971 1414 censuit
993 1377 1006 1413 e
1028 1360 1176 1432 presidum
1203 1359 1323 1432 qssasi
1367 1380 1372 1393 ¹

226 1447 429 1520 impulsione
457 1444 571 1498 oblato
599 1445 828 1504 sutrinsecus,
858 1462 939 1517 quum
970 1445 1014 1499 ille
1041 1437 1233 1514 φαντασίαν,
1266 1461 1319 1499 noe

225 1533 310 1587 visum
332 1531 495 1604 appellemus
519 1531 592 1593 b'cet‚·
615 1538 638 1584 et
661 1538 795 1584 teneti-mus
818 1529 865 1584 loc
889 1529 994 1585 uerbum
1017 1529 1139 1601 quiden·
1163 1531 1219 1583 erit
1241 1530 1317 1584 enim

226 1617 349 1672 utendum
379 1619 404 1670 in
432 1617 535 1688 reliquo
562 1632 679 1669 scurrone
706 1621 832 1689 saepius:
865 1615 925 1671 sed
951 1615 995 1670 ati
1023 1614 1117 1672 liaeo.
1147 1633 1222 1687 qrroe
1252 1615 1316 1670 visa

225 1711 286 1757 seint
303 1711 327 1757 et
344 1703 425 1775 pilosi
439 1710 548 1774 acceptu
565 1699 695 1768 sensibus,
718 1702 949 1756 assensionem
971 1700 1130 1771 celiunpit
1152 1701 1315 1756 animorum

226 1797 279 1842 cet.
326 1787 461 1842 Debebut
484 1786 595 1841 dicere:
625 1789 727 1841 iunctos
749 1804 781 1840 ee
804 1787 958 1860 impulsione
980 1785 1068 1841 oblate
1090 1787 1262 1841 estrimeeus
1288 1794 1315 1841 ei

225 1891 257 1928 es
287 1877 438 1927 assensione
465 1875 628 1933 siciniorunu
662 1869 712 1926 sed
741 1870 915 1945 Interposita
944 1871 979 1927 de
1008 1868 1193 1944 impulsionis
1226 1869 1313 1927 illius

224 1957 340 2013 nontine
363 1957 524 2013 admonitio
548 1955 709 2011 orationem
733 1955 775 2012 ita
797 1956 1009 2031 interruperat
1032 1966 1065 2011 ut
1088 1954 1190 2011 eodem
1217 1955 1311 2012 modo

223 2061 344 2117 pergere
369 2061 425 2098 non
449 2050 557 2118 posset.
606 2041 701 2097 Prave
724 2042 851 2097 editores
875 2041 1049 2135 scripturam
1074 2048 1205 2107 mutant;
1237 2060 1310 2115 pra·

223 2128 341 2184 vissimc
370 2127 500 2186 Orellins
528 2145 631 2183 sensus
659 2125 723 2182 vult
750 2126 881 2202 intellegi
911 2113 1038 2202 ὄργανα,
1068 2144 1125 2182 non
1155 2125 1311 2182 sentiendi

223 2221 305 2269 actus
329 2196 523 2286 (αἰσθήσεις)
547 2213 597 2286 qni
620 2211 674 2269 soli
698 2212 914 2287 significantnr;
946 2229 1011 2266 nam
1036 2210 1071 2266 dc
1094 2211 1213 2267 actione
1237 2230 1311 2267 sen-

223 2298 313 2354 tiendi
333 2299 411 2354 Zeno
433 2315 509 2353 nova
532 2298 658 2370 dixerat,
682 2316 740 2353 nou
764 2298 798 2353 de
822 2296 1031 2354 instrumentis.
1067 2296 1178 2353 Plenus
1198 2315 1311 2353 sensus

223 2383 406 2440 efficiebatur
434 2401 449 2437 o
473 2399 624 2457 persensus
653 2393 682 2438 et
703 2375 951 2457 αρσσκαταθεσει
998 2379 1046 2463 [ln
1075 2400 1142 2438 rara
1169 2392 1201 2437 et
1231 2383 1311 2438 dura

222 2468 318 2564 iprma
341 2469 484 2524 ascribam
509 2466 613 2563 plane
618 2467 713 2525 simile
737 2466 903 2561 exemplum
928 2466 1109 2565 Thucydidis
1127 2467 1181 2523 VI
1204 2467 1255 2531 32,
1273 2468 1311 2523 3:

224 2542 295 2609 ἀπό
318 2572 355 2608 τε
379 2541 532 2607 ἅλλωα-
555 2541 613 2606 aul
635 2540 887 2628 Ἑρμοκράτη,
908 2543 1070 2626 παρελθών
1093 2545 1171 2626 ἔλεγε
1191 2548 1262 2632 —]

307 2639 365 2696 IX.
390 2638 532 2694 Extrema
555 2637 593 2693 sit
617 2638 706 2694 totius
728 2637 845 2712 generis
867 2636 961 2693 forma
981 2655 1015 2693 ac
1033 2638 1155 2712 species,
1180 2638 1211 2693 in
1237 2657 1311 2713 qua.

223 2741 287 2779 cum
313 2726 386 2780 dirae
410 2722 546 2797 pluresve
569 2723 746 2779 sententiae.
776 2722 853 2796 qnod
882 2722 1007 2778 eandem
1027 2734 1056 2779 et
1078 2722 1233 2797 aequalem
1259 2744 1312 2781 ra·

225 2809 333 2865 tionem
352 2810 471 2876 hahent.
491 2808 527 2864 ad
546 2808 666 2864 eandem
686 2808 858 2883 particulam
878 2819 905 2864 ut
923 2806 1025 2864 referri
1045 2809 1179 2873 debeant,
1207 2821 1312 2866 tamen

225 2904 337 2951 tantum
367 2895 463 2970 prima
491 2894 612 2969 pendet,
648 2893 740 2950 altera
771 2904 822 2949 aut
849 2903 963 2950 ceterae
992 2894 1123 2951 nonnihil
1153 2894 1310 2952 interdum

222 2980 393 3036 immutatae
418 2998 468 3054 per
492 2998 522 3035 se
547 2989 704 3053 ponuntur.
752 2978 926 3035 Huiusmodi
950 2978 1030 3035 locos
1061 3000 1096 3036 cx
1126 2979 1194 3036 aliis
1219 2980 1311 3039 Cice·

222 3066 302 3122 ronis
325 3065 442 3141 seriptis
465 3065 646 3140 collegerunt
670 3074 735 3139 post
759 3064 908 3120 Bremium
932 3063 967 3120 ad
993 3064 1078 3121 buius
1106 3066 1207 3140 operis
1238 3067 1310 3122 libr.

223 3151 274 3207 Ic.
289 3153 317 3218 7,
332 3153 371 3207 24
392 3149 584 3209 Gernhardus
608 3151 636 3206 in
661 3168 786 3219 excursu
810 3150 845 3204 de
868 3148 1050 3206 anacoluthis
1064 3149 1219 3209 Ciceronis
1239 3160 1312 3226 post

220 3235 311 3293 libros
334 3237 369 3292 de
393 3235 478 3294 offic.
492 3228 519 3310 p.
535 3237 595 3291 446
620 3244 648 3291 et
672 3235 902 3309 chrichsenias
925 3235 961 3290 ad
986 3235 1016 3293 lI
1040 3237 1075 3292 de
1098 3235 1181 3294 Orat.
1199 3234 1310 3308 Iton.

222 3322 252 3389 Ι,
278 3323 347 3378 det
373 3324 426 3379 64.
456 3322 544 3377 Taso.
575 3321 636 3389 ΙΙΙ,
662 3322 715 3380 63.
747 3321 782 3377 de
811 3319 893 3379 Orat.
917 3321 935 3376 l.
959 3338 984 3378 c.
1009 3331 1040 3376 et
1063 3322 1106 3387 ΙΙ,
1133 3322 1219 3393 293).
1271 3323 1308 3378 In

221 3406 275 3462 hoc
309 3426 397 3483 opero
431 3407 502 3462 haec
535 3405 630 3463 fornia
664 3406 811 3481 reperitur
838 3407 867 3462 Ι.
893 3408 947 3473 45,
983 3407 1031 3464 ubi
1066 3425 1129 3463 cum
1161 3408 1311 3465 universe

221 3492 256 3547 de
284 3493 494 3568 cupiditatibus
524 3492 631 3548 dictum
656 3503 747 3548 esset:
776 3512 890 3566 priorum
920 3511 950 3547 eo
980 3497 1048 3549 ratio
1070 3503 1121 3549 est.
1153 3502 1197 3551 ut.
1228 3491 1305 3550 huic

220 3587 248 3633 ut
272 3586 382 3633 tentum
408 3596 443 3633 ea
466 3577 697 3652 subiungantur.
723 3596 797 3652 quac
822 3578 857 3632 ad
887 3578 1011 3652 primum
1035 3596 1127 3653 genus
1150 3577 1310 3652 pertinent

220 3666 397 3735 (necessariae
431 3682 477 3719 neo
510 3682 591 3736 opero
625 3666 708 3718 nndtn
742 3683 787 3719 nee
821 3668 938 3738 impenso
973 3664 1157 3738 expleantur),
1194 3663 1308 3721 deinde

220 3748 312 3804 libere
335 3749 430 3824 pergit
454 3749 563 3804 oratio:
594 3767 624 3804 ne
652 3751 789 3805 rtaturnles
817 3752 923 3823 peridem
952 3751 1034 3804 rutilio
1063 3750 1220 3805 desiderant
1243 3762 1305 3807 cet.

219 3834 355 3891 Alterum
385 3835 480 3890 locum
512 3835 557 3890 Il.
586 3837 621 3890 16
653 3835 682 3890 in
714 3845 782 3890 nota
811 3834 966 3890 declaravi.
1021 3834 1175 3891 Postremo
1202 3835 1258 3893 lv.
1285 3838 1307 3891 4

220 3937 285 3975 cum
300 3919 404 3978 Cicero
428 3920 469 3975 sic
492 3938 575 3975 orsus
598 3931 689 3975 esset:
712 3923 761 3994 qui
781 3939 838 3976 eum
858 3922 984 3984 uiderent.
1009 3925 1046 3976 itu
1068 3939 1115 3976 uos
1137 3939 1195 3976 esse
1215 3931 1309 3988 notos,

218 4015 246 4061 ut
272 4016 296 4061 et
317 4009 488 4062 cornmimiter
515 4007 553 4059 od
581 4026 626 4061 ens
655 4009 765 4061 cintrites
792 4011 852 4081 opti
878 4024 994 4061 essemus
1021 4012 1091 4070 cet..
1118 4005 1308 4080 deberetque

218 4090 285 4146 huic
313 4101 338 4147 et
366 4094 536 4146 communiter
563 4092 686 4146 alterum
716 4091 893 4165 respondere
923 4101 1022 4165 aptum
1047 4109 1084 4146 ex
1106 4089 1159 4146 illo
1183 4094 1222 4146 itu
1239 4110 1309 4161 ,esee

217 4186 310 4239 erutos,
335 4187 376 4241 ut.
400 4177 456 4232 hoc
479 4176 618 4241 altorum,
643 4194 707 4232 cum
732 4177 915 4251 parenthesis
939 4175 1159 4244 intervenisset.
1184 4176 1224 4232 ab
1248 4175 1309 4233 hac

217 4262 362 4318 sententia
386 4262 559 4325 seiunctum,
583 4262 709 4337 repetito
727 4263 817 4318 verbo
841 4264 967 4325 riderent,
991 4261 1026 4317 ad
1045 4260 1223 4336 particulam
1242 4280 1307 4318 eunt

217 4348 344 4403 rettulit:
378 4367 476 4421 eosque
504 4351 580 4422 i'psos
612 4352 720 4403 uirtutes
750 4352 838 4417 (curu)
869 4347 986 4410 ii'rlerent
1013 4367 1061 4404 nos
1088 4349 1308 4420 mopnr'ficentt‘us

215 4443 340 4507 oppetere
362 4444 385 4489 et
408 4435 547 4489 ardentius
570 4444 625 4489 cet.
660 4433 765 4507 Itaque
789 4433 835 4489 hic
859 4433 949 4503 locus,
973 4433 1002 4489 in
1026 4451 1084 4507 quo
1104 4430 1214 4491 Cicero
1233 4452 1307 4510 pro-
