3030 5086
441 372 486 419 uu
502 369 590 418 usu.
612 365 676 417 nno.
699 371 711 417 1
732 370 805 418 css.
826 371 938 424 ιι-ιε.
958 368 1090 434 (ιε-ιο.)
1262 353 1304 418 86

222 540 272 606 ite
294 541 338 606 sit
357 539 501 618 affectus,
529 546 561 605 ct
587 537 766 604 firmitatem
787 537 883 604 animi
904 555 961 604 nec
982 502 1114 604 mortem
1136 557 1194 605 neo
1215 539 1304 605 dolo·

222 660 293 707 rem
314 642 465 721 timentis,
487 641 572 723 qnod
593 658 679 705 mors
702 657 797 724 sensu
819 650 940 718 careat,
962 641 1053 706 dolor
1074 641 1106 705 in
1128 640 1303 722 longinqui·

221 752 292 811 tate
313 744 399 824 levis,
421 743 452 808 in
474 743 629 823 gravitete
651 742 756 807 brevis
778 741 880 806 soleat
901 759 980 820 esse,
1002 748 1038 806 ut
1059 743 1125 808 eius
1147 743 1302 824 magnitu-

296 936 319 982 8.
340 931 399 980 lenio
419 929 599 998 [mitescet
616 930 674 995 (pro
692 929 767 991 otti}

222 1098 291 1159 τίνα
315 1096 443 1198 νομόζιις
465 1097 540 1160 εἶναι
562 1094 717 1198 κρείττονα
739 1097 794 1157 τοῦ
816 1089 896 1157 καὶ
883 1091 953 1194 περὶ
977 1088 1096 1157 occist
1079 1119 1146 1158 οσια
1156 1084 1301 1170 δοξάζον-

223 1205 280 1252 σος
300 1176 349 1243 καλ
370 1205 437 1286 περι
461 1174 600 1242 θανᾶτου
624 1175 672 1242 διὰ
695 1175 807 1250 παντὸς
829 1173 989 1282 ἀφόβως
973 1203 1093 1260 εχοντος
1121 1176 1171 1243 καλ
1192 1176 1227 1242 τό
1249 1182 1303 1262 τῆς

222 1259 342 1340 σόσειος
364 1264 630 1367 ἐπιλελογισμένου
643 1263 728 1335 reice
754 1258 803 1366 καὶ
831 1259 867 1324 τό
877 1289 950 1361 μιν
976 1266 1034 1324 τῶν
1063 1262 1187 1362 ἀγαθῶν
1209 1265 1303 1346 σε’ρας

221 1372 265 1419 ως
293 1350 370 1412 ἐστιν
399 1342 648 1449 ευσνμσλὴρωτόν
674 1372 707 1410 τε
735 1345 784 1411 καὶ
811 1338 1018 1452 εὐπόριστον,
1036 1342 1301 1430 διαλαμβάνοντος,

221 1429 260 1493 τό
290 1431 321 1497 δὲ
349 1436 407 1495 τῶν
434 1435 531 1494 κακῶν
559 1429 599 1504 ‹134-
628 1425 644 1514 ἢ
664 1427 835 1515 χρόνους
819 1460 831 1494 ι
863 1455 974 1504 νιονοος
1002 1429 1058 1512 ἔχει
1080 1437 1215 1514 domic,-
1249 1437 1301 1496 Se·

222 1534 356 1598 quuntur
377 1523 463 1599 plura
485 1523 521 1581 de
543 1521 623 1593 lotis,
647 1541 722 1599 quae
745 1522 938 1581 describendo
960 1534 1098 1598 corrupte
1116 1533 1193 1591 sunt,
1217 1532 1246 1579 et
1265 1523 1301 1579 de
1329 1545 1332 1550 ·

152 1646 155 1651 ,
221 1607 357 1675 fortune,
411 1627 478 1665 uam
506 1608 625 1704 sepiens
653 1627 710 1704 ηομ
740 1609 856 1677 timeat,
891 1625 956 1664 cum
986 1608 1157 1704 praesertim
1191 1607 1301 1664 iudicet

221 1696 356 1770 κρεῖττον
350 1629 459 1749 όλναι
483 1683 698 1769 εόλογι’στως’
680 1695 798 1767 αιυχιῖν
827 1679 845 1768 ἢ
873 1683 1036 1766 ἀλογίστοις
1059 1683 1195 1766 εὐτυχεῖν.
1241 1692 1300 1751 Sed

221 1779 303 1876 apud
326 1778 484 1854 Epicurum
514 1777 587 1834 haec
614 1776 798 1837 subiciuntur
827 1777 990 1834 sententiae
1019 1778 1055 1833 ds
1082 1776 1243 1850 voluptatis
1271 1784 1301 1834 et

222 1863 342 1920 virtutis
361 1861 581 1934 coniunctione;
605 1864 682 1937 opud
700 1861 872 1920 Ciceronem
891 1865 963 1919 hoec
980 1863 1107 1918 nondum
1123 1863 1198 1921 satis
1216 1882 1300 1938 prae·

223 1960 327 2023 persta
350 1959 426 2018 sunt,
450 1948 529 2023 quod
551 1947 619 2004 illes
642 1948 818 2011 sententies,
842 1947 949 2022 quibus
972 1947 1019 2004 hle
1042 1947 1147 2017 utitur,
1170 1949 1299 2005 nondum

222 2034 331 2110 attigit
354 2052 407 2091 nec
430 2053 466 2090 ex
491 2033 652 2109 voluptatis
675 2034 862 2110 perceptione
885 2033 1026 2107 sequitur,
1050 2043 1082 2088 ut
1104 2033 1138 2101 is,
1162 2034 1211 2107 qui
1234 2052 1299 2090 eum
1396 2090 1401 2097 ,

221 2120 382 2195 percipiat,
406 2118 445 2176 sit
467 2118 585 2194 sopiens
608 2117 780 2194 Epicureus.
823 2119 930 2193 Itaque
952 2115 1015 2175 fere
1038 2117 1139 2174 eadem
1164 2118 1301 2175 dicuntur

220 2203 302 2261 infra
323 2223 348 2261 c.
370 2202 496 2274 XVIII,
522 2205 560 2261 57
584 2222 662 2278 sqq„
691 2203 741 2260 ubi
765 2203 794 2260 in
818 2204 935 2279 epilogo
959 2203 1216 2278 comprehenditur
1238 2213 1301 2261 tota

222 2288 345 2365 Epicuri
368 2283 471 2346 bootae
494 2289 573 2346 vitoe
596 2288 778 2346 constitutio,

309 2384 333 2431 et
358 2376 515 2447 strictitatem
547 2372 643 2452 ααιόιὶ)
678 2375 723 2430 De
756 2372 915 2448 partitione
949 2383 1053 2448 coepta
1090 2374 1120 2429 in
1137 2391 1226 2435 .voce
1259 2384 1298 2444 et,

220 2458 328 2516 deindo
357 2460 535 2536 interrupte,
564 2459 622 2516 vid.
648 2476 711 2516 exc.
736 2459 751 2514 l
774 2459 811 2515 ad
834 2463 849 2529 ᾖ
870 2458 918 2515 23.
963 2459 1092 2515 Volebat
1114 2458 1219 2516 Cicero
1247 2459 1299 2515 ud·

219 2544 360 2620 Iungere:
393 2556 418 2602 et
440 2546 672 2619 tranquillitatem,
707 2564 766 2600 oum
789 2546 907 2600 divinum
929 2563 1024 2600 rrumeo
1046 2563 1095 2598 νιοο
1119 2545 1241 2615 horreat,
1275 2555 1300 2602 et

219 2633 374 2686 meritorium
403 2634 612 2705 proeteritorum
640 2632 820 2704 voluptatum
854 2648 908 2704 pro
943 2629 987 2684 his
1021 2628 1159 2685 subiecit:
1192 2630 1241 2686 Ad
1267 2649 1300 2687 ea

219 2732 281 2770 cum
304 2717 406 2772 accedit
427 2725 482 2773 cet.

308 2819 379 2857 moro
406 2820 484 2857 sensu
512 2798 617 2873 careat)
640 2799 702 2860 Cir.
728 2800 767 2856 49
792 2808 822 2855 et
845 2800 894 2856 62.
941 2798 1076 2857 Secunda
1105 2807 1150 2854 est
1177 2799 1298 2874 Epicuri

220 2885 381 2947 sententia,
410 2894 527 2979 praeter
550 2884 713 2958 Diogenem
736 2885 794 2952 (Χ,
801 2885 941 2980 139)a
961 2883 1062 2940 multis
1083 2883 1150 2940 aliis
1173 2901 1298 2941 comme·

220 2980 350 3027 morata:
375 2959 406 3026 0
429 2956 567 3033 θανατος
590 2960 674 3026 οὐδὲν
696 2959 771 3064 nod4
794 2958 880 3041 ἡμᾶς·
908 2957 943 3023 τό
948 2960 1027 3063 γοὶρ
1050 2957 1194 3025 διαλυθὲν
1217 2959 1297 3024 ἄκαι-

220 3054 343 3131 toperi,
377 3044 412 3109 τό
443 3043 474 3109 δὲ
502 3044 708 3133 ἀναισθητοῦν
736 3043 820 3108 οὐδὲν
842 3044 917 3127 πρὸς
940 3043 1026 3127 ἡμᾶς
1072 3053 1169 3109 Vertit
1193 3053 1298 3111 Cicero

218 3136 261 3203 ΙΙ,
291 3140 359 3196 100.
410 3138 471 3198 CIr.
497 3137 618 3214 Epicuri
642 3157 688 3213 ep.
714 3137 751 3193 ud
776 3137 908 3193 Menoec.
937 3137 1014 3212 apud
1041 3139 1127 3212 Diog.
1152 3139 1197 3201 X,
1226 3139 1297 3198 124.

220 3223 264 3281 Ut
292 3224 356 3285 alit.
386 3224 532 3299 Epicurus
561 3232 668 3279 statum
699 3231 766 3298 post
794 3232 916 3279 mortem
945 3224 1166 3291 consolabatur3
1201 3225 1296 3299 ipsum

219 3309 298 3364 vitae
322 3311 497 3366 desiderium
522 3319 552 3364 et
574 3309 708 3364 timorem
733 3306 935 3365 dissolutionis
957 3326 1014 3363 non
1038 3309 1212 3384 attingebat.

305 3395 418 3452 (lotor
408 3415 434 3450 m
463 3397 653 3468 longinquitate
680 3396 773 3487 leurs)
786 3392 900 3465 erurta
929 3401 972 3449 est
1002 3393 1122 3468 Epicuri
1152 3394 1298 3451 sententie

217 3478 322 3573 (Diog
344 3481 385 3549 X
414 3481 502 3550 140l:
527 3470 570 3535 Οὐ
593 3471 720 3567 χρονίζει
742 3466 777 3534 τό
800 3469 948 3570 ἀλγοῦν’
933 3495 962 3532 εν
984 3475 1020 3550 τῇ
1042 3472 1138 3574 σ’,αρκι
1163 3469 1239 3534 ἀλλὰ
1261 3469 1297 3534 τό

216 3552 272 3633 μὲν
301 3550 393 3659 ἄκρον
414 3555 466 3620 τόν
489 3551 643 3657 ἐλάχιστον
664 3547 770 3654 χρόνον
797 3550 936 3634 πάρεστι,
970 3551 1008 3616 τό
1035 3553 1066 3619 δὲ
1093 3552 1184 3635 μόνον
1212 3553 1295 3639 ὑπερ-

216 3663 313 3702 τεινον
340 3639 375 3703 τό
405 3633 547 3741 ἡδόμενον
569 3664 647 3701 κατα
669 3664 767 3723 σαρκα
796 3637 831 3700 ου’
859 3636 1014 3710 αολλας
987 3639 1111 3747 ημόρας
1124 3640 1295 3741 συμβαίνει,

217 3722 251 3784 ui
273 3721 304 3786 di
326 3721 514 3827 πολυχρόνιοι
536 3749 595 3786 των
613 3720 784 3826 αρρωστιών
802 3717 1000 3796 αλεονόζον”
985 3747 1083 3805 εχουσι
1098 3720 1134 3785 τό
1152 3716 1296 3804 ἡδόμενον

217 3806 247 3868 ἐν
274 3811 311 3885 τῇ
339 3833 425 3905 σαρκι
454 3804 525 3892 ἥπερ
553 3805 588 3869 τὸ
618 3805 734 3887 ἀλγοῦν.
782 3817 885 3885 (Recte
914 3813 1022 3871 habere
1045 3814 1183 3871 videntur
1206 3814 1297 3869 verba

215 3889 251 3953 τό
274 3891 305 3956 δε
327 3883 479 3974 μόνον-
507 3891 669 3973 συμβαίνει,
693 3917 767 3972 quae
791 3917 893 3957 omues
916 3908 1044 3967 tentunt3
1068 3899 1213 3975 Epicurus
1236 3908 1296 3955 tres

216 3984 346 4060 quasi
331 3985 437 4041 aradus
466 4003 529 4042 esse
552 3983 630 4040 vult.
664 4002 795 4042 summus
823 3984 907 4040 dolor
937 3985 1129 4041 brevissimus
1152 3994 1210 4051 est3
1244 3983 1294 4058 qui

216 4086 275 4126 non
298 4088 429 4127 summus
459 4080 488 4126 et
517 4078 615 4126 tantus
644 4076 741 4125 tamen
764 4080 823 4140 est,
852 4078 885 4126 ut
908 4069 1127 4144 voluptutem
1117 4087 1148 4125 ιο
1171 4086 1295 4144 corpore

216 4154 315 4212 vincet
338 4164 368 4212 ct
390 4154 541 4214 obscuret,
566 4172 623 4209 non
646 4153 767 4228 longus3
798 4155 849 4229 qui
873 4155 991 4229 longus,
1020 4154 1084 4229 ipsc
1107 4155 1185 4211 cedit
1207 4171 1295 4229 saepe

216 4240 361 4316 voluptati
395 4249 424 4295 et
459 4258 511 4315 per
539 4240 619 4295 vices
647 4239 842 4311 obscuratur.)
891 4240 988 4296 Mults
1021 4239 1080 4296 alia
1112 4233 1322 4314 collegerunt'

216 4325 372 4402 Menagius
400 4325 438 4381 ad
463 4325 548 4400 Diog.
576 4325 634 4380 140
658 4335 687 4380 et
710 4323 879 4382 Gotakerus
908 4325 945 4380 sd
968 4325 1113 4383 Antonin.
1138 4326 1214 4392 vn,
1239 4324 1294 4393 333
