3030 5086
274 502 337 567 692
664 519 710 563 nn
733 516 864 564 nmmos
887 517 958 563 nou.

274 688 359 769 quod
392 686 704 751 animadvertendum
737 704 807 750 esse
836 685 905 765 ipsa
933 695 1047 750 nature
1075 686 1210 750 iudicet?
1244 703 1361 767 quem-

274 790 443 854 admodum
465 788 535 869 quis
557 787 703 866 ambulet,
726 789 844 866 sedeat,
868 786 920 868 qui
943 789 1055 852 ductus
1078 788 1151 866 orie,
1175 788 1227 869 qui
1248 787 1362 852 vultus

274 893 306 955 in
329 909 454 972 quoque
476 890 537 954 sit?
559 889 675 954 nihilne
697 895 746 953 est
766 889 799 954 in
818 889 866 953 his
884 888 986 967 rebus,
1009 890 1094 970 quod
1111 890 1239 970 dignum
1255 889 1362 954 libero

274 1002 330 1057 aut
356 993 518 1074 indignum
546 1010 616 1056 esse
642 978 815 1055 ducamus?
858 990 970 1054 Nonne
997 990 1070 1055 odio
1097 992 1213 1056 multos
1241 991 1363 1072 dignos

234 1096 256 1159 ὃ
273 1101 430 1176 putamus,
449 1093 503 1174 qui
520 1095 655 1175 quodam
672 1098 759 1156 motu
775 1099 830 1156 aut
847 1098 931 1156 statu
944 1092 1091 1157 videntur
1108 1101 1237 1157 naturae
1253 1093 1363 1174 legem

274 1204 306 1260 et
328 1196 453 1260 modum
475 1194 721 1277 contempsisse?
764 1194 805 1257 Et
826 1186 973 1274 quoniam
996 1194 1074 1258 haec
1096 1196 1294 1259 deducuntur
1317 1194 1364 1258 de

274 1316 421 1378 corpore,
454 1298 528 1378 quid
556 1306 617 1376 est,
652 1316 707 1361 cur
735 1314 797 1360 non
826 1302 909 1360 recte
936 1296 1134 1376 pulchritudo
1162 1296 1256 1359 etiam
1285 1294 1365 1375 ipsa

273 1408 405 1480 propter
428 1418 463 1464 se
484 1399 659 1480 expetenda
682 1397 836 1462 ducatur?
887 1397 967 1462 Nam
991 1398 1018 1462 si
1040 1398 1229 1479 pravitatem
1251 1395 1363 1461 immi·

274 1502 496 1583 notionemque
523 1500 664 1581 corporis
692 1505 824 1580 propter
851 1518 885 1563 se
906 1497 1086 1582 fugiendam
1109 1508 1272 1580 putamus,
1301 1516 1366 1563 cur

217 1605 258 1668 10
275 1622 336 1666 non
360 1603 463 1682 etiam,
486 1620 523 1666 ac
545 1601 681 1666 fortasse
703 1601 810 1682 magis,
834 1609 966 1682 proptor
983 1621 1017 1665 se
1033 1601 1153 1667 formae
1171 1601 1366 1683 dignitatem

274 1705 462 1785 sequamur?
511 1704 553 1768 Et
575 1704 601 1768 si
624 1703 848 1784 turpitudinem
871 1702 1008 1782 fugimus
1035 1705 1065 1768 iu
1097 1711 1181 1768 statu
1209 1710 1240 1768 et
1269 1710 1366 1766 motu

274 1806 429 1887 corporis,
469 1805 543 1886 qnid
578 1811 640 1883 est,
679 1822 735 1868 cur
767 1804 1029 1885 pulchritudinem
1068 1824 1130 1869 non
1164 1804 1367 1887 sequamur?

275 1911 378 1995 Atque
410 1908 505 1972 etiam
533 1907 758 1986 valetudinem,
791 1907 889 1985 vires,
927 1907 1112 1972 vacuitatem
1141 1906 1260 1971 doloris
1295 1924 1366 1970 non

274 2018 405 2090 propter
426 2009 592 2073 utilitatem
614 2009 729 2086 solum,
758 2009 816 2072 sed
844 2008 939 2072 etiam
966 2009 1053 2089 ipsas
1080 2018 1212 2089 proptor
1238 2027 1276 2073 se
1304 2027 1365 2073 ex·

217 2114 257 2177 15
275 2121 424 2192 petemus.
470 2111 623 2190 Quoniam
647 2111 728 2175 enim
752 2120 865 2173 natura
888 2110 953 2174 suis
976 2110 1118 2174 omnibus
1141 2109 1258 2190 expleri
1282 2128 1366 2190 par-

275 2214 358 2278 tibus
380 2213 461 2291 vult,
483 2213 566 2276 hunc
588 2219 704 2276 statum
726 2212 869 2293 corporis
891 2231 949 2292 per·
971 2212 1130 2292 seipsum
1152 2210 1281 2291 expetit,
1303 2209 1367 2292 qui

348 2475 366 2518 1.
387 2466 636 2533 qui(proquo‹l)E
676 2484 727 2515 esre
756 2467 846 2517 omia
890 2472 968 2516 &eet
991 2467 1081 2518 om.L
1117 2466 1186 2515 iislt
1230 2464 1366 2530 4.(1ίφιιω

275 2535 358 2585 rrrultos
378 2536 467 2586 creor.
505 2541 527 2586 9.
538 2534 696 2600 sapientiai}
736 2540 773 2584 10.
793 2552 838 2584 nou
857 2535 904 2583 iam
923 2544 944 2583 et
961 2535 1024 2584 lanc
1033 2534 1180 2597 forloaoell
1219 2539 1257 2585 ll.
1268 2533 1364 2600 jopia·

275 2623 325 2654 tuus
344 2620 430 2654 omnes
468 2609 507 2658 1³.
527 2605 597 2653 auom
616 2619 664 2653 om.
684 2602 706 2652 C
744 2607 781 2655 14.
800 2602 845 2652 sed
862 2618 911 2654 om.
932 2605 953 2651 E

277 2847 368 2916 Oxx.,
381 2845 449 2904 Gzii
464 2841 531 2924 [8])
551 2854 712 2920 pervagato
730 2844 835 2901 mendo
853 2843 919 2914 (cfr.
934 2850 948 2913 ς
962 2846 1029 2917 40);
1053 2851 1216 2901 correctum
1234 2854 1280 2899 est
1296 2843 1360 2900 ianr

275 2933 305 2989 in
329 2932 397 2988 edit.
420 2949 447 2987 a.
475 2931 564 2987 1480.
609 2930 725 2986 Deinde
747 2930 815 2987 orihel
836 2933 903 2986 inest
926 2930 986 2986 Eri.
1010 2940 1040 2985 et
1064 2929 1158 3005 Spin,
1181 2948 1238 3004 mg.
1263 2927 1359 2998 Crat,

275 3017 338 3074 cod.
362 3018 451 3086 Mon,
474 3015 549 3072 Pall.
574 3016 603 3085 2,
628 3015 656 3083 3,
681 3016 709 3085 5,
735 3018 769 3085 6,
792 3015 927 3089 plerique
952 3016 1045 3079 Dan,
1067 3027 1127 3088 χψ,
1151 3024 1291 3087 recteque
1316 3014 1360 3071 sie

276 3103 367 3166 Man,
380 3102 495 3170 Lamb,
509 3100 616 3169 Gzius3
640 3099 730 3156 ceteri
748 3100 832 3156 codd.
844 3101 922 3170 (Pal.
936 3103 965 3170 4,
978 3100 1062 3156 Parr.
1078 3103 1104 3163 l,
1118 3099 1146 3165 3,
1171 3098 1281 3167 Maed,
1300 3094 1358 3169 Ut,

276 3199 335 3243 tres
359 3186 440 3260 Gaii)
462 3187 529 3242 rrilril
550 3205 600 3242 non
623 3195 675 3254 eet,
699 3193 732 3241 ut
755 3185 846 3241 edidit
870 3185 1036 3254 Victorius3
1065 3185 1090 3241 E
1112 3185 1178 3241 m'lril
1199 3204 1252 3240 non
1275 3190 1359 3253 lucan

276 3271 317 3349 [B
338 3272 422 3329 uiolul
443 3271 553 3328 omisso
572 3267 688 3346 verbo].
729 3270 882 3327 Editiones
904 3270 966 3327 fere
989 3271 1088 3326 trition
1109 3280 1157 3327 eol.
1193 3269 1268 3326 Post
1289 3270 1361 3343 quid

275 3366 355 3413 reete
377 3356 511 3430 sequitur
532 3355 563 3412 in
580 3356 789 3431 interrogando
805 3357 879 3421 nillil,
903 3366 1042 3430 utsupra
1060 3357 1128 3424 §40
1149 3362 1177 3411 et
1200 3354 1272 3411 alibi
1289 3374 1358 3423 nom

277 3442 382 3498 deinde
404 3460 423 3497 a
445 3460 522 3498 novo
545 3441 630 3498 initio
642 3441 713 3497 Piso
730 3441 907 3517 interrogat:
931 3442 1029 3497 m'lu'lne
1045 3451 1084 3497 eat
1101 3443 1127 3497 iu
1146 3441 1187 3496 leia
1203 3440 1283 3497 rebus
1301 3450 1359 3497 cet.

276 3529 352 3585 Tum
376 3529 473 3584 crudos
495 3528 589 3600 diqoos
612 3544 714 3582 omnes
736 3526 804 3584 Gaii
828 3526 944 3583 codices
967 3524 1038 3603 [B];
1062 3526 1128 3584 edd.
1152 3525 1315 3582 invertunt.

362 3614 426 3670 liaeo
449 3614 618 3669 deducuntur
641 3613 675 3667 cle
696 3611 819 3687 corpore)
842 3612 898 3668 hoe
921 3621 975 3681 est,
998 3623 1031 3667 ut
1050 3610 1204 3668 Ernestius
1227 3624 1358 3677 enarrat,

277 3698 409 3755 homines
443 3698 515 3754 haee
543 3698 579 3753 de
608 3715 731 3771 corpore
760 3716 913 3753 removere
941 3697 1074 3762 student,
1109 3695 1357 3770 quemadmodum

276 3784 419 3841 Horatius
446 3783 540 3856 febres
567 3792 675 3855 oeprolo
702 3802 812 3857 corpore
840 3784 971 3839 delituere
999 3782 1083 3840 dixit.
1135 3781 1208 3838 Mox
1238 3780 1299 3837 Eri.
1329 3792 1359 3838 et

277 3869 356 3943 Spir.
373 3869 510 3942 sopienda
528 3878 666 3942 pettoriano.
711 3866 752 3945 [B
775 3877 808 3924 ut
830 3865 945 3944 ceteri]

361 3958 387 4011 ai
407 3955 598 4033 turpitudinem
613 3954 751 4027 sepimus)
775 3952 825 4011 Sic
844 3953 1006 4010 Lambinus
1029 3970 1044 4007 e
1068 3951 1195 4009 Manutii
1218 3951 1359 4009 amenda-

277 4040 365 4111 tioue,
378 4039 542 4103 Ernestius,
556 4038 737 4096 Schuetzius.
752 4036 898 4107 Orellius3
921 4037 1006 4096 codd.
1024 4039 1175 4110 frrpiornue,
1198 4036 1277 4111 quod
1298 4055 1359 4095 nou

276 4126 370 4183 solum
389 4125 456 4182 ideo
474 4123 544 4181 ferri
562 4142 619 4180 non
634 4133 738 4198 potest.
757 4123 836 4197 quod
854 4124 909 4180 hoc
926 4122 1084 4197 respondet
1102 4121 1263 4196 superiori:
1279 4126 1307 4179 oi
1319 4154 1358 4166 -·

269 4213 430 4284 sopiendam
444 4219 582 4284 putamus,
606 4210 657 4265 sed
676 4209 804 4283 quodsi
823 4209 894 4266 Piso
904 4212 1048 4283 suqr'arous
1065 4208 1185 4277 diceret,
1208 4206 1361 4282 signifiea-

276 4307 330 4363 rot,
353 4315 407 4352 nos
430 4315 488 4352 non
512 4293 628 4371 fugere,
660 4306 888 4369 quaereretque,
918 4294 988 4368 quid
1011 4305 1183 4350 eventurum
1207 4302 1303 4361 esset,
1335 4292 1361 4351 ai

275 4380 452 4457 fugeremus.
498 4381 584 4437 Nune
608 4381 757 4438 concludit
779 4399 816 4436 ex
839 4399 884 4449 eo,
907 4380 984 4453 quod
1008 4379 1069 4436 fieri
1094 4377 1249 4454 significat.
