3030 5086
391 490 433 534 ar
457 489 538 535 usn.
561 488 624 534 nra.
648 488 684 533 nr
706 487 779 534 cxr.
799 486 1026 550 4-5.(15-16.)
1179 467 1242 533 363

169 658 249 722 enim
273 656 390 722 Zenoni
412 656 507 730 licuit,
531 675 598 720 cum
622 674 686 720 rem
708 657 845 737 aliquam
867 654 1036 719 invenisset
1053 653 1242 733 inusitatam,

168 760 340 824 inauditum
368 776 492 839 quoque
520 759 547 823 ei
575 759 619 823 rei
647 776 759 822 nomen
787 759 960 839 imponere,
990 775 1046 821 cur
1068 774 1130 820 non
1151 756 1244 821 liceat

170 861 302 925 Catoni?
351 860 416 925 Nec
437 869 542 924 tamen
565 860 696 940 exprimi
718 861 846 925 verbum
869 878 887 924 e
910 859 1003 923 verbo
1026 876 1153 945 necesse
1174 857 1243 936 erit,

170 970 204 1027 ut
225 963 413 1042 interpretes
435 961 584 1026 indiserti>
600 961 713 1039 solent,
736 968 804 1026 cum
827 962 868 1025 sit
889 961 1031 1038 verbum,
1055 962 1139 1041 quod
1160 961 1244 1024 idem

170 1065 321 1142 declaret,
350 1063 448 1144 magis
471 1063 633 1142 usitatum3
661 1065 804 1143 equidem
833 1063 917 1128 soleo
940 1064 1047 1140 etiam,
1075 1064 1161 1143 quod
1182 1063 1283 1128 unci)

170 1166 291 1243 Graeci,
314 1165 341 1229 si
358 1166 450 1229 aliter
468 1183 529 1228 non
547 1184 685 1249 possum,
703 1166 784 1231 idem
802 1165 942 1246 pluribus
959 1165 1061 1229 verbis
1078 1183 1243 1245 exponere.

169 1268 211 1331 Et
237 1275 339 1331 tamen
369 1276 445 1346 puto
473 1267 601 1332 concedi
629 1267 717 1332 nobis
746 1277 903 1347 oportere,
938 1274 973 1330 ut
1000 1266 1120 1331 Graeco
1148 1266 1245 1331 verbo

169 1376 302 1446 utamur,
325 1369 350 1432 si
374 1369 498 1448 quando
521 1369 623 1432 minus
641 1376 784 1453 occurret
799 1369 955 1446 Latinum,
977 1387 1016 1432 ne
1032 1368 1091 1433 hoc
1108 1369 1244 1449 ephip-

170 1470 246 1551 piis
269 1479 301 1534 et
321 1470 596 1550 acratophoris
614 1456 718 1550 potius
736 1489 830 1551 quam
848 1471 1092 1551 prodgmenis
1109 1478 1141 1534 et
1156 1488 1244 1550 apo-

169 1572 413 1653 proegmenis
435 1572 634 1635 concedatur.
669 1574 865 1652 Quamquam
886 1572 964 1636 haec
986 1572 1111 1652 quidem
1134 1591 1243 1653 prae·
1263 1572 1306 1638 10

170 1674 298 1754 posita
316 1681 400 1738 recte
416 1678 448 1736 et
464 1673 614 1737 reiecta
631 1673 857 1738 dicerelicebit.
883 1675 930 1738 16.
943 1672 1125 1752 Benefacis,
1137 1673 1245 1754 inquit,

170 1776 254 1855 quod
276 1793 325 1838 me
347 1775 492 1852 adiuvas,
515 1783 547 1838 et
567 1775 636 1837 istis
659 1775 792 1858 quidem,
814 1793 894 1856 quae
916 1776 1008 1839 modo
1032 1775 1150 1851 dixisti,
1173 1783 1245 1839 utar

170 1877 273 1957 potius
284 1876 418 1954 Latinis,
437 1877 467 1939 in
485 1876 597 1941 ceteris
615 1877 788 1955 subvenies,
807 1875 835 1940 si
851 1896 900 1941 me
918 1877 1096 1941 haerentem
1116 1875 1243 1941 videbis

170 1978 294 2056 Sedulo,
316 1979 452 2059 inquam,
475 1978 597 2042 faciam.
642 1977 705 2042 Sed
726 1978 851 2042 fortuna
867 1977 978 2057 fortes;
1002 1996 1100 2059 quare
1121 1997 1245 2055 conare,

170 2097 297 2160 quaeso.
342 2080 423 2159 Quid
447 2079 526 2144 enim
548 2098 716 2159 possumus
739 2080 795 2143 hoc
818 2098 912 2160 agere
933 2080 1088 2144 divinius?
1264 2081 1305 2147 15

255 2181 292 2244 V.
315 2180 422 2244 Placet
433 2181 490 2259 his,
507 2180 616 2262 inquit,
633 2198 766 2261 quorum
780 2182 865 2245 -ratio
882 2182 957 2246 mihi
974 2183 1136 2262 probatur,
1154 2182 1245 2246 simul

238 2340 261 2380 3.
285 2351 327 2382 nec
344 2342 434 2382 torrium
454 2334 503 2382 Mc
526 2351 568 2382 nec
591 2351 636 2382 reon
658 2343 749 2382 lautum
767 2334 810 2381 Ll’
863 2343 885 2383 4.
905 2334 979 2382 solent
998 2351 1047 2384 om.
1067 2336 1087 2383 P
1141 2341 1163 2383 ⁵.
1185 2335 1246 2384 Post

169 2400 244 2466 maqc'o
266 2403 324 2450 udd.
344 2403 447 2451 ruinosae
466 2402 585 2452 LPMCR
638 2406 659 2450 7.
680 2410 701 2450 et
719 2403 810 2451 omli
859 2409 882 2451 8.
901 2420 983 2451 munos
1005 2402 1068 2468 [nlla
1104 2403 1244 2453 occurritis

171 2476 193 2520 9.
221 2487 291 2533 quam
319 2486 367 2519 om.
392 2471 413 2519 C
465 2471 582 2534 poemenia
604 2471 626 2518 E
651 2469 813 2535 prodepmenio
838 2471 908 2519 LPM
938 2479 971 2527 (ot
996 2473 1069 2520 simil.
1098 2472 1125 2520 in
1151 2480 1246 2536 opopr.)

172 2544 209 2588 10.
228 2538 352 2601 proposito
371 2538 489 2587 LPMCR
529 2543 570 2586 ll.
590 2537 714 2588 liceborlc
763 2543 798 2586 la.
818 2546 843 2587 ut
860 2543 916 2602 (pro
935 2538 1049 2606 quod)E
1096 2544 1135 2589 14.
1154 2538 1245 2591 Sedulo

171 2635 201 2643 -
220 2624 309 2670 quaeso
327 2607 394 2659 Non.
413 2623 436 2670 p.
457 2611 487 2654 37
542 2606 586 2655 sed
602 2607 691 2657 omP
725 2606 803 2671 sones
824 2606 950 2674 [d1Non.
1007 2613 1044 2657 15.
1061 2608 1105 2657 hoc
1120 2625 1245 2672 postorum

170 2674 334 2741 (armetur,
370 2674 413 2723 loe
431 2692 500 2738 opere
515 2674 681 2738 possumusne
716 2692 786 2739 opere
804 2691 854 2724 om.
874 2676 900 2724 M
943 2682 977 2724 16.
997 2676 1068 2726 a'slt

170 2831 234 2870 cum
265 2814 378 2870 infinite
406 2815 570 2887 quaesitum
601 2826 679 2870 esset
707 2816 786 2888 (qnid
813 2834 902 2872 censeo
923 2818 1032 2889 joret),
1066 2815 1171 2873 Cicero
1199 2835 1245 2873 re·

169 2899 310 2973 spondet:
333 2901 501 2956 Faciendum
523 2901 558 2955 id
579 2901 686 2972 quidem
709 2910 758 2958 eet.
804 2903 904 2974 Atque
927 2901 956 2957 id
978 2919 1152 2975 responsum
1175 2920 1245 2958 con·

170 2985 329 3040 cessionem
354 2985 442 3041 habet
466 2984 605 3040 molestae
628 2985 821 3050 necessitatis,
845 2997 878 3040 ut
900 2986 982 3059 sequi
1000 2987 1120 3043 debeat:
1144 2986 1201 3043 Sed
1222 2989 1247 3042 ei

170 3071 279 3136 Zenoni,
304 3089 377 3126 non:
401 3070 434 3126 Si
455 3073 522 3126 em'm
544 3071 654 3128 Zenoni.
701 3069 854 3145 Significat
877 3070 991 3135 Cicero,
1015 3071 1092 3144 quod
1116 3070 1191 3130 Cato
1213 3090 1245 3128 se

128 3172 130 3177 ·
170 3155 272 3210 timore
300 3155 430 3223 dixerat,
459 3173 495 3210 ue
523 3155 642 3211 nimiam
672 3152 863 3212 offensionem
892 3174 968 3212 nova
992 3157 1080 3212 verba
1109 3156 1245 3213 habitura

170 3248 277 3314 essent,
299 3241 518 3296 excusationem
542 3250 674 3314 puratum
697 3239 770 3298 iore.

254 3328 340 3397 inopie
362 3325 502 3398 excitatam)
526 3342 613 3398 quarn
635 3325 682 3392 id,
706 3325 784 3399 quod
807 3324 974 3400 lingendum
998 3325 1050 3391 sit,
1073 3325 1099 3382 si
1121 3326 1243 3382 verbum

170 3428 185 3464 e
209 3409 299 3464 verbo
322 3411 447 3484 exprimi
471 3418 615 3485 oporteat.
662 3409 711 3468 Sic
723 3409 811 3469 Grul.
831 3405 1139 3490 ePa1.1‚spir.[ss].
1186 3402 1244 3484 (Da

170 3494 270 3550 Marso
293 3493 407 3550 fallitur
430 3495 532 3563 Gzius,
556 3504 587 3550 ut
610 3495 698 3563 solet,
728 3496 869 3552 Morelius
898 3514 914 3550 e
942 3513 996 3552 suo
1018 3497 1082 3552 cod.
1107 3506 1245 3552 annotat:

170 3581 244 3652 quod
254 3583 339 3650 neapis
351 3582 418 3635 idem
431 3583 556 3647 (lemorel,
574 3583 709 3649 usitutum,
727 3581 826 3636 nescio
837 3599 875 3636 an
887 3580 916 3636 in
930 3580 1108 3637 excribendo
1121 3583 1244 3653 errans.)

171 3664 250 3721 Oxx.
273 3674 306 3719 ut
323 3665 416 3720 nostri
434 3665 602 3721 deteriores.
636 3665 719 3732 Mox,
742 3665 793 3721 ubi
810 3675 868 3722 est:
892 3686 923 3721 ne
945 3667 993 3721 loc
1012 3666 1153 3740 ephippiis,
1177 3684 1244 3740 pro·

170 3749 297 3804 nominis
326 3749 500 3824 significatio
529 3752 570 3821 (ut
596 3754 622 3805 in
649 3748 783 3806 Zodnum
809 3769 953 3807 amionem
981 3753 1155 3824 recipiuntur)
1184 3761 1243 3807 tam

169 3832 257 3891 facile
280 3834 393 3890 eruitur
415 3852 451 3889 ex
470 3833 679 3907 superioribus,
703 3846 735 3891 ut
753 3835 833 3892 nulla
850 3836 888 3891 sit
905 3833 1038 3891 offensio.
1071 3834 1147 3891 Tum
1161 3854 1245 3910 prae·

168 3922 257 3993 posito
279 3919 337 3974 iam
355 3920 400 3976 ed.
416 3920 490 3975 Van.
507 3919 587 3975 1494
605 3928 635 3976 et
650 3919 736 3990 aliae,
760 3929 820 3976 tum
839 3938 854 3975 e
872 3920 966 3976 tribus
983 3919 1154 3976 melioribus
1167 3920 1244 3977 Pall.

171 4003 333 4071 Gruterus,
352 4010 493 4079 proposita
516 4003 604 4059 etiam
623 4004 702 4062 Oxx.
727 4012 836 4061 onines.
881 4003 967 4076 Quod
986 4003 1080 4061 Gzius
1097 4005 1139 4061 ait
1156 4006 1245 4080 paulo

170 4099 238 4162 post
260 4091 342 4160 (16),
368 4089 494 4157 „multos
518 4089 662 4162 scriptos“
686 4098 754 4163 post
768 4091 858 4162 sortes
879 4089 987 4146 addere
1009 4091 1135 4159 adiuuat,
1158 4108 1244 4148 namo

170 4173 246 4229 alius
276 4174 434 4247 quidquam
458 4173 620 4231 annotavit.
664 4174 814 4230 Possumus
841 4175 889 4231 hoc
916 4174 987 4247 (non
1016 4175 1064 4232 hoc
1087 4179 1245 4250 possumne)

170 4258 258 4315 etiam
283 4258 372 4318 Crat,
397 4260 484 4329 Vict,
508 4259 589 4328 Bas,
612 4257 741 4328 Gud.1;
763 4277 1005 4334 operepossumas
1027 4258 1106 4318 Gud.
1131 4261 1159 4316 2.

257 4342 329 4418 Cap.
353 4345 389 4403 V.
417 4346 463 4401 16.
498 4345 592 4401 Placet
614 4345 665 4414 lis,
687 4346 774 4418 iuquit
794 4343 866 4419 oet.)
888 4344 999 4420 Incipit
1020 4343 1095 4403 Colo
1117 4363 1136 4401 a
1153 4345 1244 4440 primi

171 4428 319 4504 appetitus
331 4429 499 4488 definitione
517 4438 547 4486 et
557 4429 671 4505 primae
682 4429 907 4500 conciliationis,
925 4430 980 4488 hoo
992 4438 1046 4499 est,
1065 4421 1245 4496 οἰκειωσεως,
