3030 5086
252 480 292 545 61
296 480 316 544 2
641 498 685 543 nn
707 496 838 544 anninus
861 496 932 543 nou.

251 667 328 744 lunt
350 673 519 747 propterea
540 666 623 747 quod
645 684 683 731 ex
706 666 826 731 ratium
844 666 1021 747 gignuntur,
1044 686 1106 748 qua
1124 666 1199 731 nihil
1224 671 1278 730 est
1301 663 1339 728 in

250 768 377 833 homine
393 767 535 832 divinius.
569 768 693 833 Etenim
710 767 845 833 omnium
868 787 981 848 rerum,
1004 789 1083 851 quas
1105 778 1136 835 et
1158 776 1250 834 creat
1272 784 1339 832 na-

252 878 324 935 tura
350 877 382 935 et
408 877 526 949 tuetur,
554 889 634 951 qnae
660 878 716 935 aut
737 870 805 935 sine
831 870 934 935 animo
963 879 1035 936 sunt
1061 878 1117 936 ant
1143 890 1206 934 non
1229 868 1340 934 multo

252 990 352 1051 secus,
374 990 481 1038 earum
504 991 656 1037 summum
673 972 788 1037 bonum
806 973 836 1036 in
853 990 985 1054 corpore
1001 980 1063 1052 est3
1086 981 1198 1038 utnon
1216 971 1341 1037 inscite

214 1077 235 1140 5
252 1074 329 1139 illud
350 1075 466 1139 dictum
483 1074 625 1140 videatur
647 1075 678 1138 in
697 1092 761 1153 sne,
784 1074 918 1138 animum
941 1074 985 1139 illi
1006 1075 1117 1155 pecudi
1136 1075 1246 1139 datum
1269 1091 1340 1156 pro

322 1267 345 1313 2.
363 1270 397 1311 est
415 1261 474 1311 mbo
492 1264 548 1326 (pro
566 1261 697 1317 eteniran
750 1267 773 1310 ³.
792 1270 934 1311 tanarum.
955 1262 974 1310 l’
1014 1261 1061 1311 rial
1078 1277 1178 1313 omnes.
1195 1261 1241 1311 Or.
1281 1278 1337 1311 aaa

253 1346 301 1381 om.
325 1345 411 1379 omncs
464 1338 485 1380 4.
506 1347 583 1379 eonem
605 1345 691 1378 omnes
735 1347 780 1379 aaa
804 1330 886 1379 {insede
910 1358 940 1368 -
962 1330 1087 1394 putisceret
1113 1330 1210 1380 Nonius
1233 1346 1258 1395 p.
1281 1333 1333 1377 161

255 1402 268 1445 5
295 1398 398 1447 unimam
421 1427 445 1434 -
468 1397 550 1447 datam
569 1398 611 1449 Or.

338 1574 408 1630 poue
429 1565 477 1612 ant
497 1560 554 1613 sine
575 1558 664 1611 arrium
684 1556 759 1631 sacrat)
778 1556 813 1612 In
831 1566 935 1631 aperta
951 1556 1006 1612 hae
1021 1554 1137 1632 generis
1154 1554 1338 1612 delinitione

253 1642 332 1714 (nam
356 1640 573 1716 distinguuntur
601 1641 720 1696 arbores
747 1641 911 1716 stirpesque
939 1650 967 1697 et
997 1640 1106 1697 bestiae
1134 1641 1171 1697 ab
1198 1639 1336 1701 homine.

254 1726 282 1782 in
307 1743 364 1799 quo
387 1745 500 1783 summa
523 1725 611 1782 animi
635 1727 704 1800 est).
733 1744 797 1782 curn
827 1726 907 1782 nulla
930 1726 1113 1782 extrinsecus
1134 1743 1224 1782 causa
1247 1723 1336 1782 modi

255 1811 386 1867 mutandi
419 1810 585 1879 accederet,
619 1811 836 1868 coniunctivum
865 1813 941 1885 (sr'nt)
973 1810 1125 1868 ferendum
1158 1828 1216 1867 non
1251 1828 1335 1877 esse,

254 1911 334 1952 recte
347 1896 499 1952 Ernestius
516 1896 665 1953 iudicavit.
701 1890 806 1967 (Gaius
828 1916 898 1971 quus
915 1897 979 1953 vult
996 1915 1061 1954 esse
1080 1898 1138 1953 licet
1153 1915 1207 1963 eae,
1231 1895 1336 1970 quasi.

254 1985 358 2038 en'nmei
378 1982 506 2038 animum
529 2000 586 2038 non
611 1982 747 2049 habeant,
771 1982 909 2038 tamenin
932 1981 1030 2038 animo
1053 1999 1196 2039 summum
1217 1981 1335 2037 bonum

255 2085 312 2123 non
331 2066 486 2140 habeantl)
520 2067 597 2123 Illud
620 2067 739 2124 dubium
759 2076 813 2135 est,
837 2067 1003 2143 potueritne
1020 2066 1136 2140 Cicero,
1158 2084 1224 2123 cum
1247 2084 1335 2123 com·

256 2171 342 2208 ruane
370 2172 457 2209 rerum
481 2171 584 2208 nomen
608 2153 767 2227 posuisset,
795 2153 920 2210 transire
949 2152 977 2209 in
1007 2151 1238 2209 demonstrativa
1259 2169 1335 2208 serr·

256 2237 348 2293 tentia
369 2237 406 2294 ad
429 2247 563 2294 neutrum
586 2256 678 2314 genus
700 2238 894 2313 pronorninis;
918 2257 985 2294 nam
1008 2238 1036 2293 in
1055 2237 1118 2296 cod.
1137 2238 1216 2296 arch.
1235 2236 1337 2294 fuisse

255 2342 357 2379 corant.
387 2323 544 2380 ostendunt
572 2323 659 2379 etiam
683 2320 748 2400 [Β.]
771 2322 851 2381 Oxx.
873 2316 956 2398 (Εξχ)
985 2332 1011 2379 et
1040 2322 1183 2379 editiones
1211 2332 1337 2379 veteres

256 2407 360 2480 (Crat,
381 2410 483 2477 Man).
507 2409 561 2465 etsi
584 2409 620 2465 de
643 2409 765 2465 aliorum
788 2408 939 2466 codicibus
961 2417 1083 2466 tacetur.
1119 2408 1196 2464 Fieri
1220 2416 1337 2483 potest.

257 2507 288 2549 ut
311 2504 444 2550 neutrum
467 2494 612 2568 posuerit,
642 2505 789 2568 tamquam
820 2494 844 2549 si
873 2493 927 2549 hac
954 2492 1051 2550 forma
1077 2511 1147 2549 usus
1175 2503 1267 2551 esset:
1299 2511 1338 2549 ar

257 2579 336 2635 rebus
358 2598 376 2635 a
397 2588 495 2635 tratura
517 2583 613 2635 creatis
635 2585 723 2636 ornatio
745 2599 776 2635 ea
798 2589 868 2646 cet,
892 2597 949 2635 non
972 2578 1042 2634 hac:
1064 2597 1152 2635 omnes
1173 2597 1217 2635 res
1238 2599 1257 2635 u
1280 2597 1338 2634 aa·

258 2674 320 2719 lura
341 2674 455 2730 mentua,
479 2683 548 2738 petae
570 2674 625 2721 cet.
665 2665 699 2721 In
723 2664 786 2720 cod.
809 2665 889 2720 arch.
912 2663 1050 2720 omissum
1074 2662 1164 2720 fuisse
1186 2682 1238 2720 aon
1260 2672 1339 2721 ante

257 2751 352 2817 nrrrlto,
381 2749 537 2806 ostendunt
560 2747 615 2826 [B]
638 2759 667 2806 et
689 2748 764 2806 Pall.
787 2749 916 2824 (praeter
939 2751 970 2821 6)
997 2758 1027 2805 et
1049 2747 1128 2807 Oxx.
1151 2747 1279 2824 (Εΰχψ)
1306 2756 1339 2807 el

258 2834 401 2890 editiones
425 2844 538 2892 vetares
560 2833 662 2906 (Crat,
686 2834 792 2908 Vict.);
815 2834 928 2890 addidit
949 2834 1046 2891 Aldus
1069 2834 1227 2891 Manutius.

343 2921 442 2977 diction
463 2919 600 2998 vitientur)
622 2939 640 2976 a
662 2919 836 2995 Chrysippo.
860 2920 884 2975 si
907 2919 1042 2977 Ciceroni
1065 2919 1210 2976 credimus
1233 2917 1269 2974 de
1291 2916 1337 2977 N.

259 3006 298 3063 Ι).
323 3005 362 3063 11.
390 3006 463 3073 1603
492 3006 599 3064 Stoicis
622 3005 797 3079 quibusdam
820 3005 921 3068 tribuit
944 3004 1121 3062 Plutarchus
1143 3004 1172 3060 in
1195 3003 1340 3077 Quaestt.

259 3089 557 3159 convivaturus
580 3111 608 3166 p.
624 3092 684 3147 685
697 3090 731 3158 C,
754 3089 890 3148 Cleanthi
913 3089 1006 3148 Clam.
1032 3090 1117 3147 Alex.
1140 3089 1248 3147 Strom.
1268 3088 1340 3147 v11

258 3194 287 3250 p.
303 3175 364 3232 304
387 3175 469 3251 Sylb.

343 3264 460 3317 unirnum
473 3293 512 3303 -
524 3262 630 3333 dotum)
654 3260 814 3317 Lambinus
836 3263 953 3317 altimum
975 3262 1078 3328 dutum,
1101 3269 1132 3315 et
1152 3258 1246 3315 secuti
1263 3269 1342 3318 sunt

259 3356 326 3420 post
348 3344 507 3404 Gruterum
530 3345 592 3403 fere
615 3345 806 3415 recentiores;
829 3344 922 3403 Gaius
945 3347 986 3419 (et
1003 3344 1068 3419 Or.)
1085 3343 1211 3401 eNonio
1231 3362 1341 3419 sump-

260 3441 320 3487 tum
344 3442 457 3489 narrat.
486 3431 563 3506 quod
591 3450 627 3487 ne
655 3431 721 3505 quis
749 3431 895 3499 crederet,
923 3431 986 3506 ipse
1016 3429 1175 3487 Lambinus
1202 3438 1342 3488 caverat.

259 3515 326 3572 Non
351 3517 542 3591 spernendam
565 3515 656 3573 fuisse
679 3517 863 3574 coniunctam
886 3516 1018 3573 codicum
1042 3526 1072 3572 et
1089 3514 1179 3572 Nonii
1202 3514 1340 3572 auctori·

260 3611 359 3664 tatem,
380 3602 518 3658 Davisius
535 3601 690 3663 intellexit,
708 3620 885 3676 quamquam
903 3620 961 3659 non
979 3601 1051 3658 satis
1068 3599 1215 3657 subtiliter
1231 3598 1342 3674 dispu-

260 3686 342 3743 tavit.
387 3686 459 3746 Cum
490 3688 565 3743 enim
595 3688 623 3743 in
653 3686 770 3744 Graeco
798 3688 876 3744 dicto
899 3673 980 3762 ψυχή
1008 3686 1222 3752 nominaretur,
1251 3694 1341 3742 recte

261 3773 359 3829 Latini
378 3773 548 3848 plerumque
566 3773 596 3829 in
613 3792 648 3829 eo
661 3772 809 3829 reddendo
827 3776 943 3828 calinum
955 3772 1152 3829 nominarunt.
1169 3769 1225 3827 hoe
1242 3769 1341 3846 signi-

261 3859 394 3921 ficantes,
423 3876 503 3914 suem
527 3859 564 3913 ab
587 3859 781 3916 inanimorum
810 3876 917 3932 genere
939 3865 1103 3932 separatam
1128 3864 1157 3912 et
1178 3854 1207 3911 in
1230 3872 1340 3912 eorum

260 3944 395 4017 positam,
418 3962 493 4016 quas
512 3943 644 3999 viverent
668 3954 697 3999 et
719 3943 844 3999 animam
869 3943 1016 4003 ducerent.
1040 3952 1072 3999 ut
1094 3941 1157 4016 ipse
1174 3939 1279 3999 Cicero
1299 3939 1341 3997 de

261 4029 300 4085 N.
315 4030 362 4099 D.‚
376 4029 471 4085 Varro
489 4028 524 4085 de
538 4029 571 4086 R.
587 4030 620 4086 R.
635 4030 674 4087 lI.
687 4030 716 4095 4.
732 4029 780 4097 10,
795 4027 910 4084 Plinius
922 4028 960 4084 H.
973 4027 1011 4084 N.
1024 4027 1110 4085 VllI.
1124 4027 1194 4083 207.
1225 4024 1287 4084 Sed
1306 4025 1341 4083 in

260 4113 315 4169 hac
327 4113 533 4187 disputatione.
547 4132 612 4170 cum
625 4114 660 4170 de
672 4113 762 4170 animi
775 4124 804 4170 st
816 4113 947 4187 corporis
959 4113 1127 4169 discrimine
1139 4121 1169 4168 et
1179 4110 1341 4186 utriusque

262 4198 346 4255 bonis
368 4210 487 4273 agatur,
501 4217 635 4274 cumque
658 4200 852 4275 significatum
876 4199 923 4268 sit,
947 4198 1090 4272 quaedam
1113 4195 1253 4253 animalia
1274 4212 1341 4254 non

262 4284 384 4340 multum
407 4285 524 4353 abesse,
554 4285 623 4359 quin
652 4285 714 4342 sine
743 4285 840 4341 animo
869 4284 928 4341 sint
955 4286 1004 4354 (ex
1034 4302 1092 4357 quo
1114 4292 1212 4338 tamen
1236 4280 1342 4351 simul,

261 4387 297 4425 ea
323 4370 451 4426 animum
474 4370 597 4429 habere.
625 4370 831 4447 significatur),
861 4369 1027 4426 necessario
1054 4372 1159 4425 anianus
1186 4366 1276 4423 eliam
1308 4366 1342 4425 in

261 4472 313 4511 sue
336 4454 512 4525 nominatur,
535 4465 716 4532 negaturque
738 4455 825 4512 huius
842 4454 963 4531 pecudis
986 4455 1094 4512 bonum
1116 4453 1146 4510 in
1164 4454 1254 4509 umine
1271 4469 1355 4529 essa,
