3030 5086
253 451 315 516 682
639 466 684 511 on
707 466 836 513 eramus
860 466 931 512 non.

254 655 334 718 quae
356 636 465 716 primo,
488 635 518 698 in
541 652 601 715 quo
623 635 691 698 loco
714 643 806 700 natae
827 641 908 713 sulit
931 653 968 698 en
991 653 1027 698 eo
1050 653 1084 699 se
1106 653 1166 698 uon
1189 652 1335 698 commo·

254 750 339 815 veut3
364 737 474 801 deinde
496 755 552 800 suo
576 755 716 818 quaeque
737 737 879 818 appetitu
897 748 1050 815 movetur;
1073 754 1200 817 serpere
1217 735 1335 816 angvi·

254 841 348 918 uuloS,
372 858 446 902 nare
463 839 643 917 anaticulas
661 839 784 903 evolare
800 839 945 918 merulas,
962 839 1106 903 cornibus
1123 839 1167 902 uti
1184 839 1336 902 videmus

253 943 358 1019 boves,
381 959 477 1022 nepas
499 941 622 1018 aculeis,
645 960 734 1005 suam
756 941 890 1021 denique
906 941 1016 1022 cuique
1033 949 1175 1005 naturam
1192 960 1262 1005 esse
1287 939 1336 1004 ad

215 1045 417 1109 bvivendum
441 1043 558 1107 ducem.
592 1046 680 1122 Quae
703 1043 869 1107 similitudo
891 1043 922 1107 in
946 1062 1058 1123 genere
1081 1044 1172 1108 ctiam
1189 1044 1335 1106 humano

327 1237 345 1282 l,
365 1229 415 1280 Ioco
434 1245 481 1279 ont.
502 1231 524 1278 E
564 1234 586 1279 2.
606 1247 698 1294 serpere
718 1258 748 1266 -
767 1229 847 1279 ducem
867 1231 963 1279 Nonius
982 1247 1005 1294 p.
1025 1237 1069 1278 t45
1111 1238 1133 1279 3.
1154 1241 1239 1280 nature
1258 1231 1333 1280 Non.

254 1299 386 1350 audiculae
406 1299 448 1346 ΕΡ
466 1296 599 1347 attaliculos
618 1299 682 1349 Nou.
724 1298 805 1347 volare
823 1299 887 1349 Non.
929 1299 1049 1348 videamus
1068 1299 1131 1350 Nou.
1174 1302 1243 1348 bores
1262 1298 1336 1348 ride·

252 1370 343 1417 muel}
388 1373 411 1420 4,
430 1384 515 1431 vespas
533 1367 589 1432 (pro
607 1370 692 1431 nepas)
711 1384 796 1417 omnes
818 1380 916 1432 praeter
935 1369 1000 1417 Non.
1024 1378 1048 1417 et
1066 1369 1154 1429 mg.P
1189 1368 1224 1418 ud
1246 1368 1335 1417 viven-

254 1438 308 1486 dum
327 1437 406 1486 ducem
425 1453 476 1485 esse
495 1436 515 1484 L

253 1613 347 1685 (quam
369 1612 564 1667 similitudinem
588 1613 753 1683 transferens
771 1612 848 1684 cet).
882 1611 978 1683 Prope
998 1611 1118 1675 accedit,
1143 1611 1220 1684 quod
1239 1610 1335 1666 huius

253 1697 351 1772 operis
373 1695 438 1751 libr.
461 1697 502 1763 ΙΙ,
516 1697 554 1752 47
578 1696 699 1769 legitnr3
723 1715 842 1771 prorsus
864 1695 1073 1752 eiusdemmodi
1098 1707 1183 1755 esset.
1206 1696 1231 1751 si
1255 1695 1335 1751 scri-

254 1783 385 1838 beretur:
409 1800 463 1854 quo
482 1783 654 1838 similitudine
668 1792 824 1856 perspectu3
848 1782 970 1838 nuncin
988 1782 1090 1837 eodem
1108 1781 1200 1856 gradu
1219 1790 1334 1841 manet,

254 1886 312 1942 quo
336 1868 424 1924 Tusc.
445 1867 573 1936 1v‚23:
596 1867 694 1922 morbis
716 1886 856 1941 corporum
878 1878 1052 1942 cornpurutur
1073 1868 1221 1923 morborum
1244 1869 1336 1922 tritt'mi

252 1954 404 2009 similitudo.
429 1953 458 2008 id
481 1963 534 2021 est,
559 1953 652 2008 morbi
676 1953 766 2009 animi
789 1953 907 2008 similes.
952 1953 1029 2009 Nam
1053 1953 1129 2009 etin
1150 1952 1333 2009 substantivi

252 2057 307 2095 usu
331 2038 496 2112 proprietas
518 2038 661 2112 quaedam
685 2049 727 2094 est
751 2048 779 2093 et
802 2038 832 2094 in
856 2038 1028 2112 pronomine
1052 2039 1088 2094 ad
1111 2039 1140 2094 id
1161 2056 1333 2094 accommo-

253 2124 359 2183 dando.
383 2124 459 2197 quod
482 2142 574 2199 genus
596 2124 681 2198 attigi
704 2124 733 2179 in
758 2123 928 2198 vulgaribus
951 2123 1094 2197 exemplis
1118 2124 1154 2179 ad
1174 2125 1214 2191 ΙΙ,
1234 2124 1287 2180 66.

338 2229 386 2265 suo
409 2228 529 2282 peraeque
551 2213 670 2282 appetitu
692 2209 822 2281 mouetur)
846 2210 922 2264 Dav.
940 2227 955 2264 e
974 2209 1058 2265 Parr.
1072 2210 1088 2264 2
1103 2219 1130 2265 et
1145 2209 1162 2264 3
1180 2220 1335 2278 moventur,

253 2303 281 2351 et
311 2304 406 2370 potest
436 2295 490 2351 boc
518 2295 647 2368 placere.
677 2305 708 2350 ut
731 2294 835 2352 Cicero
858 2295 1041 2368 (praesertim
1071 2295 1100 2350 in
1125 2295 1264 2351 membris
1289 2295 1335 2351 sic

254 2381 417 2436 coniunctis
436 2383 525 2453 primo
536 2412 577 2420 —
588 2390 753 2442 cortianomnt
777 2381 872 2435 deinde
888 2381 955 2451 cet.)
967 2380 1162 2436 communiter
1183 2380 1335 2454 pluralem

254 2466 399 2541 posuerit,
434 2465 619 2539 appositione
648 2476 744 2521 autem
775 2465 968 2522 interiecerit.
1003 2476 1034 2521 ut
1064 2466 1125 2521 fieri
1156 2467 1245 2534 solet,
1282 2485 1336 2521 sito

254 2571 384 2625 qtmcquc.
432 2550 490 2607 Sed
513 2550 585 2605 nihil
610 2551 777 2617 mutandum
802 2569 879 2607 esse.
910 2551 1027 2607 docebit
1056 2552 1146 2607 multo
1174 2551 1276 2607 durior
1299 2551 1335 2606 in

254 2637 356 2693 eodem
387 2636 516 2691 membro
545 2636 684 2692 transitus
712 2635 748 2691 ad
778 2636 955 2710 singularem
979 2637 1060 2692 verbi
1085 2655 1236 2692 numerum
1262 2647 1335 2710 post

254 2740 355 2778 vocem
378 2725 492 2796 quisque
515 2721 544 2776 in
569 2722 582 2777 I
607 2719 663 2778 Off.
691 2723 763 2776 tlt:
794 2732 820 2777 ut
843 2725 909 2777 enirn
929 2725 1045 2796 pictores
1073 2733 1098 2777 et
1119 2726 1151 2792 ii,
1181 2725 1228 2795 qui
1250 2725 1335 2793 st'grna

248 2809 432 2881 fabricantur,
463 2818 487 2862 et
509 2827 568 2862 vero
590 2810 668 2862 etium
687 2815 781 2880 postue
803 2828 879 2863 sutvm
903 2812 1017 2881 quisque
1039 2828 1105 2882 optts
1127 2828 1145 2863 a
1166 2810 1244 2879 culpo
1267 2826 1334 2863 cou-

254 2895 371 2949 sideruri
397 2894 466 2960 vnlt3
496 2893 542 2948 cui
572 2892 719 2965 geminum
748 2903 804 2948 est.
837 2893 913 2965 quod
943 2894 989 2948 hic
1013 2898 1027 2962 ξ
1047 2894 1085 2950 72
1110 2903 1184 2950 extr.
1209 2893 1334 2968 legitur.

254 2975 330 3058 [Cfr.
354 2977 438 3036 Caes.
462 2978 496 3033 B.
517 2977 550 3036 C.
574 2978 631 3046 Ill,
646 2979 694 3035 37.
719 2978 839 3036 Sallust.
865 2978 929 3036 Cat.
954 2979 1002 3038 37.
1027 2980 1090 3035 Liv.
1114 2974 1334 3058 vlt.33.1t.]

253 3065 322 3121 Non
346 3082 463 3138 possum
486 3063 576 3138 igitur
599 3065 732 3137 probare,
756 3064 833 3136 quod
853 3063 884 3120 II
904 3065 942 3120 N.
957 3066 992 3120 D.
1009 3066 1064 3120 121
1091 3065 1200 3121 editur:
1223 3074 1335 3137 qtcurtta

253 3152 292 3206 ad
314 3168 371 3205 earn
394 3169 449 3205 rem
465 3152 513 3207 vis.
537 3159 565 3205 ut
581 3152 608 3204 in
625 3168 673 3204 sao
692 3168 814 3222 quaeque
828 3169 922 3221 periere
937 3161 1110 3224 permaneant
1128 3150 1333 3223 (animantes),

254 3254 318 3291 cnm
343 3236 372 3290 in
396 3234 530 3291 omnibus
554 3235 638 3290 bonis
660 3234 810 3291 codicibus
838 3236 875 3291 sit
900 3246 1064 3309 pervnumot.
1109 3235 1224 3307 (Neque
1250 3235 1333 3292 enirn

254 3322 349 3377 minus
372 3329 450 3375 recte
475 3323 528 3375 boc
551 3320 586 3375 de
610 3338 784 3393 unaquaque
807 3321 954 3376 animante
973 3340 1058 3393 quam
1077 3320 1112 3376 de
1132 3320 1256 3395 singulis
1279 3339 1334 3396 ge·

253 3407 373 3476 neribus
396 3406 517 3473 dicitur,
546 3424 582 3460 nc
605 3407 671 3478 quis
694 3405 785 3470 dicatq
815 3418 842 3461 ct
866 3407 927 3462 illic
955 3416 983 3462 et
1012 3406 1057 3461 hic
1086 3407 1179 3479 ipsum
1205 3425 1335 3480 pilaeque

253 3491 418 3548 necessario
447 3491 600 3564 pluraliter
628 3491 856 3566 intellegendum
880 3496 964 3562 esse.)
1008 3492 1042 3547 In
1066 3492 1227 3565 codemque
1252 3492 1333 3550 libro

256 3578 314 3634 127
333 3577 544 3632 restituendum
568 3589 621 3646 est,
645 3578 723 3650 qnod
741 3589 808 3633 ante
821 3577 1021 3633 Heindorfium
1040 3587 1069 3633 et
1083 3578 1230 3633 Moserum
1250 3577 1334 3653 lege·

253 3663 339 3719 batur
356 3670 385 3717 et
402 3680 419 3717 a
438 3662 588 3718 codicibus
606 3662 807 3718 confirmatur:
830 3668 885 3718 suis
908 3683 935 3718 se
952 3666 1035 3718 arinis
1053 3682 1173 3736 qttoequc
1191 3665 1332 3734 ttet'endat.

338 3751 434 3821 nepas)
457 3748 516 3803 llic
539 3748 656 3821 quidem
680 3748 806 3804 dubitari
830 3767 886 3804 non
911 3758 1016 3822 potest,
1040 3749 1110 3821 quin
1129 3748 1253 3815 Nonius,
1278 3749 1333 3822 qui

254 3844 374 3908 propter
396 3833 471 3888 lianc
488 3852 589 3889 vocem
613 3833 709 3890 locum
734 3833 853 3907 profert.
878 3853 975 3889 veram
1000 3835 1173 3908 scripturam
1193 3834 1333 3903 servarit,

252 3919 282 3975 in
306 3919 405 3975 codice
428 3929 525 3974 autem
549 3919 707 3994 archetypo
732 3939 783 3993 pro
808 3920 902 3974 minus
924 3930 994 3975 noto
1014 3920 1130 3975 nomine
1150 3923 1228 3989 (nam
1249 3937 1333 3975 scor·

253 4005 368 4079 pionem
388 4023 444 4060 non
462 4005 648 4079 ignorabant)
661 4005 757 4060 notius
774 4005 895 4060 ulterius
907 4006 1042 4061 animalis
1054 4006 1215 4061 subiectum
1230 4003 1334 4061 fuerit.

252 4090 288 4146 ln
306 4089 414 4147 Gudt
437 4091 466 4146 in
486 4110 541 4164 mg.
560 4091 699 4164 scriptum
720 4100 781 4146 erat
799 4093 834 4145 ot
852 4110 934 4163 rveprus
951 4095 1109 4165 scorpiones.
1134 4089 1332 4164 similiterque

253 4176 283 4233 in
306 4176 370 4232 Pal.
395 4178 429 4232 4.
458 4176 495 4231 ab
524 4176 623 4248 aliquo
646 4176 797 4245 nimirum,
827 4177 875 4249 qni
900 4176 1028 4233 Nonium
1053 4187 1160 4233 nosset.
1209 4176 1331 4245 „Etiam

254 4271 337 4317 votus
361 4261 502 4335 Scaligeri
528 4261 601 4316 liber
623 4262 755 4335 agnoscit
778 4269 890 4336 nepus“‚
914 4262 1026 4322 eodem,
1051 4262 1163 4335 opinor,
1188 4262 1285 4318 modo.

344 4346 419 4414 Qum
440 4349 584 4402 similitudo
607 4350 675 4420 cet.)
700 4346 807 4402 Parum
831 4348 981 4421 eleganter
1004 4348 1032 4402 in
1056 4348 1155 4403 orbern
1179 4347 1332 4421 quendam

253 4432 411 4488 revertitur
434 4433 505 4489 haec
528 4432 728 4489 similitudinis
746 4433 865 4502 notatio,
889 4445 929 4500 ut,
954 4450 1019 4488 cum
1043 4433 1192 4489 hominum
1216 4432 1333 4491 similes
