3030 5086
421 503 465 549 sn
488 503 569 549 nnn.
591 502 655 548 nm.
677 502 701 547 n
723 501 796 548 css.
816 505 838 550 s,
858 498 992 562 (rs-rs.)
1182 478 1246 545 165

169 691 250 754 quae
272 672 365 737 sitin
388 679 475 735 motu
496 670 557 751 (sie
577 670 658 736 enim
681 669 820 750 appellat
840 667 921 733 hunc
943 667 1074 744 dulcem,
1095 666 1126 731 in
1148 674 1246 744 mour,

168 774 251 839 illam
279 773 356 838 nihil
377 773 524 852 dolentiS,
552 773 803 853 instabilitate),
830 770 905 852 quid
933 768 1053 835 tendit?
1080 787 1149 834 cnm
1176 766 1245 834 effi·

167 894 238 941 cere
262 894 323 940 non
346 876 462 958 possit,
496 882 531 938 ut
552 875 709 955 cuiquam,
738 874 789 955 qui
812 873 879 954 ipse
901 870 960 936 sibi
983 880 1075 935 notus
1098 873 1153 944 sit,
1186 870 1246 936 hoc

167 988 230 1056 est,
264 978 317 1059 qui
346 996 435 1043 suam
467 984 612 1041 naturum
640 993 829 1056 sensumque
855 973 1070 1054 perspexerit,
1103 973 1244 1039 vacuitas

167 1079 283 1144 doloris
311 1087 344 1143 et
365 1078 510 1159 voluptas
538 1078 620 1143 idern
648 1096 718 1142 esse
740 1078 891 1142 videatur.
935 1075 1005 1141 Hoc
1032 1083 1080 1141 est
1107 1076 1169 1141 vim
1196 1073 1285 1140 af-l)

167 1179 259 1259 ferre,
283 1181 452 1263 Torquate,
475 1180 627 1260 sensibus,
651 1190 839 1260 extorquere
860 1198 898 1244 ex
919 1177 1030 1243 animis
1053 1177 1245 1260 cognitiones

168 1284 347 1361 verborum,
375 1282 487 1363 quibus
514 1283 623 1347 imbuti
645 1300 763 1347 sumus.
810 1281 886 1361 Quis
914 1291 963 1345 est
984 1279 1079 1358 enim,
1107 1280 1244 1362 quinon

167 1387 281 1461 rideat,
304 1385 381 1450 haec
403 1404 473 1450 esse
496 1386 524 1448 in
548 1395 662 1449 natura
684 1403 789 1449 rerum
812 1383 895 1447 tria?
916 1402 1020 1461 unum,
1042 1400 1112 1447 cum
1134 1383 1167 1447 in
1189 1400 1245 1445 vo-

167 1489 288 1568 luptate
300 1505 416 1566 sumus,
428 1487 569 1566 alterum,
582 1505 651 1550 cum
663 1486 695 1551 in
706 1486 823 1563 dolore,
836 1486 961 1550 tertium
970 1485 1038 1564 hoc,
1050 1485 1081 1549 in
1092 1503 1153 1566 qno
1163 1502 1245 1550 nunc

167 1590 309 1671 equidem
327 1608 405 1667 sum,
428 1590 520 1653 eredo
537 1589 611 1652 item
623 1607 689 1666 vos,
706 1606 762 1652 nec
777 1586 810 1650 in
828 1588 937 1654 dolore
954 1587 1056 1652 necin
1074 1586 1245 1667 voluptate,
1264 1588 1308 1652 10

242 1765 261 1807 l.
276 1759 310 1822 Jit
329 1759 373 1808 th
409 1760 432 1806 r'n
451 1759 556 1821 motnfit
575 1760 625 1808 MC
670 1763 691 1807 2.
717 1757 835 1807 dolenti]
879 1763 902 1805 ³.
926 1766 994 1806 notus
1015 1757 1063 1806 silui
1078 1756 1243 1809 Lt’ltclton

168 1835 192 1876 4.
207 1828 355 1892 prospexerit
375 1825 458 1894 [dliii
495 1833 516 1877 5.
536 1826 667 1877 uideturll
703 1826 737 1875 est
755 1827 814 1877 enim
832 1826 911 1875 simL
948 1830 962 1874 6
990 1825 1142 1890 capitatione
1156 1824 1245 1906 [Α]Ρο

169 1900 192 1945 t.
211 1895 270 1945 enim
288 1904 323 1945 ent
342 1895 481 1961 [leMCR
521 1901 543 1946 8.
563 1895 587 1944 in
606 1898 675 1959 (onte
694 1896 822 1960 voluptate)
841 1910 881 1945 orn
910 1894 932 1943 E
968 1900 989 1944 9.
1009 1895 1053 1944 loc
1070 1894 1163 1959 qutiiem
1180 1894 1245 1946 mc

171 1969 208 2014 l0.
228 1963 319 2028 quidem
338 1982 417 2014 sarnus
439 1962 623 2031 [mutatum.
666 1981 745 2013 omarus
765 1976 822 2016 tom.
841 1962 956 2027 equidem)
975 1964 1020 2013 Ec
1055 1963 1115 2013 idem
1135 1962 1245 2030 lill20r.

167 2032 259 2097 quidem
279 2033 397 2083 ur’ntcu
432 2049 474 2081 nos
494 2033 539 2082 lili
566 2051 639 2097 neque
658 2035 768 2082 seeundo
788 2034 845 2082 loeo
866 2034 886 2082 li
922 2032 984 2081 Post
1007 2048 1049 2081 nec
1071 2031 1094 2081 in
1115 2031 1160 2085 col.
1185 2033 1242 2084 add.

167 2118 218 2151 esse
237 2103 279 2152 Or.

167 2238 230 2299 fers
252 2240 329 2297 idenr
359 2240 398 2298 sit
424 2259 458 2297 ac
486 2243 631 2299 contendit.
660 2240 904 2315 quemadmodum
929 2239 1090 2297 Lambinus
1117 2239 1244 2314 scripsit.

168 2326 272 2384 Livius
301 2329 407 2383 tendere
434 2326 477 2383 sic
499 2344 608 2401 ponere
632 2326 722 2395 solet,
752 2326 831 2400 apud
853 2325 1025 2384 Ciceronem
1054 2325 1128 2382 n'ihil
1157 2325 1245 2400 plane

106 2479 115 2494 .
168 2411 264 2469 simile
286 2411 354 2487 legi.
401 2410 507 2485 (Gaius
529 2411 651 2467 ascribit
673 2398 749 2466 κατέἑ
771 2404 922 2479 riase'eet,
951 2411 1079 2487 fingens,
1103 2420 1136 2468 nt
1159 2410 1244 2481 solet,

167 2496 300 2555 inaudita
323 2496 454 2563 Graeca,
484 2508 518 2553 ut
540 2496 646 2554 Latina
674 2495 818 2570 explicet,
847 2495 872 2553 si
899 2496 977 2554 uliae
1005 2514 1100 2572 nugae
1124 2506 1245 2572 paratae

167 2600 225 2639 non
254 2586 344 2655 sunt.)
388 2582 524 2639 Alterum
554 2587 580 2640 in
608 2591 693 2648 inette,
723 2581 801 2654 qnod
830 2581 991 2656 particulae
1020 2586 1059 2639 sr'c
1086 2601 1123 2638 ex
1151 2583 1245 2637 abuu-

168 2667 248 2725 danti
272 2667 489 2742 superadditur,
512 2677 545 2723 nt
566 2667 744 2742 respondent
766 2666 900 2741 sequenti
924 2669 1127 2731 instabilitate,
1152 2668 1244 2724 Davi·

168 2753 229 2809 sius
251 2752 314 2809 tolli
339 2753 466 2811 volebat.
490 2754 592 2809 eodem
615 2752 688 2816 iure,
712 2770 771 2825 quo
794 2752 882 2827 paulo
905 2764 972 2827 post
993 2758 1008 2823 ξ
1027 2753 1067 2810 20
1090 2753 1245 2810 Ernestins

168 2838 259 2895 verba
281 2857 314 2893 ea·
336 2839 452 2904 duabus,
476 2856 550 2911 quoe
573 2847 695 2912 propter
717 2857 797 2894 unam
814 2837 915 2894 addita
931 2848 1009 2905 sunt,
1032 2838 1096 2895 tolli
1114 2838 1245 2904 iubebat,

168 2923 245 2996 quod
268 2924 459 2997 praecederet
475 2943 509 2980 ee
526 2925 577 2991 le's.
601 2922 630 2978 id
648 2931 702 2992 est,
724 2932 758 2979 nt
776 2923 834 2979 iarn
853 2923 989 2980 Bromius
1006 2923 1129 2991 nronuit,
1152 2924 1244 2980 nullo.

168 3008 245 3064 Turn
268 3017 346 3065 notite
368 3010 419 3064 sibi
440 3007 543 3085 [etiarn
567 3019 670 3064 contra
693 3009 721 3064 A
745 3016 775 3064 et
797 3006 837 3084 B]
860 3026 961 3065 omnes
985 3009 1082 3067 tacite.

252 3097 410 3165 coquitioues
437 3094 589 3167 uerborum)
622 3094 813 3166 Copitutr'ones,
842 3091 989 3168 frequenti
1018 3094 1245 3169 permutatione,

169 3189 328 3251 ,quattuor
356 3179 488 3253 priores“
520 3179 595 3236 Pall.
625 3178 729 3248 (miror
757 3179 793 3235 do
826 3182 870 3250 l),
905 3177 985 3237 Oxx.
1014 3180 1074 3254 Ux,
1110 3180 1186 3236 Dav.
1214 3192 1244 3238 et

166 3260 261 3322 Gaius
278 3263 374 3320 silent.
409 3264 488 3323 Satis
508 3265 669 3321 insolenter
689 3268 848 3336 apparitiones
865 3264 1010 3334 dicuntur,
1034 3283 1109 3340 qnae
1127 3269 1246 3322 notiones

166 3347 303 3405 videntur
325 3350 423 3424 potins
446 3350 641 3424 appellandae
663 3348 765 3418 fuisse,
788 3349 1032 3423 quamadmodum
1051 3351 1188 3419 Ursinus,
1212 3359 1245 3407 ut

166 3432 250 3501 solet,
274 3434 303 3490 in
327 3453 380 3491 suo
403 3453 434 3491 se
457 3435 557 3491 codice
580 3434 745 3510 repperisse
763 3435 875 3494 scribit.
912 3435 989 3492 Num
1007 3436 1136 3512 cognitio
1159 3437 1243 3494 verbi

165 3519 253 3575 aliter
285 3519 342 3576 dici
366 3520 500 3586 videtur,
534 3529 567 3576 nt
599 3522 759 3592 coquitionee
786 3539 875 3577 rerum
904 3522 961 3578 111.
995 3523 1031 3579 17
1060 3506 1246 3594 καταλήψεις

166 3614 242 3661 sunt.
287 3604 346 3663 Sed
374 3605 439 3680 ipsa
463 3606 552 3662 verba
580 3606 682 3682 ignota
708 3605 771 3660 fieri
801 3605 990 3675 videbantur,
1019 3625 1084 3663 curn
1114 3605 1156 3662 sic
1183 3605 1245 3662 alio

166 3688 419 3762 detorquerentnr.
464 3691 503 3748 Et
525 3690 725 3765 elio‘quoque
748 3691 835 3748 modo
858 3692 1042 3766 cognitiones
1069 3709 1123 3765 pro
1147 3691 1244 3748 notio·

166 3774 252 3831 nibus
275 3773 380 3833 Cicero
403 3775 479 3833 dixit
501 3776 537 3833 de
561 3777 598 3834 N.
625 3777 662 3833 l).
685 3776 714 3850 l,
739 3775 792 3832 36:
820 3780 978 3849 capnitiones
1000 3779 1110 3834 deorum
1131 3786 1161 3832 et
1183 3776 1243 3833 ibd.

166 3862 221 3916 tl:
244 3863 340 3917 insitus
357 3880 445 3917 earnem
464 3862 609 3934 (deorum)
627 3862 668 3918 vel
684 3864 776 3935 potius
798 3865 905 3919 innotus
927 3865 1085 3935 coquitiones
1107 3862 1242 3918 labeones.

165 3943 268 4022 [Quod
282 3945 393 4004 Belius
417 3948 553 4003 uerborum
577 3946 668 4004 deleri
692 3947 764 4002 vult.
787 3965 852 4003 eant
870 3948 1040 4021 similesque
1059 3947 1243 4005 coniecturas

165 4030 351 4095 omittendas,
376 4050 453 4088 nnnc
475 4032 589 4101 saltem,
613 4029 712 4108 puto]
746 4032 818 4088 Mox
836 4043 875 4089 eet
892 4037 959 4089 enim
971 4031 1064 4091 Gaius
1087 4051 1103 4089 e
1129 4032 1243 4100 ,tribus

165 4116 303 4190 optimis
328 4115 399 4194 [B];
422 4129 490 4174 ente
513 4128 577 4176 erat
599 4122 667 4176 enim
688 4126 737 4173 est.

249 4205 371 4275 equidem
393 4223 466 4264 sum,
489 4206 569 4260 credo
590 4207 651 4260 item
672 4201 732 4275 uos)
756 4193 785 4256 ἓν
808 4185 831 4272 qi
854 4186 908 4277 e’yoi
931 4193 1003 4274 εἰμι,
1032 4194 1117 4275 οἶμαι
1140 4191 1171 4257 δὲ
1192 4188 1242 4256 καὶ

164 4273 243 4358 ὑμᾶς
264 4280 361 4360 (οἶμαι
384 4277 415 4343 di
436 4276 485 4343 καὶ
508 4275 670 4364 Πρόδικον,
694 4287 771 4343 Plat.
794 4287 877 4344 Prot.
900 4306 928 4363 p.
943 4286 1055 4354 314&
1078 4284 1242 4344 vidllein·

164 4369 301 4443 dorflns),
325 4370 387 4430 Cic.
407 4372 488 4430 Lael.
508 4375 541 4431 t:
564 4392 597 4429 ea
618 4392 659 4430 nte
685 4382 827 4447 quaerunt.
849 4375 930 4430 eredo
951 4392 984 4429 ee
1006 4374 1137 4430 docitem
1159 4372 1243 4430 Scae-

164 4457 240 4526 volo3
274 4457 322 4514 hie
345 4459 383 4526 V,
409 4460 463 4528 76,
492 4458 544 4517 ubi
572 4457 677 4518 Cicero
705 4457 839 4533 scripsitt
871 4459 946 4532 quod
971 4465 1034 4515 item
1054 4459 1145 4531 fratri
1167 4465 1244 4533 puto,
