3030 5086
381 466 425 512 ar
448 466 529 512 mnu.
553 465 616 511 um.
639 466 662 511 11
685 466 757 513 can.
779 466 889 517 ae-ar.
903 464 1035 527 <as-es.)
1183 445 1246 511 285

171 644 279 703 tantae
305 634 475 718 pecuniae?
524 633 620 698 Vides
647 633 756 714 igitur,
784 633 811 696 si
838 632 1004 697 amicitiam
1032 650 1090 697 sua
1116 632 1248 697 caritate

171 738 315 816 matiam,
344 736 419 801 nihil
442 753 512 800 esse
533 735 762 816 praestantius,
791 734 838 799 sin
862 734 1081 813 emolumento,
1110 752 1247 798 summas

171 839 399 905 familiaritates
433 837 635 918 praediorum
666 836 896 907 fructuosorum
926 837 1067 901 mercede
1094 835 1247 916 superari,

172 943 225 1007 Me
257 941 351 1022 igitur
383 939 486 1019 ipsum
518 958 605 1004 ames
633 944 770 1019 oportet,
803 956 866 1002 non
895 956 977 1018 mea,
1012 937 1039 1001 si
1065 936 1131 1001 veri
1159 936 1249 1002 amici

171 1041 269 1107 futuri
292 1031 407 1106 sumus.
1265 1036 1287 1101 5

258 1143 388 1208 XXVII
418 1142 479 1206 Sed
502 1142 533 1206 iu
551 1141 645 1206 rebus
662 1140 867 1222 apertissimis
887 1140 1014 1204 nimium
1030 1139 1115 1221 longi
1132 1157 1248 1204 sumus.

172 1244 315 1311 Perfecto
337 1243 419 1308 enim
441 1251 474 1308 et
494 1243 648 1321 concluso,
672 1261 771 1324 neque
793 1241 960 1308 virtutibus
983 1260 1083 1322 neque
1105 1241 1249 1305 amicitiis

173 1365 306 1430 usquam
322 1346 424 1410 locum
441 1363 520 1423 esse,
538 1344 565 1409 si
582 1345 622 1408 ad
639 1344 830 1428 voluptatem
848 1344 952 1409 omnia
968 1341 1153 1421 referantur,
1175 1342 1252 1407 nihil

244 1588 267 1633 2.
285 1600 328 1632 auo
338 1583 396 1648 (pro
408 1580 488 1642 sio)E
525 1586 545 1630 3.
560 1581 747 1646 pretiosoramC
783 1589 805 1630 4.
822 1580 1154 1646 memrpdurLPMCROr.
1193 1585 1215 1629 6.
1229 1581 1253 1629 si

176 1655 233 1717 (pro
249 1651 344 1714 ⁸0ch
370 1649 465 1714 sudeus
483 1649 507 1697 E
544 1653 566 1698 t.
582 1653 689 1714 procero
711 1648 795 1717 [ΜΒ
831 1648 953 1715 [concludo
967 1649 1013 1715 Μ]
1049 1666 1091 1698 nec
1108 1648 1216 1699 oms'c.C

176 1857 322 1936 (Marsum
345 1865 375 1913 et
392 1854 587 1915 Cratandrum
611 1857 653 1914 sic
676 1857 817 1932 scriptum
833 1857 952 1926 habere,
976 1855 1069 1915 Gaius
1088 1852 1252 1930 mentitur.)

176 1945 291 2001 Vereor
307 1941 436 2011 omnino,
454 1950 487 1998 ut
503 1941 576 1997 illud
589 1942 727 1998 Latinum
740 1942 914 1999 vocabulum
933 1941 985 2011 sit;
1009 1960 1076 1999 nam
1093 1941 1131 1997 ab
1149 1940 1252 1997 eadem

177 2027 289 2103 origine
312 2027 370 2083 duo
393 2027 541 2083 contraria
563 2026 710 2084 adiectiva
732 2027 774 2083 sic
791 2026 968 2083 descendere
986 2026 1132 2095 videntur,
1155 2044 1253 2101 oppor-

178 2124 257 2171 tunus
279 2121 308 2169 et
330 2115 506 2186 importunus,
529 2111 774 2184 quemadmodum
797 2113 925 2168 obnectere
947 2121 976 2167 et
993 2114 1125 2179 inassatus,
1150 2120 1181 2167 ut
1204 2113 1253 2167 im·

173 2208 320 2275 pontinum
343 2196 438 2272 primo
460 2215 514 2252 usu
538 2197 575 2252 sit
598 2197 628 2253 id
650 2197 762 2273 ipsum,
786 2197 864 2271 qnod
886 2197 990 2253 volunt
1012 2214 1075 2254 esse
1098 2199 1254 2272 inopportu-

178 2303 254 2346 num,
282 2281 339 2339 nisi
361 2281 440 2355 quod
462 2290 583 2356 propter
605 2281 664 2338 vim
687 2281 810 2357 originis
832 2282 918 2339 nobis
939 2283 1057 2359 ignotae
1081 2291 1194 2339 mature
1216 2280 1254 2337 ab

178 2367 316 2444 negativa
337 2366 390 2422 illa
411 2366 624 2442 significatione
652 2367 770 2424 transiit
791 2366 829 2423 ad
851 2376 961 2425 certam
984 2367 1153 2443 (positivam
1176 2383 1255 2423 nuno

179 2453 315 2524 dicimus)
343 2450 408 2507 vitii
436 2451 688 2527 significationem.
738 2452 777 2509 Et
810 2460 907 2509 tamen
935 2453 1016 2510 illam
1044 2452 1167 2508 alteram
1196 2468 1253 2507 non

179 2555 300 2614 prorsus
322 2536 468 2592 sublatam
491 2554 570 2604 esse,
599 2536 751 2594 declarant
773 2535 908 2595 Sallustii
930 2538 1006 2614 (lug.
1032 2538 1083 2611 92)
1097 2540 1136 2593 'et
1158 2536 1256 2594 Taciti

180 2624 273 2695 (Anu.
297 2622 376 2690 XII,
403 2621 454 2694 12)
482 2629 511 2677 et
539 2619 606 2679 Silii
627 2621 725 2678 Italici
748 2623 823 2695 (ΙΙΙ,
848 2623 922 2694 540)
950 2634 980 2679 et
1007 2621 1099 2680 Gellii
1122 2622 1197 2693 (ΙΙΙ,
1222 2623 1255 2678 7:

180 2709 231 2765 loci
251 2708 459 2782 importunitate)
481 2705 553 2776 loci,
582 2714 615 2762 ut
637 2725 696 2763 non
718 2706 890 2763 incredibile
913 2707 966 2778 sit,
995 2725 1058 2763 eam
1082 2706 1255 2765 Ciceronem

181 2810 297 2867 quoque
319 2790 479 2865 aliquando
501 2790 544 2848 ita
566 2799 698 2848 secutum
721 2810 800 2863 esse,
832 2792 856 2849 si
884 2793 1002 2868 negatio
1025 2801 1257 2867 praeponeretur

175 2881 244 2945 'laon
266 2878 454 2951 importunus).
498 2873 713 2952 [Inopportunus
741 2877 790 2934 Ill
819 2877 854 2933 de
884 2876 966 2934 Orat.
998 2878 1035 2934 18
1065 2876 1134 2934 olim
1165 2876 1257 2951 scrip·

182 2980 275 3020 seram
305 2959 367 3018 sine
396 2959 539 3034 varietate
567 2961 639 3037 legi3
668 2980 745 3017 nunc
772 2971 852 3018 recte
880 2980 895 3016 e
924 2961 1008 3019 codd.
1039 2962 1149 3032 editur,
1178 2960 1257 3035 quod

182 3064 388 3122 praeceperam
412 3045 595 3113 coniectura,
619 3047 855 3121 inrportunc31L
879 3046 919 3102 20
942 3046 1058 3104 codices
1081 3047 1257 3120 discrepant,

182 3141 318 3205 recteque
341 3148 419 3187 nunc
442 3127 604 3207 cambitum]

264 3217 440 3291 praediorum
466 3213 684 3294 fructuosorum)
719 3216 767 3273 Ex
795 3215 865 3272 edit.
898 3215 994 3290 prima
1026 3215 1063 3273 ad
1091 3214 1258 3272 Manutium

183 3304 261 3373 (nem
284 3300 336 3358 alii
359 3311 438 3357 recte
461 3301 651 3376 scripserant)
669 3310 699 3358 et
714 3301 782 3357 iude
802 3301 838 3356 ad
857 3301 1032 3358 Lambinum
1050 3311 1079 3358 et
1096 3300 1258 3360 Gruterum

184 3396 376 3462 propagatum
401 3395 446 3441 est
463 3389 652 3460 pretiosorum,
675 3387 754 3459 quod
776 3386 989 3461 interpretandi
1011 3404 1101 3444 causa
1124 3385 1258 3460 supposi-

185 3480 244 3528 tum
269 3479 340 3528 erat.
385 3469 523 3528 Correxit
545 3468 687 3527 Davisius
710 3490 726 3526 e
749 3471 878 3545 quinque
901 3471 1002 3540 codd.;
1025 3472 1169 3529 accedunt
1191 3468 1260 3529 Gzii

185 3574 294 3612 omnes.
340 3555 434 3612 Miror
457 3555 579 3612 alterum
605 3557 635 3613 in
660 3575 717 3631 mg.
741 3555 821 3614 Crat.
844 3556 989 3616 annotari.
1034 3557 1081 3614 Ex
1103 3552 1146 3625 Εξ
1168 3573 1259 3612 anuo·

185 3648 265 3697 tatur
281 3644 462 3716 pretiosarum
478 3643 738 3715 fructuosarumque
759 3643 825 3717 (pro
842 3644 941 3717 praed
953 3641 1018 3715 sau),
1042 3653 1118 3715 οχψ
1131 3642 1261 3715 praedio·

185 3745 274 3782 comm
290 3728 503 3799 fructuosorum.
537 3727 612 3783 Tum
636 3730 718 3800 ipitur
739 3730 826 3801 ipsum
848 3727 936 3783 etiam
951 3726 1028 3802 Spir.
1044 3723 1098 3807 [B]
1121 3736 1150 3782 et
1173 3726 1261 3782 tacite

187 3810 333 3868 Gruterus
351 3814 379 3882 (e
391 3811 455 3868 Pal.
473 3813 517 3884 l);
540 3812 631 3868 ceteri
653 3815 740 3886 ipsum
763 3814 851 3886 igitur.
886 3813 932 3869 De
950 3813 1131 3886 proprietate
1148 3809 1261 3867 formae

187 3897 264 3964 eius,
288 3914 363 3969 quae
386 3896 533 3969 sequitur:
556 3900 581 3953 si
601 3928 643 3938 -
658 3899 752 3970 futuri
771 3917 864 3953 attritus
886 3889 926 3970 (εἰ
948 3931 986 3938 -
1009 3889 1180 3970 μέλλομεν),
1204 3914 1262 3969 qua
1299 3930 1301 3934 >

187 3981 399 4056 significamus,
429 3981 465 4036 ad
494 3981 564 4055 quid
593 3982 829 4055 consequendum
857 3981 969 4054 aliquid
997 3980 1195 4038 necessarium
1224 3980 1263 4037 sit

188 4066 248 4139 (ubi
273 4064 433 4122 nunciare
457 4066 572 4123 dicunt:
600 4070 693 4123 sinos
715 4070 814 4124 amicos
829 4068 894 4139 fieri
915 4067 1043 4142 oportet),
1066 4065 1128 4122 dixi
1153 4064 1262 4140 Opuso.

173 4151 281 4237 ‘Acad
306 4152 338 4208 Π
361 4171 389 4225 p.
405 4153 475 4207 281.
1057 4163 1059 4167 ¹

273 4236 345 4311 Cap.
358 4238 494 4294 XXVII.
518 4239 589 4309 lonpi
603 4236 709 4310 sumus)
722 4236 838 4293 Ebriosus
851 4236 939 4293 etiarn
953 4235 1030 4311 Spir.
1045 4231 1117 4314 [non
1130 4230 1180 4314 Β].
1206 4234 1263 4292 Sed

187 4322 302 4379 inhibet
330 4321 434 4379 Cicero
462 4340 578 4378 cursum
608 4321 749 4379 orationis
777 4321 864 4378 etiam
895 4339 972 4378 nuno
999 4320 1130 4389 fluentis3
1163 4321 1263 4395 itaque
