3030 5086
458 508 502 553 nr
526 506 607 552 usn.
629 505 691 551 nm.
714 505 749 552 iv
771 505 844 552 cae.
864 508 903 555 ss.
923 505 1056 569 (rs-rs.)
1231 489 1295 554 593

220 673 321 752 ribus,
350 674 376 738 si
405 673 490 737 nulla
516 691 624 737 earum
650 672 695 736 ita
722 679 868 738 contenta
889 672 995 738 nervis
1017 672 1072 751 sit,
1102 680 1138 738 ut
1164 691 1295 739 concen-

292 881 311 925 1.
331 884 440 926 comeatu
458 875 559 925 numeru
578 874 669 925 cuor.
706 884 836 924 contentum
856 876 876 927 C

219 1049 313 1105 tinere
340 1049 376 1106 ad
400 1067 538 1105 sonorum
562 1047 784 1123 productionem
812 1059 862 1104 aut
885 1048 1075 1117 brevitatem,
1104 1048 1187 1106 errius
1216 1057 1297 1106 recta

220 1134 371 1208 proportio
393 1146 584 1191 conservetur
605 1143 635 1189 et
651 1131 797 1190 efficiatur
813 1151 871 1189 non
889 1151 1046 1190 nervorum
1064 1133 1197 1190 tensione
1216 1134 1296 1208 (quis

221 1218 298 1274 enirn
320 1218 403 1275 novit
425 1223 481 1276 eine
503 1223 659 1291 tuctmdssiq
678 1223 824 1291 gestimmte
846 1215 970 1291 Salui),
999 1217 1051 1274 sed
1078 1218 1200 1275 artificis
1230 1219 1298 1275 dili·

220 1303 328 1378 gentia.
373 1302 460 1360 Fides
488 1313 586 1361 autem
609 1303 645 1360 de
668 1302 791 1378 singulis
814 1303 912 1359 nervis
935 1302 1008 1372 dici,
1037 1303 1231 1373 recentiores,
1260 1305 1296 1373 si,

221 1397 252 1443 ut
275 1387 433 1458 debebant,
463 1388 559 1445 lexico
585 1387 799 1462 inspexissent,
828 1388 915 1444 unius
943 1386 1097 1444 Prudentii
1127 1389 1297 1445 testimonio

114 1476 117 1486 '
218 1473 423 1529 confirmatum
446 1473 645 1548 repperissent
674 1472 758 1548 (quae
785 1472 850 1528 tuba
878 1491 1000 1546 quaeque
1021 1475 1081 1546 lyra
1104 1473 1233 1530 Flatibus
1255 1477 1296 1530 τή-

219 1560 284 1613 clito
306 1560 347 1614 uel
361 1559 494 1631 fidibus),
524 1557 602 1632 quod
629 1557 660 1614 in
683 1558 737 1614 hae
761 1565 862 1614 nostra
883 1575 972 1614 causa
994 1557 1106 1613 nullum
1130 1576 1209 1628 asae,
1238 1558 1295 1634 ipsi

221 1642 444 1711 confiterentur;
467 1642 572 1699 addam
595 1642 725 1700 Nouium
741 1645 815 1715 fidae
837 1642 1025 1718 interpretari
1048 1644 1183 1713 olardus,
1206 1643 1296 1700 ascri·

222 1727 337 1782 bantern
361 1727 513 1785 Ciceronis
536 1737 566 1783 et
583 1727 707 1802 Vergilii
731 1727 820 1796 locos,
844 1727 894 1784 ubi
917 1727 1102 1803 apertissime
1125 1728 1161 1784 de
1183 1746 1296 1802 organo

223 1813 333 1868 musico
351 1812 466 1880 dieitur,
485 1831 521 1868 ue
537 1813 633 1887 ipsum
653 1811 770 1885 quidem
789 1811 915 1869 fortasse
933 1830 1023 1886 prave
1040 1812 1225 1879 sentientem,
1245 1813 1296 1869 sed

221 1896 301 1952 aliud
324 1898 461 1965 verbum,
490 1916 549 1970 quo
578 1906 708 1953 uteretur
735 1897 765 1953 in
789 1896 979 1971 explicando,
1009 1915 1067 1953 nou
1090 1897 1296 1973 reperientem.

223 1981 281 2037 Sed
304 1991 382 2038 recte
396 1983 500 2038 Festus
523 1981 595 2037 tides
612 1983 653 2037 ait
671 2000 735 2037 esse
751 2000 844 2057 genus
862 1977 1001 2038 citharae.
1036 1981 1189 2052 (citharae
1201 1981 1297 2040 Grac·

221 2084 287 2121 curn
311 2085 416 2122 nornen
439 2066 544 2125 Cicero
567 2085 624 2122 non
648 2065 751 2135 habet,
775 2067 856 2141 lyrae
880 2067 977 2141 posuit
1000 2067 1089 2125 Tusc.
1113 2067 1144 2133 Ι,
1169 2070 1187 2123 4
1211 2067 1240 2123 in
1264 2087 1296 2123 re

222 2150 363 2222 Graeca.)
407 2151 562 2225 Quomodo
589 2159 686 2207 autem
716 2150 840 2221 Cicero,
869 2151 893 2207 si
922 2152 994 2208 fides
1022 2170 1160 2225 umquam
1190 2171 1296 2209 nervos

222 2236 434 2309 significarent,
463 2235 640 2310 appellaret.
664 2245 695 2292 ut
719 2235 896 2309 aliquotiens
919 2235 1005 2301 facit,
1033 2256 1127 2293 neruos
1148 2240 1175 2292 in
1191 2238 1296 2308 fidibus

221 2321 270 2391 (de
294 2320 375 2378 Orat.
400 2321 456 2390 ΙΙΙ,
481 2321 552 2389 216,
576 2319 611 2376 de
635 2321 736 2376 Divin.
760 2321 800 2391 ll,
825 2321 874 2390 33,
899 2321 934 2376 de
959 2321 1047 2397 Legg.
1070 2322 1112 2388 Il,
1137 2319 1209 2394 39)?
1253 2323 1296 2379 At

223 2405 299 2460 enirn
324 2405 460 2462 dicuntur
476 2416 573 2461 tamen
592 2406 633 2461 sic
645 2407 784 2477 fidiculae.
820 2405 867 2461 Ne
885 2405 940 2462 boc
957 2406 1073 2479 quidem
1087 2425 1204 2473 rerum,
1228 2424 1295 2462 narn

223 2490 258 2545 de
272 2490 308 2546 N.
322 2491 359 2546 D.
373 2491 413 2560 ΙΙ,
428 2492 467 2548 22
484 2493 615 2563 fidiculas
637 2509 773 2547 numerose
795 2500 919 2548 sonantes
942 2491 1073 2566 intellegi
1097 2509 1155 2548 non
1179 2510 1295 2560 nervos,

222 2576 273 2630 aed
297 2575 433 2641 citharas,
457 2587 486 2632 et
508 2594 645 2632 numerose
667 2575 814 2651 significat
836 2585 866 2631 et
887 2586 1011 2651 apparet
1033 2594 1071 2631 ex
1094 2594 1144 2643 eo,
1169 2576 1215 2632 cui
1239 2576 1295 2633 boc

222 2661 393 2733 respondet:
416 2663 550 2717 modulate
571 2671 693 2716 canentes
716 2660 801 2716 tibiae.
836 2661 871 2716 Iu
895 2659 988 2716 servis
1007 2668 1105 2716 autem
1124 2660 1296 2733 torquendis

222 2746 431 2819 imperatorum
454 2755 586 2820 tempore
603 2763 661 2800 non
679 2745 786 2820 singuli
804 2744 889 2802 funes
906 2744 1042 2801 fidiculae
1059 2745 1296 2819 appellabantur,

223 2829 275 2885 sed
287 2839 349 2885 tota
360 2830 505 2897 machina,
524 2848 599 2904 quae
617 2829 736 2886 funibus
754 2839 902 2904 tamquam
921 2830 1020 2886 nervis
1036 2830 1180 2886 instructa
1191 2830 1297 2887 acerbe

224 2913 392 2970 ludentibus
415 2915 515 2970 fidium
539 2915 666 2988 speciem
690 2914 798 2970 babere
821 2912 965 2979 visa'est;
988 2916 1132 2984 ⁴ridiculum
1154 2913 1296 2989 singulari

224 3017 344 3054 numero
367 2999 396 3054 in
420 2999 474 3054 hac
498 3018 529 3053 re
552 3016 637 3054 neruo
660 2999 782 3054 audivit.
823 2999 873 3065 At,
899 2998 953 3053 nisi
977 2998 1049 3054 fides
1073 3000 1190 3072 proprie
1214 2999 1296 3055 nervi

223 3094 299 3141 sunt.
322 3085 398 3140 unde
422 3085 457 3139 de
481 3102 539 3139 una
561 3083 675 3138 cithara
698 3082 805 3157 plurali
829 3101 949 3139 numero
974 3081 1102 3139 utimur?
1138 3083 1296 3153 Nimirum,
1374 3116 1376 3121 ·

223 3169 246 3224 si
277 3187 370 3243 pauca
396 3168 540 3242 quaedam
570 3168 714 3223 vocabula
741 3168 908 3241 exceperis,
939 3178 970 3223 ut
999 3169 1151 3233 tabularum
1179 3186 1295 3237 nomen,

221 3272 358 3321 cerarum,
387 3254 440 3322 ab,
476 3253 697 3328 perversissime
723 3252 876 3321 statuitur,
911 3262 980 3308 nota
1008 3253 1060 3308 illa
1087 3253 1207 3308 nomina
1229 3253 1296 3309 ideo

222 3338 376 3412 pluraliter
399 3348 511 3394 tantum
536 3338 602 3398 dici,
626 3337 704 3411 quod
726 3337 811 3393 initio
834 3355 891 3392 non
915 3346 1006 3393 totam
1030 3357 1095 3393 eam
1118 3356 1197 3403 rem,
1221 3356 1297 3411 quae

223 3423 328 3496 plurali
353 3442 428 3478 nuno
452 3423 640 3498 significetur,
672 3423 722 3479 sed
746 3422 885 3496 singulas,
908 3441 944 3477 ex
969 3422 1076 3496 quibus
1098 3422 1150 3479 illa
1173 3433 1296 3492 constet,

222 3507 428 3582 significarint3
452 3508 529 3581 quod
553 3526 639 3581 quam
663 3507 795 3581 ineptum
819 3507 865 3570 sit,
888 3506 918 3562 in
942 3509 1118 3577 tenebrarum,
1141 3508 1298 3564 diuitiarum

223 3593 387 3665 ceterisque
404 3592 652 3667 appellationibus
669 3592 756 3649 facile
773 3603 905 3667 apparet.
930 3589 999 3672 [Gr.
1013 3593 1079 3651 Lat.
1093 3597 1108 3662 ξ
1122 3588 1186 3670 51.]
1215 3593 1298 3649 Haec

223 3677 343 3732 nomina
371 3696 424 3733 sua
453 3677 481 3732 vi
510 3687 540 3733 et
562 3677 657 3751 primo
685 3687 750 3733 ortu
780 3689 872 3733 totum
895 3677 1113 3752 significarunt,
1142 3687 1170 3733 et
1200 3687 1297 3734 tamen

225 3760 379 3836 pluraliter
401 3762 517 3836 prolata
539 3774 623 3830 sunt,
652 3763 729 3836 quod
757 3781 805 3818 res
828 3762 1019 3837 compositam
1049 3774 1077 3818 et
1107 3761 1297 3835 multiplicem

223 3847 349 3920 speciem
373 3847 472 3903 animo
495 3847 655 3914 obiciebat;
684 3847 783 3920 itaque
810 3847 886 3902 ratio
915 3847 1040 3902 babetur
1067 3847 1209 3920 partium.
1238 3865 1296 3903 non

223 3933 304 4005 ipsae
328 3942 426 4006 partes
449 3931 607 4005 separatim
631 3932 673 3986 sic
689 3931 891 4006 appellantur3
914 3933 1004 3987 scobe
1022 3931 1160 3988 dicuntur
1176 3939 1298 4006 propter

224 4016 440 4072 multitudinem
458 4017 611 4091 graduum,
628 4033 687 4072 nec
708 4028 804 4072 tamen
822 4016 929 4092 singuli
950 4015 1059 4091 gradus
1082 4015 1178 4072 scalae
1202 4015 1300 4072 dictae

223 4112 300 4170 sunt,
320 4102 376 4157 nisi
391 4102 468 4175 quod
483 4101 638 4170 Martialis,
658 4101 743 4158 modo
760 4100 856 4157 locum
874 4109 953 4157 recle
970 4100 1186 4176 intellegamus,
1207 4099 1299 4157 semel

222 4187 265 4242 sic
288 4205 378 4261 prave
402 4187 516 4243 locutus
534 4196 587 4242 est.
621 4186 684 4242 Nec
702 4185 738 4242 ad
757 4185 894 4242 Latinum
912 4194 1025 4242 tantum
1044 4204 1208 4243 sermonem
1227 4185 1301 4242 baec

223 4272 380 4345 pertinent.
428 4271 485 4329 Sed
509 4269 639 4327 offendet
659 4269 799 4340 fortasse,
829 4270 922 4344 quod.
951 4288 1017 4326 curn
1046 4270 1118 4327 fides
1147 4270 1302 4345 pluraliter

224 4355 367 4422 dicantur,
390 4359 464 4412 nullu
481 4366 579 4412 tamen
597 4374 698 4412 earum
715 4355 836 4423 diuitum
859 4374 926 4411 nam
945 4357 1034 4412 nullae
1050 4354 1191 4413 dicendae
1208 4354 1300 4413 fuisse

225 4441 375 4510 ridentur;
398 4442 499 4516 itaque
518 4441 596 4498 dieat
611 4441 729 4514 aliquis,
751 4441 820 4498 hino
836 4440 967 4518 intellegi
987 4458 1109 4498 nervum
1128 4440 1299 4518 significari.

1067 4561 1099 4603 38
