3030 5086
221 464 285 529 528
526 541 528 545 v
611 481 655 526 uu
677 480 809 527 ursinus
831 480 903 527 son.

222 649 375 714 dissensio
398 649 470 713 est‘l
509 648 608 713 Nemo
624 648 705 713 enim
722 656 779 727 est,
802 648 855 729 qui
874 647 964 712 aliter
985 648 1106 726 dixerit
1129 649 1201 728 quin
1225 665 1295 712 om-

222 752 305 816 nium
327 758 509 815 naturarum
532 750 631 816 simile
646 758 731 816 essct
746 750 788 829 id
809 751 850 815 ad
872 750 956 830 quod
972 750 1076 815 omnia
1092 749 1296 829 referrentur,

294 944 313 986 1.
331 937 431 987 omnum
448 936 592 987 naturalium
611 935 654 987 Or.
691 942 714 986 ι.
733 936 813 987 omnio
830 936 919 988 om.P
954 939 1088 1002 referuntur
1105 936 1237 988 LPCROr.

222 1111 267 1168 El.
289 1119 392 1168 contra
413 1111 573 1168 deteriores
590 1110 690 1182 (Pell,
707 1112 796 1181 Dav„
814 1104 922 1183 Εὓξψ,
941 1109 1009 1170 Grii
1026 1111 1177 1185 reliquos).
1205 1111 1297 1186 Quod

221 1197 368 1271 seqnitur:
390 1216 464 1253 nemo
486 1206 537 1257 est,
561 1198 609 1270 qm·
629 1200 708 1254 aliter
729 1198 840 1265 dicerit,
864 1201 928 1271 quin
951 1196 993 1271 (id
1015 1205 1074 1253 est:
1097 1199 1146 1271 qui
1165 1199 1294 1270 reperit),

221 1282 257 1338 de
279 1301 315 1338 eo
337 1291 503 1358 exponetur
524 1281 561 1337 ad
584 1283 621 1351 V,
646 1283 695 1339 32.

306 1371 420 1424 emerium
447 1378 606 1424 naturarum
633 1370 718 1426 simile
746 1376 812 1424 esset
835 1369 865 1424 id
886 1365 955 1445 cet)
978 1367 1044 1424 Hoc
1066 1375 1124 1424 est:
1152 1367 1219 1424 dese
1238 1368 1296 1441 frtr

220 1455 273 1509 olle
297 1452 448 1529 Gescbdpse
469 1450 620 1526 dcojem‘pc,
647 1456 701 1527 aus
723 1453 835 1510 welches
862 1454 928 1509 clleo
950 1453 1007 1510 oieb
1029 1452 1142 1521 besiebt,
1170 1453 1296 1510 uedub'cb

220 1539 273 1610 (ein
295 1538 463 1607 Aebnb‘cdes,
486 1538 632 1614 Anabpes)
654 1546 708 1606 eei;
731 1539 797 1594 dosa
818 1540 871 1594 alle
895 1537 1046 1613 Gescbopse
1068 1541 1140 1594 einen
1162 1540 1296 1612 anobqen

221 1625 313 1680 letrten
329 1625 429 1680 Zrocclc
451 1624 544 1680 babeo.
578 1623 613 1680 In
631 1623 767 1681 omnibus
784 1622 861 1680 enim
884 1623 997 1680 naturis
1015 1623 1077 1680 sive
1095 1623 1191 1690 rebus,
1215 1641 1294 1698 quae

220 1710 334 1785 vigent,
364 1710 436 1766 haec
459 1723 504 1766 est
526 1708 703 1778 similitudo,
733 1718 766 1765 ιιι
787 1727 805 1764 a
827 1727 858 1766 se
881 1708 1037 1785 diligendis
1059 1706 1209 1785 profectae
1231 1708 1295 1784 pri·

220 1813 297 1850 mam
330 1794 405 1851 hanc
438 1794 651 1852 institutionem
680 1804 854 1851 conservent
887 1802 917 1850 et
944 1812 1010 1850 eum
1038 1794 1167 1850 habeant
1193 1794 1293 1864 finem,

189 1875 190 1878 ’
220 1890 325 1937 natura
347 1889 379 1937 ut
401 1881 563 1955 expleatur.
608 1881 759 1937 Hactenus
781 1880 870 1954 igitur
891 1898 1039 1949 commuue,
1062 1879 1091 1936 id
1115 1887 1172 1948 est,
1195 1878 1294 1936 simila

220 1976 259 2021 est
276 1968 390 2022 omnium
405 1969 579 2022 animantium
593 1975 747 2032 cetrarium,
764 1966 909 2022 secandum
926 1975 1051 2022 nutrirem
1066 1968 1153 2021 viuere
1164 1965 1214 2036 (V,
1227 1965 1293 2039 26),
1374 1995 1376 1999 ⁷

220 2051 280 2109 sed.
303 2050 373 2124 qnia
388 2050 511 2106 aliarum
529 2050 720 2107 animantium
738 2050 797 2106 alia
814 2060 859 2106 est
876 2060 989 2120 natura,
1012 2060 1129 2106 extremm
1147 2059 1294 2106 einamma

220 2139 287 2191 iuter
313 2139 468 2192 animalium
494 2155 590 2207 qenera
618 2138 745 2193 distincta
772 2146 796 2192 et
823 2136 965 2211 dispertito
986 2145 1049 2192 sunt
1070 2136 1110 2208 (V
1112 2179 1119 2201 ,
1139 2136 1199 2209 25).
1245 2136 1296 2193 Ita

221 2223 360 2277 cronium
389 2241 515 2290 rerum,
544 2226 613 2295 qual
640 2231 738 2278 notura
760 2224 859 2294 viqcnt,
888 2222 1013 2278 similis
1041 2230 1090 2277 est
1104 2222 1211 2295 sinis,
1239 2240 1295 2278 non

221 2308 298 2363 idem.
344 2306 404 2363 Pro
437 2307 555 2363 omuibus
588 2308 667 2364 redas
699 2306 747 2362 hic
775 2306 894 2375 Cicero,
928 2324 993 2363 cum
1027 2306 1063 2362 de
1092 2306 1296 2364 animantibus

221 2391 348 2447 maxime
371 2393 526 2466 cogitaret,
555 2402 668 2448 naturas
690 2391 782 2460 dixit,
810 2391 928 2448 diversa
948 2394 1123 2447 animantium
1146 2411 1246 2465 persero
1268 2402 1296 2449 at

220 2487 334 2532 naturas
346 2477 448 2552 (Legg.
460 2477 484 2542 Ι,
499 2478 551 2548 tt)
563 2477 745 2552 significans3
768 2486 798 2533 et
821 2496 888 2534 mox
911 2476 1019 2533 subicit
1040 2480 1124 2533 omnia
1146 2487 1246 2533 natare
1262 2486 1297 2533 et

220 2581 290 2635 quae
319 2571 416 2618 natura
445 2573 475 2618 et
496 2562 562 2634 (33)
591 2567 618 2618 in
640 2565 733 2619 ceteris
755 2565 860 2619 naturis
887 2569 918 2617 et
939 2561 1005 2635 (34)
1027 2564 1146 2636 reliquae
1168 2573 1295 2623 recurras.

219 2646 255 2702 Id
272 2646 362 2722 igitur
378 2647 509 2722 disputat
520 2645 634 2714 Cicero,
651 2647 727 2704 hane
743 2647 872 2704 omnium
885 2655 1056 2704 naturarum
1068 2647 1192 2704 extremi
1209 2646 1296 2704 simi-

219 2732 372 2789 litudinem
396 2751 414 2788 a
431 2732 538 2790 Stoicis
555 2751 611 2790 non
635 2732 817 2801 conservari3
839 2751 906 2788 uam
926 2741 1038 2788 ceteras
1047 2732 1219 2789 ‘animantes
1236 2732 1297 2790 hoc

219 2817 327 2873 habere
349 2827 523 2886 extremum,
546 2826 579 2874 ut
601 2827 664 2874 tota
680 2835 780 2875 aarum
798 2827 903 2875 natura
922 2818 1084 2892 expleatur,
1107 2817 1218 2874 homini
1236 2817 1297 2875 soli

220 2920 237 2958 a
256 2902 363 2960 Stoicis
381 2912 543 2959 extremum
561 2903 631 2978 poni
650 2921 706 2959 non
729 2903 838 2971 intuto
855 2902 983 2974 homine,
1006 2902 1057 2959 sed
1079 2903 1109 2959 iu
1132 2912 1216 2978 parta
1239 2903 1298 2960 ho-

219 2986 306 3044 minis
323 2990 350 3061 (§
364 2988 424 3061 33).
459 2988 491 3046 Si
514 2988 604 3063 igitur
626 2987 718 3047 Stoici
742 2988 823 3044 illurn
846 2987 975 3045 omnium
999 2988 1169 3045 animalium
1187 2988 1297 3046 simili·

218 3072 348 3133 tudinem
371 3072 467 3129 ultimi
490 3082 589 3130 tenere
612 3083 663 3130 aut
684 3073 840 3131 restituere
862 3072 968 3138 velint,
1000 3073 1139 3129 mutanda
1165 3073 1203 3131 iis
1226 3090 1296 3132 esse

217 3156 363 3232 principia
395 3168 516 3215 naturae
549 3158 685 3234 (primam
718 3157 1028 3230 commendationem),
1063 3158 1296 3233 dicendumque,

217 3261 303 3299 omne
320 3242 429 3299 animal
451 3245 520 3315 (non
538 3244 633 3302 solum
650 3244 810 3318 homiuem)
828 3243 1008 3319 applicatum
1031 3261 1095 3300 esse
1118 3262 1175 3299 non
1198 3244 1236 3300 ad
1260 3263 1296 3302 se

217 3337 310 3384 totum
333 3328 523 3403 diligendum,
547 3329 598 3387 sad
620 3329 658 3386 ad
680 3329 821 3404 optimam
843 3329 889 3385 sui
912 3337 1024 3403 partem
1048 3330 1075 3400 (ξ
1097 3328 1158 3402 34).
1202 3329 1294 3388 Adeo

217 3423 262 3470 est
284 3413 355 3470 haec
378 3421 531 3488 apertast
553 3414 673 3471 evidens
696 3414 842 3472 sententia
864 3422 893 3470 et
915 3413 1084 3488 disputatio,
1108 3423 1150 3481 ut,
1174 3414 1295 3472 etiamsi

216 3517 274 3554 non
292 3499 488 3555 adhibeantur
503 3498 555 3555 illa
572 3517 609 3556 ex
627 3500 702 3556 libro
715 3502 752 3569 V,
775 3499 854 3574 quod
872 3518 959 3556 nemo
976 3499 1072 3556 adhuc
1088 3497 1168 3567 facit,
1191 3509 1294 3558 tamen

217 3583 267 3639 vix
290 3583 454 3660 intellegas,
477 3585 624 3659 quomodo
646 3603 821 3659 quemquam
844 3582 948 3641 fallere
971 3585 1073 3659 possit.
1119 3584 1159 3641 Et
1181 3592 1293 3654 tamen,

217 3686 282 3724 cum
299 3670 388 3744 paulo
406 3673 510 3744 post(§
524 3670 577 3740 33)
589 3689 659 3727 vera
676 3670 821 3746 scriptura
837 3670 1000 3744 depravata
1011 3678 1097 3739 esset,
1117 3689 1175 3726 non
1194 3669 1293 3728 solum

218 3753 258 3810 ibi
282 3764 362 3810 certa
384 3755 510 3811 Manutii
533 3756 677 3812 correctio
700 3766 799 3831 spreta
821 3766 881 3824 est,
905 3756 956 3812 sed
979 3755 1025 3811 hic
1048 3773 1165 3829 quoque
1188 3765 1295 3814 contra

217 3858 318 3895 omnes
340 3839 438 3911 (etiam
463 3839 544 3912 Gzii)
561 3840 676 3897 codices
693 3837 747 3921 [B]
764 3840 833 3897 olim
851 3860 910 3897 una
932 3851 961 3897 et
980 3841 1075 3897 altera
1091 3850 1176 3897 vetus
1199 3841 1293 3900 editio

217 3924 368 3981 substituit
379 3930 492 3981 omnium
503 3928 759 3999 rmtrrraliomWen.
771 3927 860 3994 1494,
868 3925 947 3984 Crat.
958 3946 965 3993 3
977 3927 1007 3982 iu
1020 3926 1151 4001 margine
1163 3926 1293 3984 alterum

216 4014 394 4082 annotatur),
414 4010 511 4085 idque,
531 4030 708 4086 quamquam
726 4031 762 4068 ne
779 4010 858 4068 infra
874 4012 991 4086 quidem
1009 4011 1099 4068 sicin
1117 4012 1202 4069 codd.
1219 4011 1295 4069 scri·

217 4095 304 4162 bitur,
321 4094 415 4153 Gaius
426 4106 456 4152 et
467 4098 645 4154 recentiores
657 4097 853 4172 arripuerunt.
876 4095 967 4174 [Nam
986 4106 1192 4172 praeterquam
1210 4097 1295 4172 quod

216 4181 381 4237 universam
410 4182 585 4238 sententiam
614 4202 672 4238 non
700 4183 924 4257 intellegebant,
954 4183 1114 4238 haerebant
1142 4183 1231 4239 etiam
1260 4183 1294 4240 iu

216 4267 361 4340 genetivo,
385 4285 470 4340 quem
493 4268 556 4343 regi
578 4286 596 4322 a
617 4271 701 4325 simile
718 4269 870 4343 putabant.
903 4269 934 4324 Is
952 4287 1023 4324 vero
1045 4267 1158 4343 regitur
1180 4287 1199 4324 a
1221 4269 1296 4324 sub·

216 4351 337 4407 stantivi
359 4352 493 4421 notione,
517 4371 592 4427 quae
614 4354 692 4410 inest
713 4354 742 4410 in
765 4355 796 4410 id
817 4353 859 4426 (id
882 4363 942 4421 est,
965 4363 1144 4410 extremum:
1174 4357 1297 4412 omnium

215 4445 375 4494 naturarum
391 4440 481 4512 eota),
499 4447 588 4513 atque
605 4438 634 4495 id
651 4439 684 4495 fit
700 4458 759 4497 uon
777 4439 919 4497 salumin
937 4439 1054 4498 duriore
1072 4439 1128 4496 hoo
1142 4438 1297 4498 scribendi
