3030 5086
259 478 323 545 488
651 496 696 542 nn
718 494 850 543 nmmum
872 494 944 542 sou.

260 665 387 743 vellent,
414 664 576 730 enucleate
597 664 718 727 minora
740 663 851 728 dicere.
897 663 1009 743 ltaque
1030 681 1111 744 quae
1133 670 1207 727 sunt
1227 681 1337 727 eornm
1399 689 1404 698 ¹

261 767 504 843 consolationem
538 784 618 846 quae
647 765 894 842 cohortationes,
928 784 1008 847 quae
1038 767 1131 829 etiam
1160 765 1277 829 monita
1305 771 1342 827 et

261 867 399 946 consilia
422 867 539 946 scripta
561 868 601 930 ad
624 884 761 931 summos
779 867 877 931 virosi
911 867 988 930 Erat
1009 868 1090 932 enirn
1107 867 1193 946 apud
1215 884 1279 943 eos,
1301 872 1338 928 nt

261 977 310 1034 est
336 987 441 1034 rerum
464 968 604 1048 ipsarum
628 976 754 1045 natura,
783 968 827 1032 sio
856 968 977 1033 dicendi
1004 968 1183 1033 exercitatio
1211 966 1336 1048 duplex.

223 1070 340 1136 dNam
363 1070 515 1152 quidquid
538 1069 715 1150 quaeritur,
743 1070 774 1134 id
802 1069 896 1135 habet
922 1077 977 1134 aut
1003 1070 1127 1152 generis
1149 1069 1248 1150 ipsius
1270 1068 1340 1134 sine

260 1172 405 1254 personis
427 1171 681 1252 temporibusque
699 1180 763 1249 aut,
786 1171 825 1235 iis
841 1171 1016 1258 adiunctis„
1027 1171 1101 1236 fecti
1117 1177 1172 1235 aut
1187 1170 1265 1235 iuris
1282 1181 1340 1234 aut

261 1274 395 1339 nominis
407 1273 661 1338 controversiam.
696 1273 781 1352 Ergo
792 1273 823 1337 iu
837 1281 970 1354 utroque
982 1273 1218 1352 exercebantur3
1238 1290 1339 1352 eaque

262 1376 426 1455 disciplina
447 1374 548 1439 effecit
570 1383 689 1438 tantam
711 1374 834 1439 illorum
863 1383 996 1454 utroque
1025 1375 1055 1437 in
1079 1393 1192 1455 genere
1213 1372 1339 1439 dicendi

262 1477 393 1557 copiam.
439 1478 466 1541 7.
490 1477 604 1541 Totum
626 1495 723 1556 genus
745 1476 805 1540 hoc
821 1476 904 1541 Zeno
928 1476 1032 1557 etqui
1055 1477 1095 1540 ab
1118 1493 1155 1540 eo
1177 1484 1260 1553 sunt,
1282 1481 1339 1539 aut

205 1579 246 1643 10
263 1596 324 1642 non
347 1584 518 1658 potuerunt
535 1586 591 1642 aut
608 1578 782 1654 noluerunt,
806 1586 889 1642 certe
906 1577 1108 1659 reliquerunt
1142 1579 1339 1657 Quamquam

336 1770 354 1813 1.
375 1764 716 1827 quaeantesuntom.EC
754 1763 926 1814 hidem?
962 1763 1040 1813 6111
1062 1761 1149 1880 [Alos.
1187 1765 1208 1812 7,
1231 1759 1336 1830 [aych]

265 1837 286 1882 8.
305 1832 376 1897 efficit
396 1832 487 1898 [MEO
523 1837 545 1881 9.
564 1830 607 1880 hoc
625 1841 648 1881 et
666 1832 732 1882 Zeno
746 1832 859 1884 Pouet.
896 1833 1070 1896 debeoque
1112 1831 1202 1882 citor,
1242 1836 1340 1882 16111·

263 1901 355 1951 iverunt
374 1902 395 1950 E
415 1899 584 1967 [relinquerunt
603 1899 636 1968 Α]
898 1939 900 1943 .

264 2057 431 2117 Obversate
452 2057 588 2115 Ciceroni
612 2068 657 2114 est
679 2057 813 2131 quaestio
835 2057 1024 2113 auctoribus
1047 2056 1167 2131 agitata.
1190 2055 1290 2112 vitane
1309 2055 1341 2112 in

264 2142 468 2219 philosophiae
492 2142 596 2198 studiis
619 2152 682 2199 tote
704 2142 818 2218 agenda
840 2131 1122 2216 essetfflsmpqtmdc
1137 2133 1213 2217 βίος)
1230 2158 1267 2198 en
1290 2158 1339 2197 ca·

264 2228 409 2304 pessenda
424 2245 472 2284 res
484 2223 626 2306 publica]
655 2227 853 2285 Annotandus
865 2226 970 2284 deinde
982 2225 1181 2283 nominativus
1192 2229 1235 2299 (ut
1245 2226 1342 2301 Stoice)

264 2314 294 2370 in
323 2312 521 2387 comparando
549 2313 641 2368 libere
669 2322 698 2368 et
726 2322 811 2369 extra
838 2311 995 2386 primariae
1024 2312 1187 2367 sententiae
1213 2310 1339 2369 foratam

265 2399 307 2456 sic
328 2396 531 2472 interpositus,
554 2406 587 2453 ut
610 2386 668 2452 eiad
691 2394 790 2453 κοινοῦ
808 2397 945 2453 audiatur
960 2398 1079 2469 sumunt.
1112 2396 1258 2472 Exempla
1277 2398 1342 2454 eins

264 2483 380 2560 generis
413 2482 537 2556 ascripsi
564 2482 601 2538 ad
629 2482 675 2548 ΙΙ,
703 2483 749 2538 17.
794 2479 900 2562 [Apud
928 2481 1061 2540 Graecos
1094 2483 1148 2539 hoc
1182 2481 1275 2540 multo
1307 2483 1342 2539 fit

265 2567 448 2642 frequentius
470 2576 500 2622 et
522 2562 669 2645 liberius]
1156 2619 1164 2636 ,

351 2651 424 2709 Nam
447 2654 583 2726 quidquid
604 2655 745 2726 quaeratur
767 2651 836 2725 cet.)
860 2651 954 2708 Notas
978 2660 1006 2708 et
1029 2651 1113 2708 tritas
1136 2651 1166 2708 in
1189 2651 1339 2709 rhetorum

265 2737 374 2797 scholis
397 2736 557 2793 divisiones
579 2737 712 2812 attingit,
743 2738 869 2812 primum
899 2736 1080 2810 quaestionis
1107 2735 1254 2812 generalis
1276 2733 1343 2811 (τῆς

265 2816 391 2893 θέσεως)
414 2832 444 2878 et
467 2839 573 2878 eeusee
595 2818 660 2898 (τῆς
683 2811 868 2895 ὑποθέσεως)
890 2821 961 2893 (vid.
990 2821 1026 2878 de
1048 2822 1165 2880 Invent.
1188 2823 1221 2892 1,
1245 2822 1281 2891 8,
1304 2821 1341 2878 de

266 2906 349 2965 Orat.
372 2906 402 2976 Ι,
430 2908 488 2963 138
512 2907 610 2976 atil,
636 2908 690 2973 65,
719 2906 802 2965 Orat.
827 2907 882 2974 46,
917 2906 966 2963 ubi
990 2906 1163 2964 Aristotelis
1185 2906 1344 2982 disciplina

266 3004 527 3062 commemoratur,
550 2991 655 3067 Topic.
681 2993 719 3048 79
743 3002 773 3048 et
795 2990 900 3047 Partit.
925 2993 974 3060 61,
998 2991 1047 3048 11111
1071 2984 1156 3056 θέσις
1173 2995 1343 3067 propositam

266 3077 448 3153 appellatur,
482 3077 551 3150 111),
585 3076 690 3133 deinde
722 3094 862 3152 generum
897 3075 1130 3141 coutroversiae,
1164 3095 1200 3133 ex
1234 3078 1343 3150 quibus

266 3172 360 3220 status
378 3162 521 3231 oriuntur,
544 3179 618 3236 quae
631 3162 735 3220 Cicero
754 3161 800 3218 hic
819 3171 852 3240 ut
867 3161 896 3217 in
909 3161 993 3220 Orat.
1008 3163 1057 3229 45,
1081 3160 1117 3217 da
1129 3161 1212 3221 Oret.
1224 3164 1266 3231 11,
1282 3163 1342 3219 104

266 3258 296 3304 et
322 3248 380 3303 113
403 3247 461 3303 tria
483 3245 570 3314 facim
594 3256 704 3321 quanta
726 3246 804 3321 apud
827 3246 902 3303 alios
925 3247 1005 3303 etin
1029 3246 1095 3302 eiiis
1118 3246 1211 3321 ipsius
1223 3247 1343 3307 Cicero·

266 3334 312 3390 nis
334 3333 418 3389 libris
441 3332 590 3388 dividendi
614 3332 770 3388 diversitas
792 3331 840 3402 sit,
863 3332 1051 3407 persequitur
1067 3332 1268 3405 Quintilianus
1290 3332 1341 3390 lib.

266 3418 324 3488 ΙΙΙ,
349 3419 377 3487 6,
402 3417 439 3474 31
465 3436 530 3492 sqq.
576 3413 687 3496 [Efficit
709 3417 796 3474 etiam
823 3418 856 3486 Β,
880 3436 979 3475 errore
1001 3414 1189 3497 pervagato]

353 3502 382 3560 7.
406 3503 480 3559 Zeno
502 3514 526 3558 ct
548 3507 597 3576 qui
617 3504 652 3559 oh
674 3523 702 3560 eo
724 3503 799 3577 sunt)
819 3503 983 3560 Edebatur:
1006 3513 1030 3559 et
1047 3505 1121 3559 Zeno
1142 3513 1166 3560 et
1188 3505 1223 3561 ab
1244 3523 1274 3560 eo
1295 3508 1346 3578 qui

267 3597 333 3655 cet,
355 3588 455 3660 inepta
477 3587 682 3656 distractione3
706 3589 786 3645 Zeno
809 3606 873 3644 cum
898 3607 951 3644 sua
973 3588 1074 3645 schole
1085 3588 1293 3663 Peripateticis
1314 3597 1344 3645 et

267 3673 455 3731 Academicis
484 3674 623 3730 contrarii
651 3683 809 3748 ponuntur.
860 3671 937 3743 cta,
966 3690 1041 3748 quae
1069 3673 1131 3730 dixi
1159 3674 1197 3730 ed
1220 3674 1265 3742 ΙΙ,
1290 3675 1342 3734 63.

268 3759 310 3818 Ut
331 3758 424 3827 edidi,
453 3758 542 3815 etiem
566 3757 606 3836 [B
629 3757 673 3835 et]
696 3758 775 3832 Spin.
820 3759 909 3831 (Nem
938 3759 973 3815 de
1001 3769 1026 3815 et
1049 3769 1116 3832 post
1138 3761 1212 3816 Zeno
1233 3760 1344 3817 omisso

268 3842 361 3902 Gaius
383 3843 516 3916 erravit.)
550 3844 595 3900 De
619 3862 673 3900 usu
696 3844 853 3900 locutionis
875 3833 934 3901 esse
955 3845 1097 3919 abaliquo
1120 3844 1196 3902 dixit
1208 3843 1345 3903 Handius

267 3929 297 3986 in
320 3930 407 3986 Ture.
430 3928 443 3984 1
468 3948 497 4004 p.
515 3929 563 3986 36.

353 4024 401 4070 aut
423 4034 475 4070 noa
492 4024 638 4089 potuerunt
659 4023 706 4070 aut
728 4015 881 4083 actumst,
904 4024 973 4070 certe
994 4012 1173 4092 reliquerunt)
1196 4014 1344 4071 Memore-

268 4099 336 4156 bilis
353 4099 426 4155 haec
443 4109 489 4156 est
505 4099 647 4157 orationis
659 4099 767 4175 figura3
787 4118 853 4155 nam
872 4116 937 4155 cum
950 4098 1054 4157 Cicero
1070 4100 1112 4155 sic
1129 4099 1277 4175 posuisset
1292 4120 1344 4156 aon

263 4193 410 4260 pomerum
424 4194 473 4241 aut
489 4187 638 4254 antumant,
663 4194 695 4242 ut
717 4183 880 4240 infinitivus
898 4185 1044 4241 eruendus
1061 4194 1139 4242 esset
1155 4203 1193 4242 ex
1209 4185 1344 4259 sequenti

269 4271 359 4327 verbo
377 4269 567 4342 finito(velut
589 4280 716 4340 tractare,
739 4270 764 4326 si
787 4270 985 4326 subiceretur:
1008 4280 1149 4327 certarnen
1172 4276 1345 4340 tractarunt),

268 4354 324 4412 hoc
346 4355 441 4432 ipsum
466 4356 588 4413 verbum
611 4373 676 4413 cum
699 4355 856 4430 negatione
879 4355 1014 4412 inunum
1032 4356 1198 4413 contrariae
1216 4355 1346 4413 notionis

270 4440 391 4498 verbum
426 4441 579 4499 conflavit:
612 4450 681 4499 certe
713 4443 893 4515 reliquerunt,
927 4449 959 4497 ut
992 4441 1155 4517 zeugmatis
1186 4440 1346 4518 singularis
