3030 5086
217 451 258 515 68
494 506 500 517 ,
616 461 661 510 un
683 465 816 514 nicrinus
838 465 909 513 eeu.

136 725 138 728 Ι
222 635 292 716 ipse
314 632 453 698 iudicari.
496 629 545 695 Ee
566 632 645 713 quid
666 633 800 716 percipit
826 642 882 698 eut
904 633 979 715 quid
1000 633 1134 713 iudicet,
1164 652 1227 715 quo
1251 642 1310 697 eut

225 743 314 817 petat
339 742 395 799 aut
420 733 520 816 fugiet
547 733 679 817 aliquid,
712 744 840 815 praeter
862 734 1053 816 voluptatem
1082 743 1114 801 et
1141 731 1309 801 dolorem?

225 840 275 903 31.
299 837 378 902 Sunt
399 844 503 902 autern
525 836 653 918 quidem
675 855 694 901 e
715 836 842 916 uostris,
866 836 920 918 qui
941 836 1019 903 haec
1041 837 1183 903 subtilius
1206 835 1309 903 uelint

299 1049 316 1090 1.
342 1041 403 1090 Post
420 1040 524 1090 iudicari
540 1041 597 1090 add.
618 1038 759 1104 uoluptatem
782 1040 852 1089 etiarn
875 1048 896 1089 et
916 1057 962 1105 per
982 1057 1008 1090 ce
1030 1040 1182 1105 expetendam
1206 1056 1261 1090 me
1284 1047 1308 1088 et

225 1109 327 1159 dolorem
350 1111 425 1172 iprum
447 1126 490 1173 per
512 1126 537 1158 ee
560 1126 611 1159 esce
627 1108 767 1173 sapiendum
791 1108 911 1159 LPMCli
947 1109 970 1158 ei
991 1109 1087 1173 qurllE
1110 1118 1132 1158 et
1155 1108 1254 1173 qnt'dL
1276 1124 1309 1158 en

226 1178 352 1295 pattioglg
374 1177 434 1226 enim
453 1176 549 1241 quidC
571 1176 667 1240 Ecquis
684 1177 728 1229 Or.
761 1176 879 1242 praecipit
898 1177 919 1228 C
943 1185 965 1227 et
987 1176 1046 1241 qnid
1063 1176 1128 1241 (P)C
1152 1176 1240 1241 eequid
1257 1175 1305 1227 Or.

226 1428 314 1493 εἶναι
344 1445 376 1490 nt
406 1446 482 1492 esset
505 1438 642 1493 contenire
663 1445 790 1492 notmoe.
819 1434 933 1501 nesci03
963 1434 1156 1510 philosophus
1183 1433 1305 1510 quidern

161 1531 165 1539 ’
227 1520 256 1576 ἰη
280 1520 334 1576 hae
357 1520 476 1576 notione
500 1539 585 1577 nemo
608 1520 694 1588 dixit,
718 1519 767 1576 sed
791 1509 868 1574 uacui
891 1503 979 1590 otiolo
1001 1538 1111 1577 omnes
1150 1518 1307 1577 Permulta

227 1604 392 1663 huiusmodi
421 1604 538 1662 Graeca
568 1605 654 1661 homo
682 1605 778 1660 audax
807 1614 851 1667 et
885 1604 963 1679 quod
991 1605 1114 1679 pudeat,
1148 1605 1308 1680 imperitus

226 1691 310 1746 tinxit
324 1688 449 1747 Graecis
468 1691 608 1747 inaudita.
632 1689 803 1767 [Peerciusc
825 1691 893 1763 quid
914 1698 961 1746 out
983 1692 1022 1747 od
1043 1701 1169 1748 rimarum
1192 1701 1307 1766 opttnu;

227 1774 375 1832 Graserus
397 1777 466 1848 quid
487 1785 577 1850 aptum
601 1776 639 1832 od
661 1772 810 1851 notorem]

311 1880 329 1915 o
345 1870 444 1916 reaturo
460 1865 520 1935 epea
539 1861 667 1932 iudicari)
681 1860 781 1916 Verba
799 1858 910 1920 eedem.
929 1877 1004 1932 quae
1020 1859 1114 1916 nostri
1131 1859 1307 1926 deteriores,

226 1964 242 2001 e
262 1946 325 2001 loco
342 1945 430 2020 paulo
448 1943 588 2002 inferiore
607 1946 672 2018 (31)
692 1944 748 2001 huc
767 1962 866 2001 errore
884 1945 1026 2001 translata
1049 1944 1160 2001 addunt
1172 1942 1308 2001 Palatini

227 2040 344 2106 praeter
365 2030 502 2104 primurn,
526 2030 659 2104 plerique
683 2029 847 2098 Darisiani,
871 2028 951 2088 Oxx.
975 2047 1085 2087 ornnes.
1119 2028 1212 2088 Gzius
1236 2047 1308 2086 nar·
1396 2070 1402 2079 -

226 2124 271 2172 ret
299 2114 414 2191 „plures
438 2115 573 2190 scriptos,
596 2116 625 2171 in
650 2114 743 2189 iisque
766 2115 837 2183 Erl,
862 2113 951 2189 Spir.,
976 2112 1055 2173 Gud.
1081 2114 1131 2184 2⁸⁴,
1154 2132 1189 2171 ea
1213 2113 1309 2171 verba

227 2201 349 2269 addere,
378 2199 445 2256 illos
474 2200 554 2274 ipsos
577 2200 693 2273 (saltem
715 2199 789 2274 Erl.)
813 2199 950 2273 excipere
973 2199 1099 2255 debebat
1121 2198 1307 2256 incredibilia

227 2286 430 2362 neglegentiae
453 2285 550 2342 horno.
595 2285 692 2342 Etiam
716 2285 800 2341 codd.
825 2285 900 2341 Mor.
924 2294 954 2340 et
972 2283 1051 2340 Vict.
1075 2280 1129 2363 [B]
1152 2283 1305 2342 omittunt.

312 2371 360 2426 Eu
382 2372 450 2444 qaid
463 2373 579 2445 percipit
595 2380 643 2426 aut
659 2368 740 2444 qaid)
757 2370 792 2426 In
811 2368 934 2443 singulis
952 2387 1045 2444 prope
1062 2369 1161 2426 verbis
1178 2377 1307 2425 erratur.

228 2457 274 2513 Eo
297 2456 430 2530 quidest
453 2473 490 2510 ex
513 2455 588 2512 Pell.
616 2457 629 2511 1
655 2466 684 2511 et
708 2458 741 2525 4,
772 2473 828 2529 ing.
854 2454 934 2512 Cret.
958 2463 986 2511 et
1009 2453 1135 2511 fortasse
1158 2453 1307 2529 pluribus,

227 2541 416 2616 postulatque
439 2540 548 2609 oratio;
572 2558 637 2596 curn
655 2539 732 2596 enim
751 2540 990 2609 demonstrasset,
1014 2549 1136 2596 naturae
1152 2539 1209 2596 hoc
1226 2537 1306 2596 iudi·

227 2626 302 2681 cinni
327 2643 399 2687 esse,
423 2625 519 2682 addit:
545 2625 589 2682 Ea
606 2625 717 2700 (igitur,
741 2643 816 2699 quae
834 2624 956 2699 iudicat)
970 2623 1040 2697 quid
1057 2621 1200 2699 percipit?
1222 2623 1305 2681 Vict.

166 2768 169 2775 ,
227 2712 290 2767 cod.
316 2719 343 2766 et
367 2718 506 2783 quattuor
518 2710 593 2767 Pall.
614 2710 656 2784 (in
669 2708 792 2768 Gruteri
809 2719 880 2766 nota
897 2708 1005 2765 erravit
1024 2709 1199 2784 typothete),
1223 2708 1305 2767 Oxx.

228 2791 314 2870 Εξψχ
342 2815 373 2851 eo
396 2797 477 2868 quid3
511 2795 612 2854 Ursini
636 2795 700 2853 cod.
725 2793 762 2868 (i)
784 2804 813 2850 ot
835 2795 916 2867 quid3
951 2794 1027 2852 Dav.
1057 2814 1087 2850 eu
1116 2793 1206 2851 edidit
1235 2811 1304 2850 curn

227 2880 372 2950 Grntcr0,
403 2881 438 2936 de
462 2880 545 2937 codd.
570 2892 661 2945 tanen
692 2878 854 2937 erianrs
878 2879 946 2936 Bne.
968 2890 994 2935 et
1016 2881 1096 2954 quid,
1126 2877 1204 2937 Gud.
1232 2882 1244 2935 l
1270 2897 1306 2935 ea

227 2967 308 3040 quid,
344 2964 420 3040 Spir.
445 2963 488 3041 [et
512 2962 552 3042 B]
576 2966 619 3037 (ut
643 2964 718 3039 Erl.)
741 2967 765 3021 ci
786 2965 867 3038 quid,
903 2962 981 3022 Gud.
1006 2964 1023 3020 2
1052 2984 1082 3021 eu
1106 2965 1146 3021 uel
1172 2984 1203 3020 ea
1226 2963 1304 3037 quid.

228 3051 306 3107 Hinc
328 3051 445 3107 Mersus
468 3049 578 3107 fecerat
602 3050 728 3123 Ecquid,
752 3049 840 3123 idque
863 3047 957 3106 Gzius
979 3057 1009 3106 et
1031 3048 1161 3107 Orellius
1184 3065 1306 3122 recepe·

227 3146 310 3204 runt,
344 3136 461 3192 sublato
489 3135 631 3192 orationis
659 3153 737 3190 nexu
766 3142 796 3191 et¹
823 3134 978 3191 obscurata
1006 3133 1146 3209 primarie
1174 3134 1305 3190 notione.

228 3220 342 3276 Deinde
361 3223 494 3295 proecepit
511 3221 586 3293 (cod.
599 3219 689 3287 Vict,
703 3219 790 3294 Spir.,
804 3217 881 3277 Gud.
899 3223 928 3292 l)
946 3219 1081 3295 probavit
1095 3217 1198 3286 Gzius,
1221 3217 1306 3274 nulle

227 3304 382 3362 sententia.
416 3306 553 3382 Negabat
575 3305 722 3380 Epicurus
744 3304 903 3377 quidquam
927 3312 1072 3361 enatura
1095 3302 1220 3378 percipi.
1244 3321 1305 3377 quo

228 3391 264 3447 ad
288 3390 483 3464 appetendum
508 3391 618 3447 autad
641 3389 812 3465 fugiendum
837 3389 948 3446 moveri
971 3401 1083 3464 posset.
1112 3397 1229 3463 praeter
1252 3406 1305 3443 vo·

228 3475 369 3549 luptatern
393 3485 421 3530 et
445 3474 584 3532 dolorem.
624 3475 707 3540 ,Tum
730 3484 792 3543 out,
821 3474 899 3547 quod
927 3472 1100 3531 diiunctioni
1123 3484 1224 3546 aptum
1248 3483 1305 3540 est,

160 3630 162 3635 Ι
228 3571 327 3616 tenent
351 3554 446 3638 [An]
469 3559 725 3617 eDnvicianisEl.
745 3568 876 3633 uterque,
901 3559 985 3615 Parr.
1001 3559 1069 3627 1,3,
1094 3557 1199 3615 Mead..
1223 3556 1304 3615 Oxx.

228 3663 338 3711 ornnes,
363 3642 432 3701 Gzii
452 3645 673 3720 „compluree“;
696 3644 828 3701 ediderat
845 3644 887 3701 sic
898 3645 925 3700 V
928 3645 976 3702 ict.
991 3643 1066 3715 (cod.
1079 3643 1141 3700 eius
1159 3662 1189 3699 en
1209 3643 1305 3716 quid);

229 3730 410 3786 retinuerunt
434 3738 457 3784 et
480 3732 547 3803 quid
564 3730 653 3791 ltlan..
674 3728 785 3798 Lamb,
809 3727 964 3786 Gruterus
1002 3727 1094 3786 Gzius
1118 3727 1165 3784 hie
1188 3745 1305 3801 quoque

228 3817 327 3889 ecprttd
348 3813 473 3888 scripsit.
520 3813 674 3873 Sententia
697 3823 741 3870 est
758 3813 904 3906 Epicurea
925 3815 1004 3906 apud
1027 3813 1108 3871 Plut.
1127 3812 1193 3870 adv
1207 3811 1304 3870 Celet.

184 3940 186 3946 -
229 3901 268 3957 27
292 3919 320 3975 p
336 3899 471 3955 11221)
494 3889 745 3988 Atettpeotpio
768 3896 813 3953 δεῖ
832 3885 879 3952 καὶ
904 3883 1043 3973 σάρκινον
1067 3890 1150 3957 εἶναι
1173 3884 1223 3952 καὶ
1248 3913 1305 3969 φα-

228 3986 320 4040 νεῖται
344 3973 430 4057 ἡδονὴ
454 3967 582 4058 ἁγαθόι.

316 4069 364 4124 31.
388 4067 458 4124 Sicut
475 4076 563 4123 outoni
580 4069 702 4141 penitam)
717 4069 762 4124 De
775 4067 876 4123 horum
895 4066 1060 4123 rationibus
1079 4066 1151 4122 nihil
1163 4064 1305 4123 traditum

230 4162 286 4222 est;
310 4153 412 4213 sedu
415 4152 566 4208 tliebnt'
558 4170 588 4208 ru
612 4152 663 4208 illn
686 4153 795 4221 schola,
820 4151 920 4208 eadent
942 4151 1060 4208 mutatis
1078 4151 1176 4210 verbis
1194 4149 1306 4207 dixisse

228 4238 375 4294 videntur.
422 4238 464 4296 Ut
486 4237 646 4293 ndrersarii
670 4256 727 4294 non
752 4237 822 4293 satis
845 4236 1049 4326 explicabant,
1073 4236 1150 4292 unde
1172 4243 1307 4292 oreretur

230 4324 298 4379 boni
322 4322 403 4379 notio
426 4340 443 4378 a
465 4322 584 4378 iucundi
602 4322 743 4393 seiuncta,
767 4323 808 4379 sic
831 4321 874 4377 illi
893 4340 908 4377 e
925 4305 1083 4394 erpoipun.
1107 4339 1181 4394 quae
1204 4338 1305 4377 asen-

229 4409 310 4466 sibus
338 4408 513 4464 nascebatur
544 4418 572 4463 et
602 4424 660 4480 qun
694 4408 748 4466 hoc
782 4416 895 4463 tantum
924 4406 1123 4476 indicabatur,
1158 4403 1306 4480 quomodo
