3030 5086
468 386 512 433 uu
536 385 617 461 unu,
640 384 702 431 nur.
724 384 737 431 1
759 383 832 431 cnr.
858 387 892 431 ta.
913 382 1046 443 (ao-⁴1.)
1253 367 1292 431 87

216 556 270 633 sit
292 554 461 621 accedere?
493 553 603 620 Statue
618 559 728 619 contra
744 551 879 633 aliquem
895 548 1067 616 coniectum
1084 552 1183 617 tantis
1199 551 1294 616 annui

217 657 423 738 corporisque
445 655 619 733 doloribus,
652 653 761 735 quanti
788 652 819 717 in
848 653 1001 717 hominem
1029 653 1153 718 memmi
1181 653 1295 718 cadere

216 767 366 839 possunt,
394 757 480 822 nulla
501 775 558 838 spe
580 754 757 838 proposita,
791 752 859 819 fore
880 753 980 819 levius
1000 754 1182 836 aliquando,
1209 754 1294 819 nulia

216 866 384 941 praeterea
405 877 507 940 neque
527 857 689 939 praesenti
710 873 768 922 nec
785 863 951 937 expectata
966 856 1142 938 voluptate
1164 855 1240 937 quid
1256 873 1294 919 eo

218 961 364 1027 miserim
386 961 447 1025 dici
468 968 524 1025 aut
544 958 620 1041 fingi
641 958 768 1041 potest?
811 957 904 1038 Quod
926 959 953 1022 si
975 957 1040 1022 vita
1061 957 1221 1023 doloribus
1244 976 1294 1023 re·
1312 957 1333 1021 5

218 1062 302 1127 ferte
327 1063 460 1126 maxime
486 1060 634 1142 fugienda
661 1066 724 1140 est,
757 1077 911 1126 summum
937 1057 1078 1140 profecto
1105 1057 1296 1124 malum⁰est

219 1165 326 1230 vivere
341 1181 412 1229 cum
428 1163 550 1242 dolorm
567 1163 617 1228 cui
633 1163 806 1229 sententiae
823 1168 1065 1227 consentaneum
1079 1169 1136 1241 est,
1152 1161 1295 1226 ultimum

218 1285 290 1331 esse
311 1265 464 1330 bonorum
487 1283 556 1329 cum
572 1264 731 1346 voluptate
747 1264 861 1329 vivere.
894 1263 960 1328 Nec
976 1264 1057 1328 enim
1074 1264 1169 1329 habet
1186 1269 1296 1328 nostra

218 1384 308 1432 mens
329 1365 513 1448 quidquam,
547 1367 600 1431 ubi
626 1367 779 1432 consistat
804 1372 961 1447 tamquam
989 1366 1020 1429 in
1043 1371 1196 1443 extremo,
1229 1384 1294 1430 om-

217 1487 338 1550 uesque
360 1478 391 1533 et
412 1475 513 1533 metus
535 1475 567 1532 et
584 1468 796 1547 aegritudines
814 1467 855 1531 ad
872 1467 1011 1533 dolorem
1029 1466 1215 1546 resumatur,
1239 1483 1295 1532 nec
1316 1466 1355 1530 10

218 1580 387 1652 praeterea
403 1572 453 1635 e'st
468 1589 519 1634 res
536 1569 608 1648 ulla,
630 1587 712 1650 quae
731 1586 790 1632 sua
806 1578 921 1634 natura
936 1577 992 1633 aut
1008 1568 1177 1634 sollicitare
1194 1568 1296 1650 possit

1125 1702 1137 1731 0

293 1796 313 1839 1.
332 1789 480 1841 accideress
514 1790 615 1839 tontiE
655 1795 670 1839 i
696 1787 786 1838 homine
804 1787 924 1842 LPmcit
959 1791 1060 1840 marutia
1078 1790 1147 1840 molt
1187 1794 1210 1837 8.
1230 1790 1296 1839 cuius

219 1859 280 1922 (pro
297 1857 421 1923 leviniam
456 1856 580 1936 aliquanto
601 1855 695 1938 [autc
730 1855 796 1906 uuila
820 1866 885 1908 tenu
909 1874 950 1908 uec
976 1858 1136 1923 prumentiC
1179 1864 1194 1904 4
1221 1874 1295 1922 usqne

219 1944 274 1991 exp.
293 1926 433 1977 LPMROr.
470 1932 492 1975 ὁ.
512 1926 568 1990 qnid
584 1927 647 1975 atE
685 1930 706 1975 t.
725 1941 776 1975 cum
794 1925 953 1979 ddoriousc
990 1932 1013 1979 8.
1031 1927 1069 1977 iic
1088 1927 1145 1993 (pro
1164 1925 1256 1986 nec)C

225 2117 284 2175 129
308 2119 523 2191 (amauritium
544 2135 586 2186 ae,
609 2118 677 2191 quid
698 2119 812 2190 quisque
833 2121 954 2188 sentiat),
986 2118 1172 2192 maximeque
1198 2118 1211 2174 Ι
1235 2114 1294 2175 Oti.

220 2205 256 2261 8:
279 2206 318 2260 sic
340 2204 467 2276 dejiciunt
491 2234 529 2245 --
554 2212 583 2259 ut
606 2234 644 2244 -
668 2204 806 2275 definiant.

307 2290 382 2346 notia
405 2287 666 2364 praetereantque)
689 2287 749 2344 Pro
767 2297 923 2362 praeterea,
954 2286 1031 2360 qnod
1061 2295 1180 2345 tuentur
1207 2287 1295 2344 etiam

218 2383 386 2433 ceterorum
409 2372 492 2430 codd.
515 2373 613 2444 (Mon,
637 2373 724 2431 Vict..
749 2392 805 2448 urg.
830 2372 921 2437 Crat„
945 2369 1010 2449 [it]
1033 2380 1123 2440 cett),
1146 2390 1236 2440 unus,
1260 2371 1296 2428 de
1335 2418 1340 2429 .

219 2478 281 2534 quo
303 2467 425 2530 constet,
448 2458 511 2516 cod.
528 2453 545 2525 ξ
563 2467 593 2514 et
614 2458 727 2530 aliquot
749 2458 814 2515 edd.
838 2457 930 2532 (ald,
954 2456 1044 2525 Crat,
1062 2457 1154 2530 Vict.)
1171 2467 1296 2533 praeter-

218 2549 275 2613 ito,
303 2544 380 2619 qnod
403 2552 500 2600 ortum
523 2551 568 2599 est
590 2561 691 2600 eorum
714 2543 912 2612 correctione,
936 2542 986 2615 qui
1010 2542 1067 2599 tria
1090 2553 1223 2618 tempora
1244 2561 1297 2599 no·

219 2629 279 2687 tari
301 2646 355 2686 uec
377 2628 602 2703 praeteritarum
619 2628 803 2703 voluptatum
824 2627 992 2686 memoriam
1016 2627 1199 2703 praetermiti
1217 2628 1296 2685 vole-

220 2716 304 2771 bant
358 2713 562 2773 Praetermisit
594 2732 659 2770 eam
693 2712 796 2772 Cicero
829 2714 918 2770 etiam
952 2713 998 2784 ΙΙ,
1029 2713 1077 2770 63.
1132 2713 1193 2770 Vix
1226 2713 1298 2788 fingi

221 2799 377 2874 quisquam
407 2808 536 2873 poterat,
564 2799 615 2873 qni
644 2799 753 2855 nuliam
778 2813 916 2872 umquam
945 2799 1127 2875 voluptatem
1155 2797 1297 2872 cepissem

222 2893 354 2960 poterat,
389 2885 439 2959 qui
473 2903 543 2950 nec,
560 2899 637 2940 nunc
670 2883 732 2939 ulia
764 2883 913 2941 frueretur
944 2901 998 2940 uec
1031 2902 1113 2959 spem
1147 2882 1296 2941 definitam

222 2968 340 3027 futurae
363 2969 494 3026 haberet.
538 2968 627 3047 [Mox
649 2987 695 3025 uec
717 2987 770 3043 pro
792 2987 876 3042 neque
899 2967 1034 3046 neeri]

309 3059 353 3112 cni
378 3057 521 3111 sentenciae
547 3063 748 3111 consentaneam
775 3064 814 3111 est
841 3055 911 3126 cet.)
942 3055 1027 3110 Hanc
1055 3054 1218 3110 sententiae
1246 3071 1314 3128 ap»

224 3139 425 3216 pandioniam,
454 3158 513 3214 qua
534 3139 564 3196 iu
589 3139 758 3195 memoriam
781 3150 951 3206 revocatur,
980 3139 1059 3213 quod
1086 3139 1171 3195 initio
1194 3138 1299 3213 capitis

224 3225 352 3300 positum
386 3234 469 3295 erat,
509 3224 624 3299 piures,
664 3224 721 3281 Th.
758 3224 893 3281 Bentleio
927 3224 1074 3299 principe,
1114 3225 1299 3280 damnarunt.

224 3311 316 3367 Recte
345 3310 494 3378 Bremius,
527 3309 637 3367 frustra
665 3308 741 3368 Gaio
770 3319 873 3367 contra
900 3311 1060 3378 clamante,
1094 3309 1199 3365 melius
1227 3309 1300 3366 haec

224 3394 343 3452 afutura
365 3394 456 3452 fuisse
479 3403 577 3469 putat,
601 3412 665 3452 rum
690 3395 725 3451 de
748 3413 862 3452 summo
886 3395 962 3451 maio
985 3403 1089 3470 pergat
1110 3394 1219 3460 oratio,
1248 3394 1300 3451 sed

224 3480 541 3555 similes-appendices
569 3483 781 3537 sententiarum
810 3481 847 3537 ad
875 3480 1052 3537 contrariam
1081 3489 1195 3554 purtem
1218 3497 1300 3554 epec-

225 3575 323 3623 tautee
345 3565 463 3640 saepius
485 3584 503 3621 a
521 3564 664 3624 Cicerone
687 3566 816 3642 adiungi.
840 3565 921 3622 velut
939 3566 980 3635 ΙΙ,
994 3566 1044 3634 86,
1067 3565 1118 3622 ubi
1140 3565 1178 3621 ad
1200 3565 1301 3640 proxi·

226 3669 303 3707 nram
326 3651 553 3725 disputationem
577 3651 613 3707 de
636 3651 723 3707 beata
745 3652 807 3707 vita
828 3650 902 3707 nihil
926 3651 1090 3726 pertineant
1113 3650 1218 3706 verba:
1241 3653 1302 3706 item

225 3746 320 3794 contro
346 3739 481 3793 miseriam
508 3755 608 3792 ornnem
641 3739 668 3791 in
697 3738 795 3793 dolore.
840 3735 918 3793 Add.
942 3737 979 3805 V,
1004 3736 1058 3800 90,
1092 3735 1141 3791 ubi
1170 3753 1235 3793 cum
1265 3735 1301 3791 de

226 3821 298 3878 solis
320 3823 462 3896 productis
485 3820 590 3879 Cicero
618 3821 801 3895 loqueretur,
831 3821 965 3878 adhaesit
993 3840 1009 3876 e
1037 3820 1186 3877 contrario
1213 3831 1238 3877 et
1260 3839 1301 3876 re-

226 3908 317 3975 ducta,
340 3907 369 3963 in
393 3925 451 3981 quo
473 3905 602 3963 offensus
624 3915 670 3962 est
691 3906 842 3963 Davisius.

233 4031 237 4038 -
313 3990 476 4066 quidquam)
499 3990 585 4064 Quod
612 3989 700 4048 facile
728 4009 766 4048 ex
793 3990 939 4048 adiunctis
968 3990 1086 4046 auditur
1108 3990 1185 4046 alirtd
1207 3990 1302 4064 (prae-

227 4078 319 4150 urea),
344 4076 504 4134 Lambinus
526 4076 668 4145 addebat3
691 4076 800 4133 similia
821 4076 960 4132 annotavi
978 4075 1015 4132 ad
1036 4076 1082 4132 18.
1117 4075 1189 4132 Mox
1209 4084 1303 4132 matus

227 4179 293 4219 ease
315 4161 497 4219 venientium
519 4162 673 4231 malorum,
696 4161 895 4237 aegritudines
917 4160 1133 4235 praesentium,
1157 4169 1191 4217 ut
1212 4179 1303 4236 expo·
1350 4205 1352 4209 ,

227 4247 308 4303 nitur
330 4247 360 4304 in
383 4247 470 4304 tertio
492 4254 522 4304 at
544 4257 649 4321 quarto
667 4246 910 4304 Tusculanarum.
934 4246 999 4303 dico
1023 4255 1144 4321 propter
1161 4244 1229 4305 Gzii
1252 4264 1304 4303 au·

229 4333 418 4390 notationem.
1063 4352 1065 4356 ⁴
