<?xml version="1.0" encoding="UTF-8"?>
<!DOCTYPE html PUBLIC "-//W3C//DTD XHTML 1.0 Transitional//EN"
    "http://www.w3.org/TR/xhtml1/DTD/xhtml1-transitional.dtd">
<html xmlns="http://www.w3.org/1999/xhtml" xml:lang="en" lang="en">
 <head>
  <title>
</title>
<meta http-equiv="Content-Type" content="text/html;charset=utf-8" />
  <meta name='ocr-system' content='tesseract 3.04.00' />
  <meta name='ocr-capabilities' content='ocr_page ocr_carea ocr_par ocr_line ocrx_word'/>
</head>
<body>
  <div class='ocr_page' id='page_1' title='image "./mtulliiciceroni35cicegoog_0717.png"; bbox 0 0 3030 5086; ppageno 0'>
   <div class='ocr_carea' id='block_1_1' title="bbox 276 426 959 491">
    <p class='ocr_par' dir='ltr' id='par_1_1' title="bbox 276 426 959 491">
     <span class='ocr_line' id='line_1_1' title="bbox 276 426 959 491; baseline -0.004 0"><span class='ocrx_word' id='word_1_1' title='bbox 276 426 338 491; x_wconf 90' lang='grc'>622</span> <span class='ocrx_word' id='word_1_2' title='bbox 666 443 711 487; x_wconf 88' lang='lat' dir='ltr'>ns</span> <span class='ocrx_word' id='word_1_3' title='bbox 734 442 865 489; x_wconf 77' lang='lat' dir='ltr'>eminus</span> <span class='ocrx_word' id='word_1_4' title='bbox 888 443 959 488; x_wconf 83' lang='lat' dir='ltr'>sou.</span> 
     </span>
    </p>
   </div>
   <div class='ocr_carea' id='block_1_2' title="bbox 235 610 1359 1303">
    <p class='ocr_par' dir='ltr' id='par_1_2' title="bbox 235 610 1359 1303">
     <span class='ocr_line' id='line_1_2' title="bbox 275 610 1356 691; baseline 0.001 -15"><span class='ocrx_word' id='word_1_5' title='bbox 275 620 370 676; x_wconf 89' lang='lat' dir='ltr'>tunae</span> <span class='ocrx_word' id='word_1_6' title='bbox 403 612 510 689; x_wconf 88' lang='lat' dir='ltr'>datur;</span> <span class='ocrx_word' id='word_1_7' title='bbox 544 611 629 691; x_wconf 90' lang='lat' dir='ltr'>quod</span> <span class='ocrx_word' id='word_1_8' title='bbox 656 610 683 674; x_wconf 90' lang='lat' dir='ltr'>si</span> <span class='ocrx_word' id='word_1_9' title='bbox 716 611 758 674; x_wconf 85' lang='lat' dir='ltr'>ita</span> <span class='ocrx_word' id='word_1_10' title='bbox 787 610 976 690; x_wconf 82' lang='lat' dir='ltr'>schabest,</span> <span class='ocrx_word' id='word_1_11' title='bbox 1009 629 1071 676; x_wconf 94' lang='lat' dir='ltr'>non</span> <span class='ocrx_word' id='word_1_12' title='bbox 1100 612 1200 691; x_wconf 88' lang='lat' dir='ltr'>possit</span> <span class='ocrx_word' id='word_1_13' title='bbox 1228 612 1356 677; x_wconf 85' lang='lat' dir='ltr'>beatem</span> 
     </span>
     <span class='ocr_line' id='line_1_3' title="bbox 276 712 1359 794; baseline 0.001 -17"><span class='ocrx_word' id='word_1_14' title='bbox 276 715 371 777; x_wconf 87' lang='lat' dir='ltr'>vitam</span> <span class='ocrx_word' id='word_1_15' title='bbox 394 720 558 793; x_wconf 88' lang='lat' dir='ltr'>praestare</span> <span class='ocrx_word' id='word_1_16' title='bbox 580 712 742 792; x_wconf 85' lang='lat' dir='ltr'>sapientia.</span> <span class='ocrx_word' id='word_1_17' title='bbox 776 712 863 778; x_wconf 88' lang='lat' dir='ltr'>Haeo</span> <span class='ocrx_word' id='word_1_18' title='bbox 883 712 958 778; x_wconf 91' lang='lat' dir='ltr'>mihi</span> <span class='ocrx_word' id='word_1_19' title='bbox 980 714 1104 778; x_wconf 87' lang='lat' dir='ltr'>videtur</span> <span class='ocrx_word' id='word_1_20' title='bbox 1125 712 1296 794; x_wconf 78' lang='lat' dir='ltr'>delicatior,</span> <span class='ocrx_word' id='word_1_21' title='bbox 1321 722 1359 778; x_wconf 92' lang='lat' dir='ltr'>ut</span> 
     </span>
     <span class='ocr_line' id='line_1_4' title="bbox 274 813 1357 897; baseline 0.001 -18"><span class='ocrx_word' id='word_1_22' title='bbox 274 815 319 879; x_wconf 89' lang='lat' dir='ltr'>ita</span> <span class='ocrx_word' id='word_1_23' title='bbox 342 815 456 893; x_wconf 82' lang='lat' dir='ltr'>dicam,</span> <span class='ocrx_word' id='word_1_24' title='bbox 485 813 668 893; x_wconf 84' lang='lat' dir='ltr'>molliorque</span> <span class='ocrx_word' id='word_1_25' title='bbox 695 815 791 892; x_wconf 85' lang='lat' dir='ltr'>ratio,</span> <span class='ocrx_word' id='word_1_26' title='bbox 821 833 914 895; x_wconf 92' lang='lat' dir='ltr'>quarn</span> <span class='ocrx_word' id='word_1_27' title='bbox 936 815 1060 881; x_wconf 85' lang='lat' dir='ltr'>virtutis</span> <span class='ocrx_word' id='word_1_28' title='bbox 1083 816 1130 880; x_wconf 90' lang='lat' dir='ltr'>vis</span> <span class='ocrx_word' id='word_1_29' title='bbox 1152 815 1357 897; x_wconf 65' lang='lat' dir='ltr'>pronasque</span> 
     </span>
     <span class='ocr_line' id='line_1_5' title="bbox 275 916 1358 998; baseline 0.002 -17"><span class='ocrx_word' id='word_1_30' title='bbox 275 916 423 998; x_wconf 91' lang='lat' dir='ltr'>postulat.</span> <span class='ocrx_word' id='word_1_31' title='bbox 469 919 575 996; x_wconf 85' lang='lat' dir='ltr'>Quare</span> <span class='ocrx_word' id='word_1_32' title='bbox 596 923 758 980; x_wconf 88' lang='lat' dir='ltr'>teneamus</span> <span class='ocrx_word' id='word_1_33' title='bbox 781 916 980 982; x_wconf 78' lang='lat' dir='ltr'>Aristotelem</span> <span class='ocrx_word' id='word_1_34' title='bbox 1002 923 1035 982; x_wconf 93' lang='lat' dir='ltr'>et</span> <span class='ocrx_word' id='word_1_35' title='bbox 1056 918 1122 982; x_wconf 91' lang='lat' dir='ltr'>eius</span> <span class='ocrx_word' id='word_1_36' title='bbox 1143 916 1240 982; x_wconf 88' lang='lat' dir='ltr'>filium</span> <span class='ocrx_word' id='word_1_37' title='bbox 1258 917 1358 983; x_wconf 88' lang='lat' dir='ltr'>Nico-</span> 
     </span>
     <span class='ocr_line' id='line_1_6' title="bbox 235 1017 1359 1098; baseline 0.001 -14"><span class='ocrx_word' id='word_1_38' title='bbox 235 1019 431 1097; x_wconf 81' lang='lat' dir='ltr'>bmachum,</span> <span class='ocrx_word' id='word_1_39' title='bbox 459 1018 545 1082; x_wconf 91' lang='lat' dir='ltr'>cuius</span> <span class='ocrx_word' id='word_1_40' title='bbox 568 1024 712 1082; x_wconf 88' lang='lat' dir='ltr'>accurate</span> <span class='ocrx_word' id='word_1_41' title='bbox 739 1017 848 1098; x_wconf 89' lang='lat' dir='ltr'>scripti</span> <span class='ocrx_word' id='word_1_42' title='bbox 879 1020 918 1084; x_wconf 90' lang='lat' dir='ltr'>de</span> <span class='ocrx_word' id='word_1_43' title='bbox 945 1019 1083 1085; x_wconf 87' lang='lat' dir='ltr'>moribus</span> <span class='ocrx_word' id='word_1_44' title='bbox 1109 1019 1179 1083; x_wconf 91' lang='lat' dir='ltr'>libri</span> <span class='ocrx_word' id='word_1_45' title='bbox 1207 1019 1359 1085; x_wconf 82' lang='lat' dir='ltr'>dicunttsr</span> 
     </span>
     <span class='ocr_line' id='line_1_7' title="bbox 273 1119 1359 1202; baseline -0.001 -17"><span class='ocrx_word' id='word_1_46' title='bbox 273 1121 317 1185; x_wconf 94' lang='lat' dir='ltr'>illi</span> <span class='ocrx_word' id='word_1_47' title='bbox 340 1121 464 1202; x_wconf 90' lang='lat' dir='ltr'>quidem</span> <span class='ocrx_word' id='word_1_48' title='bbox 487 1138 557 1185; x_wconf 87' lang='lat' dir='ltr'>esse</span> <span class='ocrx_word' id='word_1_49' title='bbox 580 1119 750 1199; x_wconf 82' lang='lat' dir='ltr'>Aristoteli,</span> <span class='ocrx_word' id='word_1_50' title='bbox 773 1121 829 1185; x_wconf 89' lang='lat' dir='ltr'>sed</span> <span class='ocrx_word' id='word_1_51' title='bbox 852 1140 912 1184; x_wconf 93' lang='lat' dir='ltr'>non</span> <span class='ocrx_word' id='word_1_52' title='bbox 936 1121 1035 1200; x_wconf 84' lang='lat' dir='ltr'>video,</span> <span class='ocrx_word' id='word_1_53' title='bbox 1057 1139 1114 1186; x_wconf 90' lang='lat' dir='ltr'>cur</span> <span class='ocrx_word' id='word_1_54' title='bbox 1136 1139 1197 1185; x_wconf 92' lang='lat' dir='ltr'>non</span> <span class='ocrx_word' id='word_1_55' title='bbox 1216 1121 1359 1201; x_wconf 90' lang='lat' dir='ltr'>potuerit</span> 
     </span>
     <span class='ocr_line' id='line_1_8' title="bbox 274 1219 1359 1303; baseline 0.002 -17"><span class='ocrx_word' id='word_1_56' title='bbox 274 1223 358 1303; x_wconf 90' lang='lat' dir='ltr'>patri</span> <span class='ocrx_word' id='word_1_57' title='bbox 386 1222 495 1287; x_wconf 90' lang='lat' dir='ltr'>similis</span> <span class='ocrx_word' id='word_1_58' title='bbox 523 1239 592 1288; x_wconf 89' lang='lat' dir='ltr'>esse</span> <span class='ocrx_word' id='word_1_59' title='bbox 614 1219 705 1287; x_wconf 83' lang='lat' dir='ltr'>filius</span> <span class='ocrx_word' id='word_1_60' title='bbox 749 1221 999 1303; x_wconf 78' lang='lat' dir='ltr'>Theophrastum</span> <span class='ocrx_word' id='word_1_61' title='bbox 1022 1230 1126 1288; x_wconf 86' lang='lat' dir='ltr'>tamen</span> <span class='ocrx_word' id='word_1_62' title='bbox 1148 1223 1359 1288; x_wconf 84' lang='lat' dir='ltr'>adhibeamus</span> 
     </span>
    </p>
   </div>
   <div class='ocr_carea' id='block_1_3' title="bbox 344 1408 1121 1475">
    <p class='ocr_par' dir='ltr' id='par_1_3' title="bbox 344 1408 1121 1475">
     <span class='ocr_line' id='line_1_9' title="bbox 344 1408 1121 1475; baseline 0.004 -17"><span class='ocrx_word' id='word_1_63' title='bbox 344 1416 366 1458; x_wconf 83' lang='grc'>2.</span> <span class='ocrx_word' id='word_1_64' title='bbox 384 1418 510 1475; x_wconf 80' lang='lat' dir='ltr'>praestare</span> <span class='ocrx_word' id='word_1_65' title='bbox 528 1410 601 1459; x_wconf 78' lang='lat' dir='ltr'>etlam</span> <span class='ocrx_word' id='word_1_66' title='bbox 621 1409 746 1460; x_wconf 82' lang='lat' dir='ltr'>LPCROr</span> <span class='ocrx_word' id='word_1_67' title='bbox 791 1413 812 1459; x_wconf 84' lang='grc'>6.</span> <span class='ocrx_word' id='word_1_68' title='bbox 833 1408 969 1458; x_wconf 67' lang='lat' dir='ltr'>Aristotelis</span> <span class='ocrx_word' id='word_1_69' title='bbox 988 1408 1121 1461; x_wconf 72' lang='lat' dir='ltr'>brosor.</span> 
     </span>
    </p>
   </div>
   <div class='ocr_carea' id='block_1_4' title="bbox 171 1582 1358 4466">
    <p class='ocr_par' dir='ltr' id='par_1_4' title="bbox 272 1582 1358 2084">
     <span class='ocr_line' id='line_1_10' title="bbox 274 1582 1358 1659; baseline 0 -18"><span class='ocrx_word' id='word_1_70' title='bbox 274 1584 379 1641; x_wconf 86' lang='lat' dir='ltr'>Ethica</span> <span class='ocrx_word' id='word_1_71' title='bbox 402 1584 601 1641; x_wconf 88' lang='lat' dir='ltr'>Nicomachea</span> <span class='ocrx_word' id='word_1_72' title='bbox 628 1601 721 1657; x_wconf 92' lang='lat' dir='ltr'>aeque</span> <span class='ocrx_word' id='word_1_73' title='bbox 749 1594 820 1639; x_wconf 90' lang='lat' dir='ltr'>nota</span> <span class='ocrx_word' id='word_1_74' title='bbox 846 1601 881 1638; x_wconf 91' lang='lat' dir='ltr'>ac</span> <span class='ocrx_word' id='word_1_75' title='bbox 909 1589 1089 1657; x_wconf 75' lang='lat' dir='ltr'>pertrectata</span> <span class='ocrx_word' id='word_1_76' title='bbox 1115 1582 1242 1641; x_wconf 86' lang='lat' dir='ltr'>fuissent</span> <span class='ocrx_word' id='word_1_77' title='bbox 1263 1593 1358 1659; x_wconf 88' lang='lat' dir='ltr'>atque</span> 
     </span>
     <span class='ocr_line' id='line_1_11' title="bbox 274 1667 1356 1744; baseline 0.001 -19"><span class='ocrx_word' id='word_1_78' title='bbox 274 1669 472 1744; x_wconf 84' lang='lat' dir='ltr'>Theophrasti</span> <span class='ocrx_word' id='word_1_79' title='bbox 496 1669 579 1727; x_wconf 90' lang='lat' dir='ltr'>liber.</span> <span class='ocrx_word' id='word_1_80' title='bbox 605 1687 656 1724; x_wconf 90' lang='lat' dir='ltr'>nec</span> <span class='ocrx_word' id='word_1_81' title='bbox 680 1669 716 1724; x_wconf 90' lang='lat' dir='ltr'>de</span> <span class='ocrx_word' id='word_1_82' title='bbox 734 1667 897 1724; x_wconf 84' lang='lat' dir='ltr'>Aristotele</span> <span class='ocrx_word' id='word_1_83' title='bbox 916 1667 1065 1725; x_wconf 82' lang='lat' dir='ltr'>Antiocho</span> <span class='ocrx_word' id='word_1_84' title='bbox 1088 1669 1269 1727; x_wconf 84' lang='lat' dir='ltr'>credidisset</span> <span class='ocrx_word' id='word_1_85' title='bbox 1292 1670 1356 1726; x_wconf 86' lang='lat' dir='ltr'>vim</span> 
     </span>
     <span class='ocr_line' id='line_1_12' title="bbox 273 1752 1358 1826; baseline 0.001 -16"><span class='ocrx_word' id='word_1_86' title='bbox 273 1753 409 1811; x_wconf 86' lang='lat' dir='ltr'>fortunae</span> <span class='ocrx_word' id='word_1_87' title='bbox 439 1754 475 1809; x_wconf 91' lang='lat' dir='ltr'>ab</span> <span class='ocrx_word' id='word_1_88' title='bbox 500 1755 662 1810; x_wconf 85' lang='lat' dir='ltr'>Aristotele</span> <span class='ocrx_word' id='word_1_89' title='bbox 692 1752 811 1809; x_wconf 88' lang='lat' dir='ltr'>minime</span> <span class='ocrx_word' id='word_1_90' title='bbox 839 1753 956 1809; x_wconf 87' lang='lat' dir='ltr'>excludi</span> <span class='ocrx_word' id='word_1_91' title='bbox 985 1753 1108 1810; x_wconf 86' lang='lat' dir='ltr'>vidisset</span> <span class='ocrx_word' id='word_1_92' title='bbox 1130 1753 1211 1826; x_wconf 84' lang='lat' dir='ltr'>(Eth.</span> <span class='ocrx_word' id='word_1_93' title='bbox 1235 1754 1358 1812; x_wconf 87' lang='lat' dir='ltr'>Nicorn.</span> 
     </span>
     <span class='ocr_line' id='line_1_13' title="bbox 272 1837 1356 1937; baseline 0 -40"><span class='ocrx_word' id='word_1_94' title='bbox 272 1840 298 1906; x_wconf 90' lang='grc' dir='ltr'>Ι,</span> <span class='ocrx_word' id='word_1_95' title='bbox 326 1841 362 1896; x_wconf 88' lang='grc'>10</span> <span class='ocrx_word' id='word_1_96' title='bbox 386 1850 413 1894; x_wconf 91' lang='lat' dir='ltr'>et</span> <span class='ocrx_word' id='word_1_97' title='bbox 441 1842 489 1903; x_wconf 88' lang='grc'>11,</span> <span class='ocrx_word' id='word_1_98' title='bbox 514 1840 555 1900; x_wconf 88' lang='lat' dir='ltr'>X</span> <span class='ocrx_word' id='word_1_99' title='bbox 580 1840 620 1911; x_wconf 87' lang='lat'>9)</span> <span class='ocrx_word' id='word_1_100' title='bbox 643 1847 732 1912; x_wconf 88' lang='lat' dir='ltr'>atque</span> <span class='ocrx_word' id='word_1_101' title='bbox 755 1838 849 1912; x_wconf 87' lang='lat' dir='ltr'>ipsum</span> <span class='ocrx_word' id='word_1_102' title='bbox 873 1837 956 1905; x_wconf 77' lang='lat' dir='ltr'>illud,</span> <span class='ocrx_word' id='word_1_103' title='bbox 979 1840 1008 1894; x_wconf 92' lang='lat' dir='ltr'>in</span> <span class='ocrx_word' id='word_1_104' title='bbox 1032 1857 1090 1912; x_wconf 91' lang='lat' dir='ltr'>quo</span> <span class='ocrx_word' id='word_1_105' title='bbox 1113 1839 1356 1937; x_wconf 82' lang='lat' dir='ltr'>Theophrastum</span> 
     </span>
     <span class='ocr_line' id='line_1_14' title="bbox 272 1922 1358 1999; baseline 0 -16"><span class='ocrx_word' id='word_1_106' title='bbox 272 1925 376 1983; x_wconf 83' lang='lat' dir='ltr'>vexari</span> <span class='ocrx_word' id='word_1_107' title='bbox 394 1924 466 1980; x_wconf 89' lang='lat' dir='ltr'>dicit</span> <span class='ocrx_word' id='word_1_108' title='bbox 484 1924 617 1993; x_wconf 79' lang='lat' dir='ltr'>(fuscul.</span> <span class='ocrx_word' id='word_1_109' title='bbox 638 1926 675 1992; x_wconf 96' lang='lat' dir='ltr'>V</span> <span class='ocrx_word' id='word_1_110' title='bbox 695 1925 762 1995; x_wconf 87' lang='grc'><strong>24),</strong></span> <span class='ocrx_word' id='word_1_111' title='bbox 787 1922 865 1997; x_wconf 90' lang='lat' dir='ltr'>quod</span> <span class='ocrx_word' id='word_1_112' title='bbox 889 1934 976 1997; x_wconf 81' lang='lat' dir='ltr'>neget</span> <span class='ocrx_word' id='word_1_113' title='bbox 998 1943 1078 1989; x_wconf 75' lang='lat' dir='ltr'>eum,</span> <span class='ocrx_word' id='word_1_114' title='bbox 1107 1925 1157 1998; x_wconf 89' lang='lat' dir='ltr'>qui</span> <span class='ocrx_word' id='word_1_115' title='bbox 1180 1928 1358 1999; x_wconf 78' lang='lat' dir='ltr'>torqueatur</span> 
     </span>
     <span class='ocr_line' id='line_1_15' title="bbox 272 2007 1356 2105; baseline 0.001 -39"><span class='ocrx_word' id='word_1_116' title='bbox 272 2022 301 2066; x_wconf 92' lang='lat' dir='ltr'>et</span> <span class='ocrx_word' id='word_1_117' title='bbox 324 2010 373 2083; x_wconf 87' lang='lat' dir='ltr'>qui</span> <span class='ocrx_word' id='word_1_118' title='bbox 398 2011 553 2073; x_wconf 83' lang='lat' dir='ltr'>crucietur</span> <span class='ocrx_word' id='word_1_119' title='bbox 578 2010 696 2065; x_wconf 86' lang='lat' dir='ltr'>beatum</span> <span class='ocrx_word' id='word_1_120' title='bbox 720 2027 784 2067; x_wconf 83' lang='lat' dir='ltr'>esse</span> <span class='ocrx_word' id='word_1_121' title='bbox 807 2026 902 2083; x_wconf 67' lang='lat' dir='ltr'>posse,</span> <span class='ocrx_word' id='word_1_122' title='bbox 925 2007 987 2064; x_wconf 89' lang='lat' dir='ltr'>illic</span> <span class='ocrx_word' id='word_1_123' title='bbox 983 2009 1148 2105; x_wconf 87' lang='lat' dir='ltr'>scriptum</span> <span class='ocrx_word' id='word_1_124' title='bbox 1173 2010 1356 2100; x_wconf 82' lang='lat' dir='ltr'>repperisset</span> 
     </span>
    </p>

    <p class='ocr_par' dir='ltr' id='par_1_5' title="bbox 171 2077 1358 2931">
     <span class='ocr_line' id='line_1_16' title="bbox 171 2077 1357 2194; baseline -0.001 -42"><span class='ocrx_word' id='word_1_125' title='bbox 171 2082 174 2087; x_wconf 36' lang='lat'><em>⁴</em></span> <span class='ocrx_word' id='word_1_126' title='bbox 272 2096 419 2168; x_wconf 77' lang='lat' dir='ltr'>(V11.13,</span> <span class='ocrx_word' id='word_1_127' title='bbox 435 2096 480 2166; x_wconf 80' lang='grc'>3);</span> <span class='ocrx_word' id='word_1_128' title='bbox 500 2089 537 2151; x_wconf 83' lang='lat' dir='ltr'>Oi</span> <span class='ocrx_word' id='word_1_129' title='bbox 555 2083 587 2150; x_wconf 82' lang='lat' dir='ltr'>de</span> <span class='ocrx_word' id='word_1_130' title='bbox 604 2084 655 2150; x_wconf 76' lang='grc' dir='ltr'>τὸν</span> <span class='ocrx_word' id='word_1_131' title='bbox 667 2077 876 2190; x_wconf 69' lang='grc' dir='ltr'><strong><em>τροχιζόμενοα</em></strong></span> <span class='ocrx_word' id='word_1_132' title='bbox 893 2083 941 2150; x_wconf 78' lang='grc' dir='ltr'>καὶ</span> <span class='ocrx_word' id='word_1_133' title='bbox 958 2110 1010 2189; x_wconf 75' lang='lat' dir='ltr'>ror</span> <span class='ocrx_word' id='word_1_134' title='bbox 1028 2087 1198 2192; x_wconf 79' lang='grc' dir='ltr'><strong><em>δυστυχίαις</em></strong></span> <span class='ocrx_word' id='word_1_135' title='bbox 1209 2079 1357 2194; x_wconf 48' lang='lat' dir='ltr'>pernhart·</span> 
     </span>
     <span class='ocr_line' id='line_1_17' title="bbox 271 2161 1358 2277; baseline -0.003 -41"><span class='ocrx_word' id='word_1_136' title='bbox 271 2197 485 2277; x_wconf 67' lang='lat' dir='ltr'>acernaacerna</span> <span class='ocrx_word' id='word_1_137' title='bbox 503 2170 665 2273; x_wconf 71' lang='grc' dir='ltr'><strong><em>εὐδαίμονα</em></strong></span> <span class='ocrx_word' id='word_1_138' title='bbox 682 2168 848 2250; x_wconf 70' lang='grc' dir='ltr'><strong><em>φάσκοντες</em></strong></span> <span class='ocrx_word' id='word_1_139' title='bbox 861 2169 978 2245; x_wconf 67' lang='lat' dir='ltr'>atraq’</span> <span class='ocrx_word' id='word_1_140' title='bbox 964 2167 1014 2233; x_wconf 81' lang='lat' dir='ltr'>seir</span> <span class='ocrx_word' id='word_1_141' title='bbox 1028 2198 1044 2252; x_wconf 78' lang='lat' dir='ltr'>p</span> <span class='ocrx_word' id='word_1_142' title='bbox 1031 2161 1188 2252; x_wconf 74' lang='grc' dir='ltr'>ἀγαθός,</span> <span class='ocrx_word' id='word_1_143' title='bbox 1206 2194 1358 2254; x_wconf 75' lang='lat' dir='ltr'>qsaorrac</span> 
     </span>
     <span class='ocr_line' id='line_1_18' title="bbox 272 2251 1356 2340; baseline -0.003 -21"><span class='ocrx_word' id='word_1_144' title='bbox 272 2251 288 2340; x_wconf 76' lang='grc' dir='ltr'><em>ἢ</em></span> <span class='ocrx_word' id='word_1_145' title='bbox 313 2253 435 2328; x_wconf 76' lang='grc' dir='ltr'><strong><em>ἄκοντες</em></strong></span> <span class='ocrx_word' id='word_1_146' title='bbox 458 2252 542 2320; x_wconf 68' lang='lat' dir='ltr'>ordis</span> <span class='ocrx_word' id='word_1_147' title='bbox 564 2255 691 2338; x_wconf 72' lang='grc' dir='ltr'><strong><em>λέγουσι.</em></strong></span> <span class='ocrx_word' id='word_1_148' title='bbox 737 2254 880 2334; x_wconf 87' lang='lat' dir='ltr'>Itaqne’</span> <span class='ocrx_word' id='word_1_149' title='bbox 866 2278 895 2317; x_wconf 78' lang='grc' dir='ltr'>εκ</span> <span class='ocrx_word' id='word_1_150' title='bbox 917 2258 969 2336; x_wconf 80' lang='grc' dir='ltr'>τῆς</span> <span class='ocrx_word' id='word_1_151' title='bbox 992 2253 1182 2333; x_wconf 69' lang='grc' dir='ltr'><strong><em>εὐδαιμονίας</em></strong></span> <span class='ocrx_word' id='word_1_152' title='bbox 1203 2261 1356 2318; x_wconf 69' lang='grc' dir='ltr'><strong><em>κινεῖσθαι</em></strong></span> 
     </span>
     <span class='ocr_line' id='line_1_19' title="bbox 271 2346 1357 2423; baseline -0.005 -18"><span class='ocrx_word' id='word_1_153' title='bbox 271 2367 357 2423; x_wconf 84' lang='lat' dir='ltr'>posse</span> <span class='ocrx_word' id='word_1_154' title='bbox 375 2348 522 2405; x_wconf 91' lang='lat' dir='ltr'>hominem</span> <span class='ocrx_word' id='word_1_155' title='bbox 539 2348 646 2403; x_wconf 87' lang='lat' dir='ltr'>virtute</span> <span class='ocrx_word' id='word_1_156' title='bbox 664 2347 829 2421; x_wconf 90' lang='lat' dir='ltr'>praeditum</span> <span class='ocrx_word' id='word_1_157' title='bbox 847 2346 987 2403; x_wconf 86' lang='lat' dir='ltr'>censebat</span> <span class='ocrx_word' id='word_1_158' title='bbox 1003 2365 1097 2420; x_wconf 91' lang='lat' dir='ltr'>neque</span> <span class='ocrx_word' id='word_1_159' title='bbox 1116 2357 1212 2403; x_wconf 89' lang='lat' dir='ltr'>temen</span> <span class='ocrx_word' id='word_1_160' title='bbox 1231 2362 1357 2420; x_wconf 85' lang='lat' dir='ltr'>prorsus</span> 
     </span>
     <span class='ocr_line' id='line_1_20' title="bbox 273 2424 1354 2505; baseline -0.002 -15"><span class='ocrx_word' id='word_1_161' title='bbox 273 2424 381 2490; x_wconf 74' lang='lat' dir='ltr'>aditor</span> <span class='ocrx_word' id='word_1_162' title='bbox 404 2433 466 2490; x_wconf 85' lang='lat' dir='ltr'>fieri</span> <span class='ocrx_word' id='word_1_163' title='bbox 490 2434 531 2504; x_wconf 83' lang='lat'>(1,</span> <span class='ocrx_word' id='word_1_164' title='bbox 559 2433 606 2500; x_wconf 77' lang='lat'>10,</span> <span class='ocrx_word' id='word_1_165' title='bbox 634 2433 670 2487; x_wconf 92' lang='grc'>13</span> <span class='ocrx_word' id='word_1_166' title='bbox 693 2444 723 2489; x_wconf 91' lang='lat' dir='ltr'>et</span> <span class='ocrx_word' id='word_1_167' title='bbox 749 2434 807 2505; x_wconf 87' lang='grc'><strong>14).</strong></span> <span class='ocrx_word' id='word_1_168' title='bbox 852 2430 911 2489; x_wconf 84' lang='lat' dir='ltr'>Cir.</span> <span class='ocrx_word' id='word_1_169' title='bbox 938 2431 1043 2488; x_wconf 87' lang='lat' dir='ltr'>Ritteri</span> <span class='ocrx_word' id='word_1_170' title='bbox 1066 2431 1144 2488; x_wconf 88' lang='lat' dir='ltr'>Hist.</span> <span class='ocrx_word' id='word_1_171' title='bbox 1168 2432 1278 2489; x_wconf 85' lang='lat' dir='ltr'>Philos.</span> <span class='ocrx_word' id='word_1_172' title='bbox 1303 2431 1354 2488; x_wconf 90' lang='lat'>111</span> 
     </span>
     <span class='ocr_line' id='line_1_21' title="bbox 272 2516 1357 2594; baseline -0.001 -21"><span class='ocrx_word' id='word_1_173' title='bbox 272 2539 301 2594; x_wconf 89' lang='lat' dir='ltr'>p.</span> <span class='ocrx_word' id='word_1_174' title='bbox 322 2519 383 2574; x_wconf 87' lang='grc'>320</span> <span class='ocrx_word' id='word_1_175' title='bbox 401 2536 464 2592; x_wconf 90' lang='lat' dir='ltr'>sqq.</span> <span class='ocrx_word' id='word_1_176' title='bbox 513 2517 772 2574; x_wconf 87' lang='lat' dir='ltr'>Animadverterat</span> <span class='ocrx_word' id='word_1_177' title='bbox 799 2517 872 2573; x_wconf 86' lang='lat' dir='ltr'>haec</span> <span class='ocrx_word' id='word_1_178' title='bbox 899 2517 1144 2583; x_wconf 63' lang='lat' dir='ltr'>Tennemennum</span> <span class='ocrx_word' id='word_1_179' title='bbox 1173 2518 1250 2591; x_wconf 91' lang='lat' dir='ltr'>qnod</span> <span class='ocrx_word' id='word_1_180' title='bbox 1282 2516 1357 2573; x_wconf 84' lang='lat' dir='ltr'>Ari·</span> 
     </span>
     <span class='ocr_line' id='line_1_22' title="bbox 272 2601 1356 2670; baseline -0.002 -10"><span class='ocrx_word' id='word_1_181' title='bbox 272 2604 407 2660; x_wconf 88' lang='lat' dir='ltr'>stotelem</span> <span class='ocrx_word' id='word_1_182' title='bbox 437 2611 536 2670; x_wconf 86' lang='lat' dir='ltr'>norat;</span> <span class='ocrx_word' id='word_1_183' title='bbox 566 2601 660 2660; x_wconf 87' lang='lat' dir='ltr'>Gzius</span> <span class='ocrx_word' id='word_1_184' title='bbox 683 2601 854 2661; x_wconf 85' lang='lat' dir='ltr'>Ciceronem</span> <span class='ocrx_word' id='word_1_185' title='bbox 884 2610 963 2658; x_wconf 90' lang='lat' dir='ltr'>recte</span> <span class='ocrx_word' id='word_1_186' title='bbox 991 2602 1117 2658; x_wconf 84' lang='lat' dir='ltr'>sensisse</span> <span class='ocrx_word' id='word_1_187' title='bbox 1140 2601 1294 2659; x_wconf 87' lang='lat' dir='ltr'>Ciceronis</span> <span class='ocrx_word' id='word_1_188' title='bbox 1322 2613 1356 2658; x_wconf 88' lang='lat' dir='ltr'>et</span> 
     </span>
     <span class='ocr_line' id='line_1_23' title="bbox 271 2685 1356 2764; baseline -0.002 -19"><span class='ocrx_word' id='word_1_189' title='bbox 271 2688 411 2746; x_wconf 89' lang='lat' dir='ltr'>Antiochi</span> <span class='ocrx_word' id='word_1_190' title='bbox 436 2687 613 2744; x_wconf 88' lang='lat' dir='ltr'>testimoniis</span> <span class='ocrx_word' id='word_1_191' title='bbox 635 2686 774 2744; x_wconf 82' lang='lat' dir='ltr'>defendit.</span> <span class='ocrx_word' id='word_1_192' title='bbox 826 2688 914 2744; x_wconf 81' lang='lat' dir='ltr'>Vitam</span> <span class='ocrx_word' id='word_1_193' title='bbox 933 2698 1075 2762; x_wconf 81' lang='lat' dir='ltr'>praestare</span> <span class='ocrx_word' id='word_1_194' title='bbox 1097 2685 1153 2764; x_wconf 91' lang='lat' dir='ltr'>[B]</span> <span class='ocrx_word' id='word_1_195' title='bbox 1175 2688 1232 2743; x_wconf 89' lang='lat' dir='ltr'>iam</span> <span class='ocrx_word' id='word_1_196' title='bbox 1248 2687 1356 2744; x_wconf 89' lang='lat' dir='ltr'>Lamb.</span> 
     </span>
     <span class='ocr_line' id='line_1_24' title="bbox 272 2773 1358 2847; baseline -0.003 -17"><span class='ocrx_word' id='word_1_197' title='bbox 272 2782 300 2830; x_wconf 93' lang='lat' dir='ltr'>et</span> <span class='ocrx_word' id='word_1_198' title='bbox 324 2773 399 2829; x_wconf 90' lang='lat' dir='ltr'>Dav.</span> <span class='ocrx_word' id='word_1_199' title='bbox 423 2773 526 2841; x_wconf 81' lang='lat' dir='ltr'>tacite3</span> <span class='ocrx_word' id='word_1_200' title='bbox 555 2773 644 2829; x_wconf 90' lang='lat' dir='ltr'>ceteri</span> <span class='ocrx_word' id='word_1_201' title='bbox 669 2773 794 2829; x_wconf 89' lang='lat' dir='ltr'>inverse.</span> <span class='ocrx_word' id='word_1_202' title='bbox 838 2773 963 2844; x_wconf 81' lang='lat' dir='ltr'>(Fortior</span> <span class='ocrx_word' id='word_1_203' title='bbox 984 2783 1023 2829; x_wconf 81' lang='lat' dir='ltr'>est</span> <span class='ocrx_word' id='word_1_204' title='bbox 1046 2792 1098 2847; x_wconf 81' lang='lat' dir='ltr'>pro</span> <span class='ocrx_word' id='word_1_205' title='bbox 1115 2776 1246 2846; x_wconf 79' lang='lat' dir='ltr'>fortunae</span> <span class='ocrx_word' id='word_1_206' title='bbox 1268 2773 1358 2829; x_wconf 76' lang='lat' dir='ltr'>datur</span> 
     </span>
     <span class='ocr_line' id='line_1_25' title="bbox 271 2858 777 2931; baseline -0.004 -16"><span class='ocrx_word' id='word_1_207' title='bbox 271 2859 358 2915; x_wconf 88' lang='lat' dir='ltr'>etiam</span> <span class='ocrx_word' id='word_1_208' title='bbox 383 2858 433 2914; x_wconf 92' lang='lat' dir='ltr'>alii</span> <span class='ocrx_word' id='word_1_209' title='bbox 457 2859 570 2931; x_wconf 89' lang='lat' dir='ltr'>aliquot</span> <span class='ocrx_word' id='word_1_210' title='bbox 593 2858 777 2929; x_wconf 88' lang='lat' dir='ltr'>deteriores.)</span> 
     </span>
    </p>

    <p class='ocr_par' dir='ltr' id='par_1_6' title="bbox 270 2939 1357 3188">
     <span class='ocr_line' id='line_1_26' title="bbox 361 2939 1357 3018; baseline 0.001 -20"><span class='ocrx_word' id='word_1_211' title='bbox 361 2942 452 3010; x_wconf 77' lang='lat' dir='ltr'>Qrtare</span> <span class='ocrx_word' id='word_1_212' title='bbox 469 2954 603 2999; x_wconf 79' lang='lat' dir='ltr'>teneamus</span> <span class='ocrx_word' id='word_1_213' title='bbox 616 2944 784 3000; x_wconf 79' lang='lat' dir='ltr'>Aristotelem</span> <span class='ocrx_word' id='word_1_214' title='bbox 797 2939 867 3018; x_wconf 84' lang='lat' dir='ltr'>cet.)</span> <span class='ocrx_word' id='word_1_215' title='bbox 886 2942 960 2998; x_wconf 87' lang='lat' dir='ltr'>hiire</span> <span class='ocrx_word' id='word_1_216' title='bbox 978 2942 1072 3016; x_wconf 86' lang='lat' dir='ltr'>ipsum</span> <span class='ocrx_word' id='word_1_217' title='bbox 1086 2942 1257 3000; x_wconf 87' lang='lat' dir='ltr'>Ciceronem</span> <span class='ocrx_word' id='word_1_218' title='bbox 1278 2942 1357 2999; x_wconf 81' lang='lat' dir='ltr'>haee</span> 
     </span>
     <span class='ocr_line' id='line_1_27' title="bbox 270 3026 1357 3103; baseline -0.003 -18"><span class='ocrx_word' id='word_1_219' title='bbox 270 3028 371 3103; x_wconf 93' lang='lat' dir='ltr'>opinio</span> <span class='ocrx_word' id='word_1_220' title='bbox 390 3027 476 3084; x_wconf 81' lang='lat' dir='ltr'>fallit.</span> <span class='ocrx_word' id='word_1_221' title='bbox 522 3029 580 3084; x_wconf 79' lang='lat' dir='ltr'>Sed</span> <span class='ocrx_word' id='word_1_222' title='bbox 603 3036 633 3084; x_wconf 93' lang='lat' dir='ltr'>et</span> <span class='ocrx_word' id='word_1_223' title='bbox 654 3029 726 3084; x_wconf 87' lang='lat' dir='ltr'>baec</span> <span class='ocrx_word' id='word_1_224' title='bbox 750 3038 779 3083; x_wconf 89' lang='lat' dir='ltr'>et</span> <span class='ocrx_word' id='word_1_225' title='bbox 801 3046 845 3093; x_wconf 75' lang='lat' dir='ltr'>ca,</span> <span class='ocrx_word' id='word_1_226' title='bbox 869 3046 944 3100; x_wconf 90' lang='lat' dir='ltr'>quae</span> <span class='ocrx_word' id='word_1_227' title='bbox 968 3027 1003 3082; x_wconf 91' lang='lat' dir='ltr'>de</span> <span class='ocrx_word' id='word_1_228' title='bbox 1022 3027 1193 3083; x_wconf 84' lang='lat' dir='ltr'>Ethicorum</span> <span class='ocrx_word' id='word_1_229' title='bbox 1211 3026 1357 3084; x_wconf 87' lang='lat' dir='ltr'>Nicoma·</span> 
     </span>
     <span class='ocr_line' id='line_1_28' title="bbox 271 3111 1259 3188; baseline -0.002 -17"><span class='ocrx_word' id='word_1_230' title='bbox 271 3114 407 3171; x_wconf 89' lang='lat' dir='ltr'>cheornm</span> <span class='ocrx_word' id='word_1_231' title='bbox 433 3113 576 3188; x_wconf 88' lang='lat' dir='ltr'>scriptore</span> <span class='ocrx_word' id='word_1_232' title='bbox 599 3113 704 3172; x_wconf 90' lang='lat' dir='ltr'>Cicero</span> <span class='ocrx_word' id='word_1_233' title='bbox 727 3113 817 3175; x_wconf 82' lang='lat' dir='ltr'>addit,</span> <span class='ocrx_word' id='word_1_234' title='bbox 841 3111 1045 3168; x_wconf 89' lang='lat' dir='ltr'>tractabuntur</span> <span class='ocrx_word' id='word_1_235' title='bbox 1068 3112 1097 3167; x_wconf 92' lang='lat' dir='ltr'>in</span> <span class='ocrx_word' id='word_1_236' title='bbox 1122 3129 1259 3169; x_wconf 86' lang='lat' dir='ltr'>excursu.</span> 
     </span>
    </p>

    <p class='ocr_par' dir='ltr' id='par_1_7' title="bbox 268 3196 1356 4040">
     <span class='ocr_line' id='line_1_29' title="bbox 355 3196 1356 3272; baseline -0.001 -19"><span class='ocrx_word' id='word_1_237' title='bbox 355 3218 412 3255; x_wconf 82' lang='lat' dir='ltr'>eoae</span> <span class='ocrx_word' id='word_1_238' title='bbox 435 3198 587 3272; x_wconf 75' lang='lat' dir='ltr'>Aristoteli)</span> <span class='ocrx_word' id='word_1_239' title='bbox 611 3197 712 3255; x_wconf 88' lang='lat' dir='ltr'>Solum</span> <span class='ocrx_word' id='word_1_240' title='bbox 736 3198 797 3254; x_wconf 80' lang='lat' dir='ltr'>Eri.</span> <span class='ocrx_word' id='word_1_241' title='bbox 826 3197 913 3253; x_wconf 86' lang='lat' dir='ltr'>huius</span> <span class='ocrx_word' id='word_1_242' title='bbox 941 3197 1104 3271; x_wconf 86' lang='lat' dir='ltr'>scripturae</span> <span class='ocrx_word' id='word_1_243' title='bbox 1127 3207 1231 3254; x_wconf 89' lang='lat' dir='ltr'>testem</span> <span class='ocrx_word' id='word_1_244' title='bbox 1256 3196 1356 3255; x_wconf 76' lang='lat' dir='ltr'>Gaius</span> 
     </span>
     <span class='ocr_line' id='line_1_30' title="bbox 269 3281 1355 3358; baseline 0.001 -19"><span class='ocrx_word' id='word_1_245' title='bbox 269 3283 357 3351; x_wconf 84' lang='lat' dir='ltr'>citat,</span> <span class='ocrx_word' id='word_1_246' title='bbox 389 3295 434 3348; x_wconf 78' lang='lat' dir='ltr'>ut,</span> <span class='ocrx_word' id='word_1_247' title='bbox 463 3283 488 3340; x_wconf 90' lang='lat' dir='ltr'>si</span> <span class='ocrx_word' id='word_1_248' title='bbox 517 3283 587 3356; x_wconf 89' lang='lat' dir='ltr'>quid</span> <span class='ocrx_word' id='word_1_249' title='bbox 616 3283 643 3339; x_wconf 93' lang='lat' dir='ltr'>ei</span> <span class='ocrx_word' id='word_1_250' title='bbox 671 3283 750 3340; x_wconf 86' lang='lat' dir='ltr'>credi</span> <span class='ocrx_word' id='word_1_251' title='bbox 779 3292 892 3358; x_wconf 69' lang='lat' dir='ltr'>posset,</span> <span class='ocrx_word' id='word_1_252' title='bbox 921 3282 952 3338; x_wconf 91' lang='lat' dir='ltr'>in</span> <span class='ocrx_word' id='word_1_253' title='bbox 976 3283 1053 3357; x_wconf 90' lang='lat' dir='ltr'>Spir.</span> <span class='ocrx_word' id='word_1_254' title='bbox 1078 3283 1230 3340; x_wconf 81' lang='lat' dir='ltr'>Aristotelio</span> <span class='ocrx_word' id='word_1_255' title='bbox 1257 3281 1355 3340; x_wconf 79' lang='lat' dir='ltr'>fuisse</span> 
     </span>
     <span class='ocr_line' id='line_1_31' title="bbox 270 3363 1355 3446; baseline 0.001 -23"><span class='ocrx_word' id='word_1_256' title='bbox 270 3368 434 3436; x_wconf 79' lang='lat' dir='ltr'>videretar3</span> <span class='ocrx_word' id='word_1_257' title='bbox 457 3369 508 3425; x_wconf 84' lang='lat' dir='ltr'>sed</span> <span class='ocrx_word' id='word_1_258' title='bbox 532 3387 589 3424; x_wconf 92' lang='lat' dir='ltr'>non</span> <span class='ocrx_word' id='word_1_259' title='bbox 613 3368 715 3433; x_wconf 88' lang='lat' dir='ltr'>ered0;</span> <span class='ocrx_word' id='word_1_260' title='bbox 738 3364 778 3446; x_wconf 88' lang='lat' dir='ltr'>[B</span> <span class='ocrx_word' id='word_1_261' title='bbox 801 3378 834 3424; x_wconf 91' lang='lat' dir='ltr'>ut</span> <span class='ocrx_word' id='word_1_262' title='bbox 859 3363 949 3446; x_wconf 80' lang='lat' dir='ltr'>Erl.];</span> <span class='ocrx_word' id='word_1_263' title='bbox 972 3368 1031 3424; x_wconf 89' lang='lat' dir='ltr'>vid.</span> <span class='ocrx_word' id='word_1_264' title='bbox 1054 3367 1091 3423; x_wconf 88' lang='lat' dir='ltr'>ad</span> <span class='ocrx_word' id='word_1_265' title='bbox 1116 3369 1138 3435; x_wconf 87' lang='grc'>1,</span> <span class='ocrx_word' id='word_1_266' title='bbox 1162 3370 1208 3424; x_wconf 90' lang='grc'>14.</span> <span class='ocrx_word' id='word_1_267' title='bbox 1255 3366 1355 3442; x_wconf 72' lang='lat' dir='ltr'>Gany·</span> 
     </span>
     <span class='ocr_line' id='line_1_32' title="bbox 270 3452 1355 3527; baseline 0.001 -19"><span class='ocrx_word' id='word_1_268' title='bbox 270 3455 341 3509; x_wconf 73' lang='lat' dir='ltr'>nardi</span> <span class='ocrx_word' id='word_1_269' title='bbox 361 3453 470 3511; x_wconf 89' lang='lat' dir='ltr'>habent</span> <span class='ocrx_word' id='word_1_270' title='bbox 493 3453 597 3527; x_wconf 89' lang='lat' dir='ltr'>optimi</span> <span class='ocrx_word' id='word_1_271' title='bbox 620 3452 736 3509; x_wconf 87' lang='lat' dir='ltr'>codices</span> <span class='ocrx_word' id='word_1_272' title='bbox 759 3453 848 3510; x_wconf 78' lang='lat' dir='ltr'>Taso</span> <span class='ocrx_word' id='word_1_273' title='bbox 873 3454 928 3515; x_wconf 81' lang='lat' dir='ltr'>1v,</span> <span class='ocrx_word' id='word_1_274' title='bbox 953 3453 1002 3517; x_wconf 88' lang='grc'>71,</span> <span class='ocrx_word' id='word_1_275' title='bbox 1033 3454 1191 3510; x_wconf 80' lang='lat' dir='ltr'>Archimedi</span> <span class='ocrx_word' id='word_1_276' title='bbox 1210 3452 1355 3510; x_wconf 89' lang='lat' dir='ltr'>scribitur</span> 
     </span>
     <span class='ocr_line' id='line_1_33' title="bbox 269 3537 1354 3613; baseline -0.001 -19"><span class='ocrx_word' id='word_1_277' title='bbox 269 3538 337 3594; x_wconf 89' lang='lat' dir='ltr'>libri</span> <span class='ocrx_word' id='word_1_278' title='bbox 360 3539 429 3595; x_wconf 87' lang='lat' dir='ltr'>IR.</span> <span class='ocrx_word' id='word_1_279' title='bbox 443 3539 475 3595; x_wconf 90' lang='lat' dir='ltr'>P.</span> <span class='ocrx_word' id='word_1_280' title='bbox 490 3539 527 3594; x_wconf 92' lang='grc'>21</span> <span class='ocrx_word' id='word_1_281' title='bbox 544 3548 574 3594; x_wconf 91' lang='lat' dir='ltr'>et</span> <span class='ocrx_word' id='word_1_282' title='bbox 587 3540 636 3608; x_wconf 89' lang='grc'>22,</span> <span class='ocrx_word' id='word_1_283' title='bbox 662 3540 760 3606; x_wconf 65' lang='lat' dir='ltr'>Mitius,</span> <span class='ocrx_word' id='word_1_284' title='bbox 785 3538 839 3595; x_wconf 92' lang='lat' dir='ltr'>hoc</span> <span class='ocrx_word' id='word_1_285' title='bbox 862 3547 915 3597; x_wconf 88' lang='lat' dir='ltr'>est.</span> <span class='ocrx_word' id='word_1_286' title='bbox 940 3539 1063 3594; x_wconf 75' lang='lat' dir='ltr'>Miltiadi</span> <span class='ocrx_word' id='word_1_287' title='bbox 1083 3539 1113 3595; x_wconf 89' lang='lat' dir='ltr'>in</span> <span class='ocrx_word' id='word_1_288' title='bbox 1136 3539 1200 3595; x_wconf 91' lang='lat' dir='ltr'>cod.</span> <span class='ocrx_word' id='word_1_289' title='bbox 1223 3537 1354 3613; x_wconf 86' lang='lat' dir='ltr'>palimp-</span> 
     </span>
     <span class='ocr_line' id='line_1_34' title="bbox 269 3623 1355 3698; baseline 0 -18"><span class='ocrx_word' id='word_1_290' title='bbox 269 3633 348 3680; x_wconf 89' lang='lat' dir='ltr'>sesto</span> <span class='ocrx_word' id='word_1_291' title='bbox 376 3624 554 3680; x_wconf 90' lang='lat' dir='ltr'>scholiorum</span> <span class='ocrx_word' id='word_1_292' title='bbox 584 3624 613 3679; x_wconf 92' lang='lat' dir='ltr'>in</span> <span class='ocrx_word' id='word_1_293' title='bbox 642 3634 717 3682; x_wconf 87' lang='lat' dir='ltr'>oret.</span> <span class='ocrx_word' id='word_1_294' title='bbox 747 3642 801 3698; x_wconf 91' lang='lat' dir='ltr'>pro</span> <span class='ocrx_word' id='word_1_295' title='bbox 825 3623 922 3681; x_wconf 89' lang='lat' dir='ltr'>Sestio</span> <span class='ocrx_word' id='word_1_296' title='bbox 945 3641 972 3697; x_wconf 91' lang='lat' dir='ltr'>p.</span> <span class='ocrx_word' id='word_1_297' title='bbox 998 3623 1058 3679; x_wconf 90' lang='grc'>312</span> <span class='ocrx_word' id='word_1_298' title='bbox 1083 3623 1135 3683; x_wconf 90' lang='lat' dir='ltr'>Or.</span> <span class='ocrx_word' id='word_1_299' title='bbox 1179 3624 1224 3680; x_wconf 88' lang='lat' dir='ltr'>Eo</span> <span class='ocrx_word' id='word_1_300' title='bbox 1252 3623 1355 3680; x_wconf 84' lang='lat' dir='ltr'>minus</span> 
     </span>
     <span class='ocr_line' id='line_1_35' title="bbox 268 3707 1354 3783; baseline 0 -18"><span class='ocrx_word' id='word_1_301' title='bbox 268 3709 404 3766; x_wconf 86' lang='lat' dir='ltr'>dubitare</span> <span class='ocrx_word' id='word_1_302' title='bbox 422 3709 571 3766; x_wconf 85' lang='lat' dir='ltr'>debemus.</span> <span class='ocrx_word' id='word_1_303' title='bbox 595 3708 664 3782; x_wconf 91' lang='lat' dir='ltr'>quin</span> <span class='ocrx_word' id='word_1_304' title='bbox 685 3709 723 3774; x_wconf 82' lang='lat' dir='ltr'>id,</span> <span class='ocrx_word' id='word_1_305' title='bbox 747 3708 825 3782; x_wconf 88' lang='lat' dir='ltr'>quod</span> <span class='ocrx_word' id='word_1_306' title='bbox 850 3708 895 3764; x_wconf 86' lang='lat' dir='ltr'>his</span> <span class='ocrx_word' id='word_1_307' title='bbox 917 3708 991 3764; x_wconf 92' lang='lat' dir='ltr'>locis</span> <span class='ocrx_word' id='word_1_308' title='bbox 1013 3709 1209 3783; x_wconf 83' lang='lat' dir='ltr'>antiquissimi</span> <span class='ocrx_word' id='word_1_309' title='bbox 1232 3707 1354 3765; x_wconf 85' lang='lat' dir='ltr'>codices</span> 
     </span>
     <span class='ocr_line' id='line_1_36' title="bbox 269 3793 1355 3868; baseline 0 -18"><span class='ocrx_word' id='word_1_310' title='bbox 269 3795 424 3853; x_wconf 79' lang='lat' dir='ltr'>servarint.</span> <span class='ocrx_word' id='word_1_311' title='bbox 448 3794 518 3850; x_wconf 88' lang='lat' dir='ltr'>alibi</span> <span class='ocrx_word' id='word_1_312' title='bbox 542 3813 560 3849; x_wconf 83' lang='lat' dir='ltr'>a</span> <span class='ocrx_word' id='word_1_313' title='bbox 582 3794 710 3850; x_wconf 89' lang='lat' dir='ltr'>librariis</span> <span class='ocrx_word' id='word_1_314' title='bbox 733 3793 934 3850; x_wconf 86' lang='lat' dir='ltr'>oblitteratum</span> <span class='ocrx_word' id='word_1_315' title='bbox 958 3793 1006 3861; x_wconf 81' lang='lat' dir='ltr'>sit,</span> <span class='ocrx_word' id='word_1_316' title='bbox 1030 3794 1108 3867; x_wconf 92' lang='lat' dir='ltr'>qnod</span> <span class='ocrx_word' id='word_1_317' title='bbox 1126 3795 1268 3860; x_wconf 81' lang='lat' dir='ltr'>videmus,</span> <span class='ocrx_word' id='word_1_318' title='bbox 1293 3793 1355 3868; x_wconf 85' lang='lat' dir='ltr'>ipsi</span> 
     </span>
     <span class='ocr_line' id='line_1_37' title="bbox 270 3878 1354 3955; baseline 0 -19"><span class='ocrx_word' id='word_1_319' title='bbox 270 3880 424 3936; x_wconf 85' lang='lat' dir='ltr'>Prisciano</span> <span class='ocrx_word' id='word_1_320' title='bbox 452 3882 493 3954; x_wconf 88' lang='lat' dir='ltr'>(p.</span> <span class='ocrx_word' id='word_1_321' title='bbox 519 3880 579 3936; x_wconf 85' lang='lat'>706</span> <span class='ocrx_word' id='word_1_322' title='bbox 606 3880 736 3951; x_wconf 87' lang='lat' dir='ltr'>Pntsch.)</span> <span class='ocrx_word' id='word_1_323' title='bbox 764 3879 880 3935; x_wconf 87' lang='lat' dir='ltr'>dativos</span> <span class='ocrx_word' id='word_1_324' title='bbox 910 3879 962 3934; x_wconf 86' lang='lat' dir='ltr'>hos</span> <span class='ocrx_word' id='word_1_325' title='bbox 992 3879 1071 3935; x_wconf 91' lang='lat' dir='ltr'>visos</span> <span class='ocrx_word' id='word_1_326' title='bbox 1099 3898 1178 3942; x_wconf 80' lang='lat' dir='ltr'>esse,</span> <span class='ocrx_word' id='word_1_327' title='bbox 1213 3878 1263 3953; x_wconf 91' lang='lat' dir='ltr'>qni</span> <span class='ocrx_word' id='word_1_328' title='bbox 1295 3897 1354 3955; x_wconf 88' lang='lat' dir='ltr'>pro</span> 
     </span>
     <span class='ocr_line' id='line_1_38' title="bbox 268 3965 656 4040; baseline 0 -19"><span class='ocrx_word' id='word_1_329' title='bbox 268 3965 414 4040; x_wconf 78' lang='lat' dir='ltr'>genetiuis</span> <span class='ocrx_word' id='word_1_330' title='bbox 437 3965 525 4039; x_wconf 86' lang='lat' dir='ltr'>positi</span> <span class='ocrx_word' id='word_1_331' title='bbox 549 3976 656 4021; x_wconf 86' lang='lat' dir='ltr'>essent.</span> 
     </span>
    </p>

    <p class='ocr_par' dir='ltr' id='par_1_8' title="bbox 267 4048 1356 4466">
     <span class='ocr_line' id='line_1_39' title="bbox 351 4048 1354 4124; baseline 0 -18"><span class='ocrx_word' id='word_1_332' title='bbox 351 4055 428 4124; x_wconf 81' lang='lat' dir='ltr'>patri</span> <span class='ocrx_word' id='word_1_333' title='bbox 449 4053 560 4123; x_wconf 81' lang='lat' dir='ltr'>sirnilea)</span> <span class='ocrx_word' id='word_1_334' title='bbox 588 4051 678 4105; x_wconf 78' lang='lat' dir='ltr'>Putria</span> <span class='ocrx_word' id='word_1_335' title='bbox 702 4049 876 4114; x_wconf 77' lang='lat' dir='ltr'>Lambinus,</span> <span class='ocrx_word' id='word_1_336' title='bbox 907 4049 1046 4123; x_wconf 86' lang='lat' dir='ltr'>venitque</span> <span class='ocrx_word' id='word_1_337' title='bbox 1075 4049 1151 4106; x_wconf 88' lang='lat' dir='ltr'>idem</span> <span class='ocrx_word' id='word_1_338' title='bbox 1175 4048 1297 4107; x_wconf 85' lang='lat' dir='ltr'>Brernio</span> <span class='ocrx_word' id='word_1_339' title='bbox 1318 4048 1354 4106; x_wconf 83' lang='lat' dir='ltr'>in</span> 
     </span>
     <span class='ocr_line' id='line_1_40' title="bbox 269 4133 1353 4209; baseline 0 -18"><span class='ocrx_word' id='word_1_340' title='bbox 269 4146 404 4199; x_wconf 78' lang='lat' dir='ltr'>mentem,</span> <span class='ocrx_word' id='word_1_341' title='bbox 428 4136 491 4191; x_wconf 88' lang='lat' dir='ltr'>inre</span> <span class='ocrx_word' id='word_1_342' title='bbox 508 4133 643 4195; x_wconf 80' lang='lat' dir='ltr'>fortasse,</span> <span class='ocrx_word' id='word_1_343' title='bbox 663 4152 719 4191; x_wconf 92' lang='lat' dir='ltr'>non</span> <span class='ocrx_word' id='word_1_344' title='bbox 739 4144 836 4190; x_wconf 91' lang='lat' dir='ltr'>tamen</span> <span class='ocrx_word' id='word_1_345' title='bbox 855 4145 976 4209; x_wconf 89' lang='lat' dir='ltr'>propter</span> <span class='ocrx_word' id='word_1_346' title='bbox 993 4134 1195 4191; x_wconf 89' lang='lat' dir='ltr'>inanissimum</span> <span class='ocrx_word' id='word_1_347' title='bbox 1214 4142 1353 4191; x_wconf 84' lang='lat' dir='ltr'>veterum</span> 
     </span>
     <span class='ocr_line' id='line_1_41' title="bbox 267 4218 1354 4295; baseline 0.001 -19"><span class='ocrx_word' id='word_1_348' title='bbox 267 4221 525 4295; x_wconf 86' lang='lat' dir='ltr'>grammaticorum</span> <span class='ocrx_word' id='word_1_349' title='bbox 540 4220 705 4290; x_wconf 89' lang='lat' dir='ltr'>(Diomedis</span> <span class='ocrx_word' id='word_1_350' title='bbox 723 4239 750 4294; x_wconf 91' lang='lat' dir='ltr'>p.</span> <span class='ocrx_word' id='word_1_351' title='bbox 764 4221 824 4276; x_wconf 90' lang='grc'>292</span> <span class='ocrx_word' id='word_1_352' title='bbox 843 4231 872 4276; x_wconf 89' lang='lat' dir='ltr'>et</span> <span class='ocrx_word' id='word_1_353' title='bbox 886 4221 956 4277; x_wconf 81' lang='grc'><strong>293.</strong></span> <span class='ocrx_word' id='word_1_354' title='bbox 981 4219 1070 4294; x_wconf 86' lang='lat' dir='ltr'>Capri</span> <span class='ocrx_word' id='word_1_355' title='bbox 1089 4239 1116 4294; x_wconf 92' lang='lat' dir='ltr'>p.</span> <span class='ocrx_word' id='word_1_356' title='bbox 1131 4221 1224 4288; x_wconf 90' lang='grc'><strong>2242,</strong></span> <span class='ocrx_word' id='word_1_357' title='bbox 1247 4218 1354 4277; x_wconf 86' lang='lat' dir='ltr'>Bedae</span> 
     </span>
     <span class='ocr_line' id='line_1_42' title="bbox 268 4304 1354 4381; baseline 0.002 -21"><span class='ocrx_word' id='word_1_358' title='bbox 268 4325 297 4378; x_wconf 92' lang='lat' dir='ltr'>p.</span> <span class='ocrx_word' id='word_1_359' title='bbox 313 4306 404 4362; x_wconf 77' lang='lat'>2345.</span> <span class='ocrx_word' id='word_1_360' title='bbox 423 4306 561 4379; x_wconf 85' lang='lat' dir='ltr'>aliorum)</span> <span class='ocrx_word' id='word_1_361' title='bbox 573 4316 760 4381; x_wconf 87' lang='lat' dir='ltr'>praeceptum</span> <span class='ocrx_word' id='word_1_362' title='bbox 780 4305 816 4362; x_wconf 89' lang='lat' dir='ltr'>de</span> <span class='ocrx_word' id='word_1_363' title='bbox 835 4325 945 4361; x_wconf 89' lang='lat' dir='ltr'>morum</span> <span class='ocrx_word' id='word_1_364' title='bbox 959 4315 1011 4361; x_wconf 88' lang='lat' dir='ltr'>aut</span> <span class='ocrx_word' id='word_1_365' title='bbox 1022 4305 1132 4381; x_wconf 79' lang='lat' dir='ltr'>figurae</span> <span class='ocrx_word' id='word_1_366' title='bbox 1144 4304 1354 4375; x_wconf 74' lang='lat' dir='ltr'>similitudine,</span> 
     </span>
     <span class='ocr_line' id='line_1_43' title="bbox 269 4389 1356 4466; baseline 0 -19"><span class='ocrx_word' id='word_1_367' title='bbox 269 4390 348 4464; x_wconf 92' lang='lat' dir='ltr'>quod</span> <span class='ocrx_word' id='word_1_368' title='bbox 364 4392 476 4459; x_wconf 73' lang='lat' dir='ltr'>eadem,</span> <span class='ocrx_word' id='word_1_369' title='bbox 501 4409 587 4465; x_wconf 83' lang='lat' dir='ltr'>quant</span> <span class='ocrx_word' id='word_1_370' title='bbox 606 4391 681 4448; x_wconf 86' lang='lat' dir='ltr'>aliae</span> <span class='ocrx_word' id='word_1_371' title='bbox 699 4391 777 4466; x_wconf 91' lang='lat' dir='ltr'>apud</span> <span class='ocrx_word' id='word_1_372' title='bbox 795 4392 912 4447; x_wconf 86' lang='lat' dir='ltr'>eoadem</span> <span class='ocrx_word' id='word_1_373' title='bbox 931 4389 1163 4448; x_wconf 84' lang='lat' dir='ltr'>differentiarum</span> <span class='ocrx_word' id='word_1_374' title='bbox 1180 4390 1356 4448; x_wconf 84' lang='lat' dir='ltr'>notationes</span> 
     </span>
    </p>
   </div>
   <div class='ocr_carea' id='block_1_5' title="bbox 0 0 1520 5086">
    <p class='ocr_par' dir='ltr' id='par_1_9' title="bbox 0 0 1520 5086">
     <span class='ocr_line' id='line_1_44' title="bbox 0 0 1520 5086; baseline 0 1"><span class='ocrx_word' id='word_1_375' title='bbox 0 0 1520 5086; x_wconf 95' lang='lat' dir='ltr'> </span> 
     </span>
    </p>
   </div>
  </div>
 </body>
</html>
