3030 5086
220 469 283 533 748
610 486 655 531 uu
678 485 808 532 munaus
831 485 902 530 sou.

219 655 296 719 haec
323 672 391 718 cum
420 653 562 734 corporis
590 653 671 717 bona
693 654 769 731 sint,
798 671 905 717 eorum
934 651 1124 718 conficientia
1154 656 1247 716 certe
1276 650 1314 714 in

293 864 312 908 1.
333 861 400 906 Ante
417 857 476 904 laec
495 847 577 903 mendi
597 867 658 904 nota
676 859 745 920 apud
764 856 806 904 Or.

219 1039 332 1086 tantum
357 1031 433 1085 bona
456 1030 518 1085 sire
541 1031 694 1086 commoda
717 1039 935 1097 commemorat,
961 1047 997 1084 ex
1021 1029 1126 1102 quibus
1149 1026 1315 1084 contraria

221 1115 298 1172 mala
321 1115 407 1170 simul
430 1114 689 1186 intellegebantur:
717 1116 797 1177 ..lam
816 1125 938 1170 externa
957 1112 1008 1169 illa
1025 1132 1112 1188 parce
1130 1123 1161 1168 tu
1179 1111 1309 1185 quidem

220 1200 359 1274 (laudasti
377 1209 405 1255 et
424 1199 630 1273 assumpsisti).
649 1200 698 1273 qui
717 1200 767 1255 illa
787 1219 838 1274 per
856 1218 886 1254 ee
904 1199 1020 1272 quidem
1039 1198 1208 1273 expetenda
1226 1215 1310 1262 esse,

220 1286 271 1342 scd
295 1286 351 1340 line
377 1286 518 1340 bonorum
543 1302 600 1340 non
621 1285 764 1340 contineri
783 1283 921 1341 statueris
934 1286 961 1355 (ξ
976 1285 1013 1339 67
1027 1292 1057 1338 et
1070 1284 1137 1356 68);
1160 1282 1220 1338 sed
1235 1300 1308 1337 curu

220 1370 302 1438 baec,
326 1388 401 1442 quae
420 1371 664 1426 enumeravimus.
684 1371 830 1433 valetudo,
856 1370 942 1436 vires,
967 1379 1074 1437 cetera,
1099 1369 1173 1424 bonu
1193 1367 1255 1422 sint
1276 1377 1310 1421 ct

220 1474 237 1510 a
260 1466 289 1510 te
312 1454 445 1529 corporis
469 1455 544 1510 bona
562 1456 720 1529 appellata,
744 1467 823 1510 certe
842 1474 877 1508 ea
894 1454 993 1511 etiam.
1016 1471 1091 1526 quac
1109 1471 1211 1508 eorum
1231 1469 1310 1507 con·

219 1540 349 1596 ficientia
383 1551 452 1595 sunt
484 1531 533 1611 (τὰ
567 1529 681 1595 τούτων
715 1525 881 1613 ποιητικά).
921 1539 951 1594 iu
991 1538 1075 1593 bonis
1114 1536 1309 1603 numerabis,

219 1626 339 1684 amicos.
364 1624 482 1687 liberos,
506 1643 587 1698 opes,
607 1635 639 1679 ut
658 1624 714 1681 tria
731 1642 840 1697 genera
858 1625 999 1680 bonorum
1019 1633 1047 1679 et
1065 1623 1135 1679 item
1154 1621 1308 1678 malorum

220 1729 278 1766 non
303 1708 425 1784 eflugies
441 1720 454 1739 ·‘
503 1709 536 1765 ln
560 1709 705 1765 sententia
728 1709 757 1765 id
781 1718 830 1764 est
849 1709 979 1772 molesti,
1011 1708 1039 1764 in
1063 1726 1122 1782 quo
1145 1726 1233 1764 nemo
1257 1703 1309 1763 of·

219 1794 321 1852 feneus
338 1805 392 1863 est,
416 1794 493 1868 quod
506 1793 610 1852 Cicero
623 1793 671 1849 hic
682 1803 785 1851 contra
798 1793 935 1849 Pisonem
949 1804 979 1849 et
990 1793 1169 1849 Antiochum
1189 1791 1310 1849 consti·

220 1880 334 1936 tutione
358 1879 483 1953 quadam
508 1889 694 1935 externorum
720 1879 862 1935 bonorum
887 1878 993 1943 utitur,
1022 1896 1097 1952 quae
1126 1877 1155 1933 in
1179 1875 1310 1934 Pisonis

219 1965 419 2040 disputatione
442 1964 539 2039 posite
555 1983 612 2020 non
632 1975 686 2025 est,
709 1973 742 2021 ut
759 1963 832 2019 nihil
850 1981 968 2020 necesse
986 1963 1023 2020 sit
1036 1962 1138 2019 Pisoni
1155 1961 1196 2031 id,
1220 1960 1309 2035 qood

220 2069 257 2106 ex
287 2069 321 2105 ea
344 2049 514 2105 definitione
538 2049 744 2110 concludatur,
774 2050 909 2123 probare.
953 2049 1029 2105 Nam
1060 2048 1137 2104 bona
1164 2046 1309 2121 corporis

219 2135 323 2191 confici
346 2135 477 2190 externis
506 2134 564 2190 illis
592 2144 622 2189 et
648 2134 716 2190 ideo
738 2135 811 2190 haec
840 2151 904 2190 esse
927 2133 1112 2208 expetenda,
1141 2132 1213 2190 Piso
1242 2149 1308 2188 non

220 2219 350 2289 dixerat,
380 2220 430 2275 scd
454 2219 512 2275 alio
541 2229 569 2274 et
593 2218 735 2294 singulari
765 2220 850 2274 modo
878 2228 1002 2275 externa
1029 2218 1071 2274 ita
1095 2217 1309 2288 constituerat,
1378 2224 1386 2233 ’

220 2315 252 2360 ut
263 2305 383 2373 amicos,
402 2304 511 2360 liberos
527 2313 779 2371 commemoraret,
798 2322 878 2378 opes,
896 2304 1024 2365 divitias,
1044 2321 1117 2377 quas
1135 2303 1181 2358 hic
1194 2301 1310 2359 Cicero

220 2389 313 2464 ponit,
331 2408 388 2444 non
408 2389 586 2455 nominaret3
611 2389 670 2446 vid.
685 2389 722 2444 ud
736 2391 774 2446 67
789 2401 818 2445 et
831 2390 880 2444 68.
913 2389 959 2446 Ne
978 2388 1067 2444 ceteri
1084 2387 1201 2462 quidem
1216 2386 1309 2443 Peri·

219 2474 350 2549 patetici,
370 2474 419 2548 qui
440 2483 562 2530 externa
580 2474 840 2531 instrumentorum
858 2473 923 2529 loco
941 2474 1097 2540 habebant,
1114 2472 1166 2529 illa
1183 2472 1309 2529 ratione

219 2578 308 2634 saepe
320 2560 366 2615 usi
378 2559 524 2629 videntur,
544 2569 575 2614 ut
587 2560 720 2634 corporis
732 2560 895 2623 commoda,
914 2558 1112 2615 valetudinem
1130 2567 1159 2614 et
1176 2557 1306 2633 integri·
1328 2564 1332 2569 '

219 2653 309 2701 tatem
334 2663 481 2706 sensuum,
505 2643 636 2700 externis
659 2645 760 2701 confici
784 2645 924 2701 dicerent.
960 2644 1019 2700 Sed
1037 2654 1134 2699 tamen
1152 2642 1194 2699 rei
1215 2660 1307 2699 ave·

219 2729 332 2785 teribus
355 2729 539 2804 philosophis
562 2729 604 2785 sic
627 2729 772 2785 interdum
795 2729 946 2803 expositae
965 2729 1090 2803 vestigia
1111 2728 1183 2784 satis
1207 2727 1308 2784 mani-

218 2813 296 2871 festa
308 2824 374 2870 eunt
393 2814 421 2870 iu
441 2815 486 2879 iis,
505 2833 581 2888 quae
594 2814 651 2873 111.
666 2815 705 2870 49
718 2815 868 2889 Diogenes
881 2813 999 2871 Stoicus
1015 2813 1164 2869 censuisse
1181 2813 1307 2882 dicitur,

219 2899 339 2956 divitias
357 2899 554 2955 valetudinem
574 2900 680 2959 bonam
699 2900 857 2955 continere.
892 2900 927 2956 ln
947 2898 1044 2955 verbis
1061 2917 1150 2955 unum
1169 2897 1309 2955 notabile

219 2995 273 3050 est,
297 2985 376 3059 quod
394 2985 499 3042 Cicero
522 2984 742 3060 perspicuitatis
763 3002 853 3040 causa
876 2985 948 3052 laec,
972 2984 1050 3057 quod
1070 2984 1098 3040 in
1117 2983 1309 3040 demonstra·

219 3070 281 3126 tivo
306 3071 478 3144 pronomine
496 3070 613 3138 licebat,
637 3080 705 3125 ante
723 3089 782 3125 cum
800 3069 899 3145 posuit
916 3080 955 3136 et,
979 3087 1044 3126 cum
1064 3069 1136 3124 haec
1153 3067 1309 3125 sententia

219 3155 367 3211 subesset:
398 3174 456 3211 caru
485 3155 549 3211 laec
578 3174 620 3210 res
642 3157 681 3210 ud
702 3175 800 3229 corpus
821 3159 980 3229 pertinentes
1002 3155 1071 3210 bona
1093 3157 1160 3216 sirit,
1190 3162 1307 3222 tamen,

219 3241 289 3313 quia
307 3259 364 3296 nou
379 3241 483 3296 Latine
501 3240 647 3296 diceretur
664 3241 729 3296 laec
745 3243 873 3314 corporis,
891 3240 1058 3315 corporisad
1075 3240 1142 3295 bona
1153 3238 1307 3296 adiunxit.

219 3325 253 3381 In
278 3325 323 3380 his
349 3326 508 3381 Lambinus
531 3325 655 3382 haerens
678 3325 810 3401 scripsit:
838 3346 897 3381 cum
920 3326 999 3394 laec,
1024 3324 1205 3399 putabatque
1228 3324 1308 3380 scri·

220 3410 346 3466 bendum
364 3409 490 3466 fortasse
503 3429 582 3466 esse:
604 3412 653 3467 sed
669 3411 734 3467 laec
751 3415 871 3485 corporis
887 3431 945 3466 crrru
964 3412 1109 3467 haeresint.
1144 3408 1308 3466 Ernestius

219 3496 284 3551 loeo
296 3495 387 3551 deleri
401 3496 529 3565 volebat,
548 3496 589 3552 ita
607 3497 781 3552 sententiam
800 3515 955 3553 enarrans:
975 3513 1039 3551 cum
1058 3494 1191 3568 corporis
1209 3512 1307 3569 quas·

221 3580 286 3636 dam
307 3581 385 3636 bona
403 3592 524 3636 statuas.
563 3581 684 3637 Beierus
702 3582 738 3637 ad
756 3580 814 3639 Off.
827 3581 851 3639 1.
865 3585 901 3637 41
918 3601 945 3656 p.
962 3581 1020 3637 103
1040 3580 1083 3637 sic
1101 3579 1191 3635 verba
1210 3579 1309 3636 inter·

219 3667 382 3740 pungebat:
400 3668 450 3722 sed
466 3667 530 3722 boec
545 3669 702 3738 (externa),
720 3686 778 3723 curu
796 3671 915 3740 corporis
933 3668 999 3721 bona
1012 3669 1065 3721 sint
1076 3669 1153 3736 (cum
1166 3665 1308 3739 corporis

220 3751 298 3807 bona
316 3771 347 3806 re
366 3771 436 3808 vera
457 3751 533 3808 bona
551 3752 631 3823 sint),
655 3771 742 3807 eonem
766 3754 928 3824 conficientia
944 3762 1009 3817 eet,
1033 3769 1090 3807 non
1113 3749 1307 3807 animadver-

219 3845 293 3903 tens,
318 3839 366 3892 illu
389 3845 419 3892 ct
442 3838 506 3894 laec
528 3837 676 3893 contraria
699 3855 772 3904 esse,
796 3855 849 3892 nec
873 3837 933 3893 ullo
957 3837 1044 3893 modo
1067 3837 1131 3892 laec
1150 3866 1190 3877 -
1209 3854 1308 3893 eorum

218 3924 384 3994 corrfieientr'o
407 3922 544 3997 coniungi
568 3940 663 3996 posse.
689 3933 732 3978 tot
755 3923 853 3978 verbis
875 3923 953 3979 inter
969 3919 1251 3978 demonstrationem
1273 3929 1308 3978 et

218 4007 257 4066 id,
276 4008 353 4080 quod
373 4008 633 4074 demonstraretur,
652 4007 844 4082 interpositis.
876 4007 969 4064 Gaius
987 4007 1073 4081 plane
1085 4005 1308 4064 incredibiliter

217 4093 376 4162 aberravit,
395 4093 424 4148 in
438 4092 538 4148 eedem
553 4103 623 4149 nota
635 4093 721 4149 modo
734 4111 867 4160 narrans,
880 4093 1012 4168 corporis
1024 4094 1099 4149 bona
1112 4091 1310 4151 conficientia

217 4196 281 4233 esse
300 4178 470 4245 amicorum,
491 4178 660 4245 liberorum,
681 4197 768 4254 opum
782 4183 823 4249 (et
840 4179 881 4234 sic
895 4179 985 4234 verba
1003 4176 1201 4253 interpunxit:
1226 4179 1308 4245 baec,

216 4282 274 4319 cum
299 4267 419 4337 corporis
444 4265 511 4319 boue
534 4269 586 4320 sint
609 4283 697 4319 eorum
720 4266 905 4337 corrricz'eutr'a),
934 4264 1019 4320 modo
1042 4273 1153 4320 contra.
1177 4264 1307 4335 amicos,

217 4347 346 4413 liberos,
387 4368 458 4423 opes
497 4349 683 4405 conficientia
717 4369 781 4406 esse
815 4349 948 4424 corporis
982 4349 1135 4406 bonoram.
1191 4348 1306 4408 Orellii
