3030 5086
284 432 345 498 288
672 449 718 494 oe
740 447 870 494 amisus
894 447 965 492 sos.

284 636 411 684 necesse
433 624 494 691 est,
524 636 562 682 ne
583 617 765 696 aliquando,
788 615 912 679 amissis
935 614 1008 693 illis,
1030 616 1071 680 sit
1093 603 1194 680 miser.
1240 615 1359 683 Beatus

283 726 386 784 autem
425 737 494 783 esse
531 719 562 782 in
601 717 803 782 maximarum
840 735 944 782 rerum
978 715 1088 782 timore
1121 735 1211 784 nemo
1245 725 1358 799 potest.

284 823 333 887 87.
357 805 455 886 Nemo
477 820 573 900 igitur
594 837 663 884 esse
685 819 795 883 beatus
817 824 929 898 potest.
965 817 1074 898 Neque
1096 819 1176 883 enim
1200 818 1232 884 in
1254 819 1359 902 aliqua

355 1046 375 1089 l.
396 1039 441 1089 illis
459 1040 554 1090 ommate
574 1039 594 1087 L
631 1044 652 1089 3.
671 1040 753 1088 beatus
772 1039 862 1089 cerel}
898 1042 923 1088 iu
941 1036 993 1087 olio
1012 1037 1109 1088 LMCR
1137 1070 1144 1084 .

283 1245 410 1324 [Moseri
449 1238 616 1303 testimonio
652 1246 786 1302 Baiterus
822 1242 1013 1322 refragatur]
1068 1245 1180 1304 Eadem
1213 1246 1359 1306 dubitatio

283 1340 327 1388 ast
350 1331 379 1388 in
403 1330 653 1388 condicionalibus
676 1330 839 1400 sententiis,
863 1337 1014 1404 cumpost
1037 1348 1086 1387 eas
1109 1329 1235 1388 infertur
1256 1351 1361 1390 necesse

283 1427 336 1486 est,
366 1436 417 1472 ison
445 1418 564 1489 intellepo
593 1415 737 1472 similiave
766 1416 866 1473 verba.
912 1415 951 1472 N.
976 1414 1013 1472 D.
1038 1415 1069 1485 1,
1094 1415 1111 1471 2
1143 1415 1239 1472 editur
1266 1434 1359 1474 nunc:

283 1521 368 1576 euque
395 1501 563 1575 (dissensio)
592 1505 644 1558 uisi
670 1502 844 1570 diiudicetur,
878 1504 903 1556 in
938 1519 1038 1556 summo
1071 1519 1160 1557 errore
1188 1520 1292 1558 necesse
1322 1512 1361 1560 cat

284 1586 400 1643 looriucs
423 1591 528 1643 sessori
549 1587 597 1657 (ad
621 1605 685 1642 eam
708 1585 842 1648 formum,
867 1603 941 1660 quoe
965 1594 1010 1642 est
1028 1584 1114 1642 huius
1130 1586 1228 1660 operis
1240 1587 1277 1656 V,
1294 1587 1359 1664 15);

283 1671 334 1728 sed
363 1672 465 1746 optimi
495 1672 624 1740 codices,
659 1690 716 1726 non
746 1671 840 1727 solum
875 1670 1009 1746 plurimi,
1044 1670 1153 1726 habent
1180 1672 1360 1741 diiudicatum

284 1755 336 1812 cfr.
361 1756 395 1811 de
419 1757 502 1815 Orat.
525 1758 549 1826 Ι,
575 1758 631 1825 50,
653 1754 723 1832 ]pro
746 1754 833 1814 Caec.
857 1757 914 1828 49,
938 1755 1028 1831 Legg.
1054 1756 1083 1825 1,
1108 1755 1162 1824 52,
1187 1765 1232 1825 et,
1256 1757 1307 1814 ubi
1329 1757 1360 1814 in

284 1841 480 1898 condicionali
508 1841 655 1898 sententia
684 1840 814 1901 futurum
845 1851 904 1909 est,
934 1859 988 1916 pro
1013 1840 1098 1898 Rosc.
1122 1842 1192 1899 Am.
1220 1841 1293 1912 139,
1324 1842 1360 1898 de

283 1925 340 1986 Off.
364 1926 421 1996 ΙΙΙ,
446 1927 509 2001 211.

370 2013 420 2069 st.
450 2031 506 2068 esse
534 2008 639 2088 beatus)
668 2013 790 2068 Inverso
819 2010 921 2067 ordine
952 2017 1090 2080 „omues“
1122 2007 1205 2081 Gaii,
1234 2021 1360 2087 excepto

283 2094 362 2154 Gud.
377 2098 405 2165 2,
428 2096 457 2152 in
482 2115 549 2170 quo,
574 2097 657 2153 utin
681 2097 726 2154 ed.
742 2096 842 2166 Marsi,
866 2095 952 2151 hacc:
976 2114 1049 2151 ranno
1068 2127 1105 2137 -
1120 2105 1217 2170 potest,
1241 2096 1360 2154 excide·

283 2191 352 2238 runt
379 2192 500 2256 propter
527 2181 683 2255 repetitum
711 2191 805 2256 potest.
851 2178 956 2258 [AtB
986 2191 1019 2238 ut
1040 2176 1155 2256 ceteri]
1199 2181 1276 2238 Tum
1300 2200 1359 2239 non

283 2266 410 2323 dubitari
435 2276 547 2341 potest,
571 2266 641 2339 quin
665 2266 694 2322 in
718 2266 782 2324 eod.
807 2265 967 2341 archetypo
989 2263 1080 2322 fuerit
1101 2266 1178 2335 dua,
1207 2276 1240 2322 ut
1262 2265 1359 2324 estin

283 2351 358 2408 Pell.
382 2351 533 2422 omnibus,
563 2348 632 2429 [B.]
662 2350 845 2416 Davisianis,
875 2350 968 2414 Oxx„
998 2348 1121 2408 Gaianis
1149 2360 1266 2425 praeter
1290 2350 1357 2409 Bas.

283 2446 313 2493 et
335 2434 412 2494 Gud.
430 2441 456 2505 1,
480 2437 544 2493 edd.
568 2445 635 2492 onte
659 2437 803 2493 Venetam
827 2436 916 2492 1494.
951 2436 1062 2494 Verum
1086 2434 1132 2491 hic
1157 2452 1214 2492 non
1237 2435 1273 2492 de
1296 2435 1359 2493 axi·

283 2520 450 2578 etimatione
474 2522 587 2596 aliqua,
612 2521 662 2577 sed
686 2521 720 2577 de
744 2539 797 2578 usu
820 2521 960 2595 loquendi
984 2520 1088 2579 Cicero
1110 2520 1240 2593 quaerit;
1263 2539 1359 2595 nequo

282 2615 353 2680 apta
376 2606 491 2663 videtur
514 2610 540 2663 in
563 2606 742 2681 praepositio
765 2605 821 2663 nisi
844 2606 881 2662 ad
905 2606 1026 2662 verbum
1044 2607 1105 2661 dici.
1151 2604 1238 2679 Quod
1260 2615 1357 2662 autem

284 2691 391 2747 Rathio
414 2700 475 2748 tum
493 2689 537 2768 [in
556 2710 591 2748 ea
607 2691 762 2767 scriptura,
786 2691 921 2765 adquam
940 2699 1008 2747 ante
1026 2708 1079 2747 nos
1096 2689 1170 2746 nihil
1188 2699 1251 2749 erat
1268 2709 1358 2748 anno·

283 2785 390 2833 tatum:
418 2795 464 2833 uec
489 2778 644 2852 appellotur
671 2797 739 2833 omit.
763 2780 816 2833 vita
840 2777 916 2833 beato
939 2779 992 2832 nisi
1012 2772 1097 2852 conj.]
1127 2774 1172 2831 bis
1200 2775 1277 2834 idem
1301 2776 1358 2834 dici

283 2859 399 2918 videtur
421 2880 475 2918 nec
498 2861 645 2918 diversum
668 2862 724 2918 hoc
746 2879 809 2918 esse
833 2861 870 2917 ab
893 2878 942 2930 eo,
965 2861 1044 2935 quod
1067 2859 1214 2933 sequitur,
1237 2878 1273 2916 ea
1295 2860 1358 2935 qui·

283 2946 347 3002 dem
372 2945 494 3003 offensio
517 2965 575 3004 non
600 2947 694 3005 minus
717 2946 772 3003 erit
795 2946 825 3003 in
847 2945 941 3002 altera
963 2946 1125 3021 scriptura,
1149 2945 1287 3018 quoniam
1312 2945 1358 3007 hic

283 3030 384 3106 opinio
413 3031 562 3088 hominum
591 3042 620 3088 et
649 3031 786 3105 loquendi
810 3049 879 3088 usus
902 3030 1004 3087 eodem
1027 3030 1092 3087 looo
1115 3038 1209 3086 erunt.
1254 3030 1359 3105 Itaque

282 3117 325 3173 sic
354 3116 530 3173 declaranda
553 3117 669 3173 videtur
696 3116 858 3183 sententiae
887 3116 1068 3192 progressio:
1098 3115 1168 3171 urolt
1195 3118 1242 3172 mit
1264 3117 1359 3190 Becap

282 3203 336 3274 suf
354 3204 425 3258 einen
454 3203 543 3271 Tuae,
573 3203 687 3259 eosdem
710 3204 764 3275 uus
781 3203 824 3258 die
847 3201 944 3258 Daucr
966 3203 1014 3258 der
1037 3203 1098 3258 Zeit
1115 3201 1200 3274 pstepl
1222 3220 1284 3257 mou
1306 3201 1358 3259 due

283 3286 374 3342 chen
404 3287 538 3359 plilclrlr'els
571 3307 605 3343 ιιι
639 3305 751 3343 nessaeo.
787 3288 843 3342 tmd
878 3285 991 3361 (daher)
1021 3287 1092 3342 wird
1124 3286 1274 3361 uberhaupt
1306 3287 1358 3343 dos

283 3370 374 3427 Lebcu
402 3373 473 3428 siclt
506 3373 548 3428 uls
575 3372 709 3445 plttcllt'cls
738 3373 898 3440 demisisset,
933 3372 1011 3428 besor
1043 3390 1070 3428 ea
1101 3371 1269 3445 poecilosseu
1303 3373 1360 3428 und

282 3457 411 3512 vollcndet
433 3459 475 3512 iat.
521 3456 583 3528 (Sic
606 3457 682 3513 enim
707 3457 872 3514 necessario
895 3456 1036 3532 intellegi,
1060 3456 1137 3530 quod
1161 3454 1265 3514 Cicero
1288 3455 1359 3513 dicit

282 3543 402 3614 conjecto
424 3551 448 3597 ct
466 3542 597 3611 absoluta,
621 3551 653 3598 ut
670 3560 735 3599 cum
753 3562 848 3603 userius,
872 3543 937 3613 dies,
961 3543 1064 3610 bellum,
1088 3545 1158 3598 vitoe
1179 3560 1275 3598 cursus
1297 3560 1358 3597 con·

276 3627 327 3699 fici
353 3625 459 3682 dicitur
487 3637 516 3683 et
544 3626 590 3683 hic
613 3627 676 3696 ΙΙΙ,
701 3628 739 3684 76
768 3637 912 3683 extremum
935 3630 1005 3683 vitoe
1027 3629 1096 3683 sltem
1118 3635 1200 3682 morte
1221 3627 1356 3699 conficere,

282 3720 392 3767 annoto
426 3724 547 3786 propter
579 3711 755 3786 interpretes
783 3711 966 3780 Germanos,
1000 3712 1050 3785 qui
1084 3710 1171 3767 aliter
1198 3721 1357 3776 verterunt,

283 3797 378 3857 veriti,
403 3815 448 3861 ne,
472 3796 550 3869 quod
573 3797 620 3853 hic
643 3797 758 3865 dicitur,
783 3809 927 3873 pugnaret
949 3816 1014 3853 cum
1038 3816 1087 3853 eo.
1110 3795 1188 3869 quod
1211 3796 1357 3868 sequitur:

283 3901 366 3955 neque
393 3893 514 3956 espectet
544 3884 662 3937 ultionem
686 3893 787 3957 tempus
810 3889 864 3938 cet.
910 3882 968 3939 Sed
992 3882 1038 3938 hic
1062 3880 1166 3939 Cicero
1189 3881 1281 3937 utitur
1304 3899 1357 3955 pro

283 3967 450 4023 testimonio
484 3967 695 4024 consuetudine
729 3968 925 4042 loquentium,
965 3968 1030 4040 qui,
1065 3966 1143 4040 quod
1177 3965 1358 4041 perpetuitas

283 4052 423 4126 temporis
446 4052 621 4126 requiratur,
646 4064 707 4109 tum
730 4053 845 4109 denmm
865 4053 978 4108 beatam
998 4052 1087 4108 vitam
1107 4051 1214 4120 dicant,
1238 4069 1303 4107 cum
1321 4049 1358 4107 ad

283 4137 369 4192 finem
393 4139 575 4211 pervenerim
603 4138 644 4194 ibi
668 4138 752 4194 docet
775 4157 811 4194 ex
835 4137 1076 4213 philosophorum
1100 4136 1259 4204 sententia,
1283 4135 1358 4192 hanc

283 4239 346 4278 esse
370 4223 472 4279 beatae
495 4223 573 4280 vitae
597 4233 740 4287 naturam,
764 4233 803 4281 ut.
827 4223 851 4279 si
875 4223 964 4280 semel
988 4221 1132 4279 eiusmodi
1154 4220 1258 4290 fuerit,
1282 4238 1357 4278 sem-

284 4325 335 4381 per
368 4308 404 4364 ad
439 4308 524 4363 finem
556 4309 729 4384 parveniat.)
780 4309 827 4364 Me
859 4320 955 4364 tamen
984 4308 1013 4364 in
1043 4307 1131 4364 aliam
1160 4306 1357 4382 suspicionem

284 4391 395 4448 inducit
422 4393 486 4450 cod.
512 4394 587 4462 Eri,
618 4412 743 4467 quocum
772 4393 796 4450 si
830 4393 903 4449 alios
933 4393 1024 4449 bonos
1058 4392 1223 4449 consentire
1252 4390 1357 4448 scirem
