3030 5086
326 499 369 545 nr
393 497 473 545 nan.
496 482 560 543 nin.
582 498 617 545 tv
639 497 713 544 cns.
733 496 924 562 asma-⁷1.)
1104 478 1166 544 587

89 674 212 734 nestum
241 674 272 760 et
294 673 387 747 turpe
408 666 536 730 nimium
559 671 722 746 quantum,
751 665 855 730 neseio
877 664 953 746 quid
974 664 1168 744 immensum,

89 771 172 835 inter
194 775 315 833 ceteras
343 784 395 832 res
417 766 493 831 nihil
515 767 639 831 omnino
661 766 824 832 interesse.
868 767 919 830 71.
941 766 1029 831 Idem
1050 765 1168 845 adhuc;

89 870 165 936 audi
187 869 322 950 reliqua,
351 874 383 933 et
410 869 507 932 risum
530 869 667 948 contine,
695 869 723 933 si
749 873 848 949 potes.
891 869 998 933 Media
1023 867 1091 947 illa,
1119 867 1168 931 in·

90 970 172 1053 quit,
204 970 288 1035 inter
314 987 395 1050 quae
422 969 498 1034 nihil
526 969 671 1049 interest,
705 975 810 1035 tamen
838 969 990 1034 eiusmodi
1018 974 1104 1049 sunt,
1132 974 1169 1033 ut

90 1090 198 1138 eorum
219 1070 282 1135 elia
304 1071 447 1152 eligenda
470 1071 541 1150 sint,
563 1067 626 1135 alia
642 1071 808 1151 reicienda,
829 1071 893 1136 alia
914 1070 1040 1136 omnino
1063 1070 1207 1152 negle·5

71 1251 72 1254 Ἴ
89 1173 204 1254 genda,
215 1172 274 1237 hoc
291 1178 349 1251 est,
366 1182 526 1238 uteorum
542 1172 605 1236 alia
615 1172 701 1252 velis,
717 1171 781 1237 alia
796 1172 885 1252 nolis,
907 1171 971 1237 alia
986 1190 1050 1237 non
1067 1187 1167 1237 cures

160 1341 266 1458 {quod
290 1341 418 1392 inmensum
443 1341 476 1391 ait
497 1341 598 1391 mern
652 1347 675 1391 2.
699 1341 726 1391 id
746 1349 781 1391 cat
804 1343 861 1407 (pro
883 1341 995 1404 idemlss
1048 1346 1071 1392 ³.
1095 1338 1168 1390 ruam

91 1425 142 1460 om.

90 1552 157 1620 res.)
200 1549 235 1606 ln
259 1547 337 1624 Spir.
359 1547 416 1605 fuit
443 1557 476 1605 ut
502 1549 533 1605 in
556 1547 618 1607 Erl.
643 1544 698 1628 [B]
720 1550 769 1606 scd
790 1549 886 1606 dicere.
932 1545 994 1627 [Ex
1017 1566 1053 1605 eo
1075 1546 1169 1604 effici:

90 1653 120 1691 ae
131 1635 258 1707 (contra)
271 1635 367 1701 dicere,
385 1636 532 1704 intereat,
546 1633 678 1690 videram
690 1632 760 1690 olim
773 1651 826 1689 nec
839 1642 936 1690 tannen
948 1641 1067 1690 secutus
1078 1651 1169 1702 eram,

91 1718 148 1776 etsi
165 1728 195 1775 et
212 1719 321 1792 differre
337 1717 488 1775 abundare
505 1718 723 1794 intellegebam,
742 1726 772 1775 et
787 1719 837 1775 scd
851 1736 973 1794 prorsus
989 1735 1081 1793 prave
1098 1717 1170 1792 poni

91 1803 122 1861 iu
145 1803 352 1860 coniunctione
374 1803 613 1879 reprehensionis
635 1803 760 1860 aliorum
789 1812 818 1859 et
840 1821 911 1859 suae
933 1802 1097 1860 sententiae
1120 1802 1170 1859 de·

10 1945 12 1948 .
91 1887 262 1946 clarationis
289 1888 462 1963 apparebat.
512 1888 612 1945 Minus
640 1888 792 1963 eleganter
818 1888 910 1945 verbo
938 1889 1004 1945 dicit
1031 1886 1170 1963 subiungi

91 1973 155 2046 (sed
178 1973 209 2029 in
231 1973 326 2029 altero
348 1973 492 2044 membro)
515 1974 666 2044 aedicere,
695 1973 725 2029 in
748 1973 803 2030 hoc
820 1991 914 2047 ‚opere
937 1971 1091 2030 ferendum
1115 1983 1169 2029 est.

91 2059 243 2133 Inceptum
277 2057 398 2131 obliqua
431 2058 564 2114 oratione
592 2057 720 2114 Zenonis
747 2058 912 2115 sententiae
939 2056 1168 2115 declarationem

92 2142 197 2203 Cicero
224 2141 387 2216 abrumpit,
422 2160 509 2216 quam
538 2161 596 2199 non
625 2154 822 2210 consentanea
848 2153 1023 2216 sequantur,
1057 2141 1171 2198 attendi

92 2228 207 2298 iubens,
232 2226 338 2283 deinde
361 2237 442 2283 recta
463 2227 597 2284 oratione
619 2236 749 2285 utentem
772 2229 921 2284 Zenonem
944 2222 1084 2305 inducit]
1156 2298 1160 2305 Ι

179 2315 266 2369 neacm
288 2314 356 2386 quid
377 2312 544 2385 immensum)
565 2313 740 2370 Rectissime
757 2314 811 2369 hoc
833 2312 863 2369 in
887 2312 1020 2370 oratione
1043 2329 1170 2387 exagge-

91 2397 185 2457 randa
202 2397 294 2472 priori
312 2396 529 2472 superadditur,
547 2415 601 2454 nec
618 2409 691 2469 erat,
709 2416 760 2455 cur
778 2398 811 2455 L.
823 2397 928 2456 Carrio
945 2397 1061 2471 (Antiq.
1075 2397 1170 2454 Lectt.

91 2484 133 2553 II,
154 2483 204 2556 12)
222 2482 369 2540 sublatum
387 2482 486 2552 vellet,
510 2501 598 2539 aeuo
616 2482 716 2540 codice
735 2483 839 2540 abesse
857 2491 978 2540 testans.
1012 2481 1072 2559 [Sit
1087 2480 1171 2539 addit

92 2569 181 2626 etiarn
206 2569 240 2638 B,
263 2576 360 2624 ortum
383 2586 420 2623 ex
445 2567 629 2643 ignoratione
651 2568 810 2626 locutionis
832 2572 919 2625 nescio
941 2565 1034 2645 qnid]

180 2654 230 2712 71.
254 2653 331 2709 Idem
352 2654 459 2719 edim,-
482 2654 550 2709 audi
569 2655 675 2727 reliqua
697 2652 769 2728 oet.)
787 2653 838 2712 Sic
861 2652 1024 2710 orationem
1042 2651 1171 2708 editores

91 2737 313 2814 interpungunt,
336 2747 368 2794 ut
391 2747 542 2812 appareat,
566 2738 667 2795 eodem
693 2738 779 2795 modo
803 2756 853 2795 eos
876 2738 967 2795 verba
988 2737 1171 2812 intellegere,

92 2842 152 2899 quo
173 2822 351 2897 interpretes
378 2833 408 2879 et
430 2822 593 2879 lexicorum
616 2824 776 2898 scriptores
798 2822 939 2880 reddunt:
969 2821 1066 2890 ,idem
1089 2822 1170 2879 Zeno

92 2916 247 2985 praeterea
269 2907 368 2965 dicit.“
416 2907 475 2966 Sed
497 2908 522 2965 si
545 2907 601 2965 hoc
618 2907 723 2966 Cicero
746 2907 934 2983 significaret,
957 2907 1105 2963 omisisset
1126 2924 1169 2962 re·

92 2995 182 3068 liquo,
211 2992 295 3050 cuius
317 2993 399 3050 vocis
421 2993 467 3050 ris
494 2993 525 3050 in
548 2994 638 3049 adbuc
665 2993 783 3050 inesset.
829 2992 944 3050 Deinde
972 2993 1064 3049 adbuc
1090 2990 1170 3066 apud

93 3077 265 3138 Ciceronem
289 3086 319 3134 et
336 3079 398 3135 eius
416 3078 555 3152 aequales
571 3079 781 3153 proximosque
799 3096 853 3154 pro
867 3087 1009 3153 praetcrea
1026 3095 1084 3133 non
1101 3075 1171 3146 dici,

91 3172 172 3221 recte
195 3172 224 3220 et
246 3163 284 3219 ab
306 3163 373 3220 aliis
396 3171 426 3220 et
448 3182 542 3238 nuper
565 3165 602 3220 ab
627 3162 745 3221 Hendio
768 3162 949 3238 disputatum
973 3172 1026 3232 est,
1049 3161 1171 3219 Tursl

92 3269 122 3324 p.
138 3248 198 3306 163
211 3257 241 3305 et
256 3249 323 3305 164.
358 3248 421 3306 Nec
439 3267 483 3320 ea,
507 3267 583 3323 quae
600 3259 771 3322 sequuntur,
794 3247 987 3306 additamenti
1010 3248 1074 3303 loco
1092 3254 1172 3316 suut,

92 3334 145 3392 sed
166 3333 263 3410 ipsum
287 3333 331 3403 id,
354 3333 391 3390 de
414 3352 472 3408 quo
494 3333 660 3408 quaeritur,
683 3334 843 3390 continent.
888 3335 993 3407 ltaque
1016 3332 1059 3389 sic
1080 3331 1172 3388 inter·

92 3418 204 3497 pretari
226 3418 372 3494 cogimur:
399 3419 499 3476 Adbuc
520 3421 590 3476 idun
613 3418 697 3492 (dicit
719 3419 815 3490 Zeno,
844 3418 921 3493 quod
944 3417 1078 3491 Arist0);
1106 3418 1175 3475 cudi

91 3506 194 3578 (nunc)
216 3505 322 3583 reliqua
344 3512 399 3560 cet.
444 3503 519 3575 (cfr.
542 3503 577 3560 de
601 3505 671 3563 Div.
695 3505 737 3574 11,
761 3507 796 3561 4:
818 3505 909 3561 adhuc
931 3505 996 3561 lucc
1018 3512 1112 3568 erunt,-
1134 3503 1174 3560 ad

91 3592 198 3665 reliqua
221 3600 293 3659 cet.;
328 3590 404 3664 Top.
430 3590 485 3646 29:
523 3590 665 3647 Commune
692 3600 732 3647 cet
759 3590 868 3656 adhum-
898 3591 984 3646 cauda
1010 3592 1078 3645 enim
1101 3589 1172 3668 cet.)

92 3675 188 3733 Paulo
216 3674 363 3731 duriorem
398 3675 474 3732 banc
502 3675 677 3732 brevitatem
705 3684 735 3732 et
763 3674 846 3731 verbi
873 3676 939 3731 dicu
965 3674 1172 3748 repetitionem

92 3760 197 3836 rideri,
221 3778 277 3816 non
301 3778 391 3835 neg03
415 3759 506 3838 [quae
529 3769 627 3816 tarnen
650 3778 728 3817 nuno
750 3760 845 3816 lenior
868 3761 907 3824 iit,
930 3759 1126 3835 praecedente
1144 3777 1173 3815 se

92 3847 194 3915 dicere,
223 3864 260 3902 ex
289 3863 348 3919 quo
371 3845 444 3902 illud
472 3847 536 3903 dicit
558 3843 708 3923 sumitur}
752 3845 851 3919 (Quod
873 3844 1010 3921 Handips
1032 3843 1172 3901 Plautum

92 3930 258 3990 adhucillo
282 3931 368 3987 modo
391 3931 525 4006 posuisse
548 3930 629 4002 dicit,
653 3931 677 3988 si
696 3931 753 3987 iem
766 3930 866 3988 Plauti
889 3940 986 3987 aetate
1008 3929 1060 3986 illa
1082 3928 1173 4005 signi·

92 4016 192 4074 ficatio
214 4017 245 4073 in
268 4034 341 4073 voce
362 4014 433 4087 fuit,
463 4035 521 4072 non
549 4026 650 4091 potest
676 4016 713 4072 de
736 4015 890 4074 Ciceronis
917 4023 1014 4073 acute
1037 4022 1101 4072 tuto
1123 4032 1174 4070 ne·

93 4101 167 4180 gari.
214 4100 273 4160 Sed
295 4101 325 4157 in
349 4120 418 4171 uno,
442 4120 500 4176 quo
524 4109 554 4158 et
576 4101 601 4157 is
624 4111 654 4158 et
675 4101 728 4158 alii
750 4109 888 4172 utuntur,
911 4102 977 4158 loco
1000 4099 1175 4158 Truculenti

93 4187 179 4245 codd.
206 4187 297 4256 Pall.,
331 4186 361 4243 in
390 4187 496 4244 ceteris
524 4187 623 4243 verbis
651 4187 798 4261 corrupti,
831 4186 914 4243 vocis
943 4188 1034 4243 adhuc
1061 4185 1174 4242 nullum

94 4272 204 4330 liabent·
226 4272 394 4348 vestigium.
439 4274 475 4329 Id
496 4282 535 4329 cat
559 4271 616 4350 [sio
639 4272 728 4330 etiam
740 4270 782 4349 B]
804 4291 858 4348 pro
881 4274 951 4329 idem
973 4271 1003 4345 in
1026 4271 1087 4328 Erl.
1110 4287 1175 4327 sae·

93 4357 216 4434 pissima
238 4356 385 4425 scribitur,
410 4366 439 4415 et
461 4359 531 4415 idem
553 4377 607 4433 pro
630 4359 660 4415 t'd
681 4367 729 4429 eet,
752 4375 789 4414 ne
812 4357 879 4432 quie
900 4357 969 4414 hinc
991 4355 1104 4431 aliquid
1123 4374 1175 4412 ex·

94 4443 223 4517 tundat.)
