<?xml version="1.0" encoding="UTF-8"?>
<!DOCTYPE html PUBLIC "-//W3C//DTD XHTML 1.0 Transitional//EN"
    "http://www.w3.org/TR/xhtml1/DTD/xhtml1-transitional.dtd">
<html xmlns="http://www.w3.org/1999/xhtml" xml:lang="en" lang="en">
 <head>
  <title>
</title>
<meta http-equiv="Content-Type" content="text/html;charset=utf-8" />
  <meta name='ocr-system' content='tesseract 3.04.00' />
  <meta name='ocr-capabilities' content='ocr_page ocr_carea ocr_par ocr_line ocrx_word'/>
</head>
<body>
  <div class='ocr_page' id='page_1' title='image "./mtulliiciceroni35cicegoog_0565.png"; bbox 0 0 3030 5086; ppageno 0'>
   <div class='ocr_carea' id='block_1_1' title="bbox 282 481 966 546">
    <p class='ocr_par' dir='ltr' id='par_1_1' title="bbox 282 481 966 546">
     <span class='ocr_line' id='line_1_1' title="bbox 282 481 966 546; baseline -0.007 0"><span class='ocrx_word' id='word_1_1' title='bbox 282 481 347 546; x_wconf 84' lang='grc'>464</span> <span class='ocrx_word' id='word_1_2' title='bbox 672 497 718 542; x_wconf 82' lang='lat' dir='ltr'>na</span> <span class='ocrx_word' id='word_1_3' title='bbox 741 496 872 544; x_wconf 79' lang='lat' dir='ltr'>nmmos</span> <span class='ocrx_word' id='word_1_4' title='bbox 894 496 966 542; x_wconf 74' lang='lat' dir='ltr'>aori.</span> 
     </span>
    </p>
   </div>
   <div class='ocr_carea' id='block_1_2' title="bbox 245 664 1366 1342">
    <p class='ocr_par' dir='ltr' id='par_1_2' title="bbox 245 664 1366 1342">
     <span class='ocr_line' id='line_1_2' title="bbox 284 664 1363 755; baseline 0.004 -29"><span class='ocrx_word' id='word_1_5' title='bbox 284 670 534 744; x_wconf 73' lang='grc' dir='ltr'><em>δυσχρηστηματα</em></span> <span class='ocrx_word' id='word_1_6' title='bbox 567 664 706 745; x_wconf 87' lang='lat' dir='ltr'>appello)</span> <span class='ocrx_word' id='word_1_7' title='bbox 739 664 915 729; x_wconf 90' lang='lat' dir='ltr'>comuruuia</span> <span class='ocrx_word' id='word_1_8' title='bbox 948 683 1018 729; x_wconf 89' lang='lat' dir='ltr'>esse</span> <span class='ocrx_word' id='word_1_9' title='bbox 1050 665 1230 755; x_wconf 78' lang='lat' dir='ltr'>voluerunt,</span> <span class='ocrx_word' id='word_1_10' title='bbox 1268 665 1363 747; x_wconf 88' lang='lat' dir='ltr'>paria</span> 
     </span>
     <span class='ocr_line' id='line_1_3' title="bbox 283 766 1365 847; baseline -0.001 -15"><span class='ocrx_word' id='word_1_11' title='bbox 283 768 458 833; x_wconf 87' lang='lat' dir='ltr'>uoluerunt.</span> <span class='ocrx_word' id='word_1_12' title='bbox 502 766 560 830; x_wconf 89' lang='lat' dir='ltr'>llla</span> <span class='ocrx_word' id='word_1_13' title='bbox 588 767 682 846; x_wconf 87' lang='lat' dir='ltr'>enim,</span> <span class='ocrx_word' id='word_1_14' title='bbox 712 784 793 846; x_wconf 87' lang='lat' dir='ltr'>quae</span> <span class='ocrx_word' id='word_1_15' title='bbox 814 773 948 847; x_wconf 88' lang='lat' dir='ltr'>prosunt</span> <span class='ocrx_word' id='word_1_16' title='bbox 969 774 1025 830; x_wconf 93' lang='lat' dir='ltr'>aut</span> <span class='ocrx_word' id='word_1_17' title='bbox 1046 786 1127 847; x_wconf 88' lang='lat' dir='ltr'>quae</span> <span class='ocrx_word' id='word_1_18' title='bbox 1150 777 1275 847; x_wconf 86' lang='lat' dir='ltr'>nocent,</span> <span class='ocrx_word' id='word_1_19' title='bbox 1303 772 1365 831; x_wconf 90' lang='lat' dir='ltr'>aut</span> 
     </span>
     <span class='ocr_line' id='line_1_4' title="bbox 285 867 1365 948; baseline -0.003 -15"><span class='ocrx_word' id='word_1_20' title='bbox 285 870 366 934; x_wconf 86' lang='lat' dir='ltr'>bona</span> <span class='ocrx_word' id='word_1_21' title='bbox 388 876 461 932; x_wconf 87' lang='lat' dir='ltr'>sunt</span> <span class='ocrx_word' id='word_1_22' title='bbox 482 874 536 932; x_wconf 91' lang='lat' dir='ltr'>aut</span> <span class='ocrx_word' id='word_1_23' title='bbox 558 867 650 946; x_wconf 85' lang='lat' dir='ltr'>mals,</span> <span class='ocrx_word' id='word_1_24' title='bbox 672 886 753 948; x_wconf 90' lang='lat' dir='ltr'>quae</span> <span class='ocrx_word' id='word_1_25' title='bbox 775 867 839 931; x_wconf 89' lang='lat' dir='ltr'>sint</span> <span class='ocrx_word' id='word_1_26' title='bbox 860 869 950 948; x_wconf 87' lang='lat' dir='ltr'>paria</span> <span class='ocrx_word' id='word_1_27' title='bbox 967 886 1094 933; x_wconf 86' lang='lat' dir='ltr'>neccsse</span> <span class='ocrx_word' id='word_1_28' title='bbox 1111 875 1173 947; x_wconf 82' lang='lat' dir='ltr'>est3</span> <span class='ocrx_word' id='word_1_29' title='bbox 1196 867 1365 932; x_wconf 86' lang='lat' dir='ltr'>commoda</span> 
     </span>
     <span class='ocr_line' id='line_1_5' title="bbox 283 969 1366 1050; baseline -0.004 -14"><span class='ocrx_word' id='word_1_30' title='bbox 283 979 387 1036; x_wconf 87' lang='lat' dir='ltr'>autem</span> <span class='ocrx_word' id='word_1_31' title='bbox 411 981 442 1034; x_wconf 88' lang='lat' dir='ltr'>et</span> <span class='ocrx_word' id='word_1_32' title='bbox 463 969 657 1034; x_wconf 88' lang='lat' dir='ltr'>incommoda</span> <span class='ocrx_word' id='word_1_33' title='bbox 680 970 710 1032; x_wconf 90' lang='lat' dir='ltr'>in</span> <span class='ocrx_word' id='word_1_34' title='bbox 734 988 771 1033; x_wconf 89' lang='lat' dir='ltr'>eo</span> <span class='ocrx_word' id='word_1_35' title='bbox 794 988 907 1049; x_wconf 81' lang='lat' dir='ltr'>genere</span> <span class='ocrx_word' id='word_1_36' title='bbox 930 976 1010 1048; x_wconf 81' lang='lat' dir='ltr'>sunt,</span> <span class='ocrx_word' id='word_1_37' title='bbox 1033 989 1114 1050; x_wconf 88' lang='lat' dir='ltr'>quae</span> <span class='ocrx_word' id='word_1_38' title='bbox 1131 970 1312 1050; x_wconf 85' lang='lat' dir='ltr'>praeposita</span> <span class='ocrx_word' id='word_1_39' title='bbox 1330 975 1366 1033; x_wconf 91' lang='lat' dir='ltr'>et</span> 
     </span>
     <span class='ocr_line' id='line_1_6' title="bbox 245 1071 1366 1152; baseline -0.004 -14"><span class='ocrx_word' id='word_1_40' title='bbox 245 1073 266 1138; x_wconf 86' lang='lat' dir='ltr'>b</span> <span class='ocrx_word' id='word_1_41' title='bbox 280 1074 399 1143; x_wconf 83' lang='lat' dir='ltr'>reiecta</span> <span class='ocrx_word' id='word_1_42' title='bbox 415 1071 558 1150; x_wconf 88' lang='lat' dir='ltr'>dicimus;</span> <span class='ocrx_word' id='word_1_43' title='bbox 577 1091 613 1136; x_wconf 90' lang='lat' dir='ltr'>ea</span> <span class='ocrx_word' id='word_1_44' title='bbox 630 1078 764 1152; x_wconf 86' lang='lat' dir='ltr'>possunt</span> <span class='ocrx_word' id='word_1_45' title='bbox 779 1071 870 1152; x_wconf 86' lang='lat' dir='ltr'>paria</span> <span class='ocrx_word' id='word_1_46' title='bbox 886 1089 948 1134; x_wconf 93' lang='lat' dir='ltr'>non</span> <span class='ocrx_word' id='word_1_47' title='bbox 961 1090 1039 1136; x_wconf 89' lang='lat' dir='ltr'>csse.</span> <span class='ocrx_word' id='word_1_48' title='bbox 1073 1071 1136 1136; x_wconf 88' lang='lat' dir='ltr'>Sed</span> <span class='ocrx_word' id='word_1_49' title='bbox 1153 1071 1366 1135; x_wconf 83' lang='lat' dir='ltr'>emolumenta</span> 
     </span>
     <span class='ocr_line' id='line_1_7' title="bbox 285 1172 1366 1254; baseline -0.005 -14"><span class='ocrx_word' id='word_1_50' title='bbox 285 1174 457 1240; x_wconf 91' lang='lat' dir='ltr'>communia</span> <span class='ocrx_word' id='word_1_51' title='bbox 479 1192 549 1238; x_wconf 90' lang='lat' dir='ltr'>esse</span> <span class='ocrx_word' id='word_1_52' title='bbox 571 1175 730 1250; x_wconf 86' lang='lat' dir='ltr'>dicuntur,</span> <span class='ocrx_word' id='word_1_53' title='bbox 758 1180 842 1237; x_wconf 87' lang='lat' dir='ltr'>recte</span> <span class='ocrx_word' id='word_1_54' title='bbox 864 1174 967 1236; x_wconf 84' lang='lat' dir='ltr'>autem</span> <span class='ocrx_word' id='word_1_55' title='bbox 990 1172 1071 1236; x_wconf 85' lang='lat' dir='ltr'>iacta</span> <span class='ocrx_word' id='word_1_56' title='bbox 1093 1177 1125 1237; x_wconf 88' lang='lat' dir='ltr'>et</span> <span class='ocrx_word' id='word_1_57' title='bbox 1146 1178 1275 1254; x_wconf 85' lang='lat' dir='ltr'>peccata</span> <span class='ocrx_word' id='word_1_58' title='bbox 1297 1190 1366 1236; x_wconf 91' lang='lat' dir='ltr'>nou</span> 
     </span>
     <span class='ocr_line' id='line_1_8' title="bbox 284 1273 1366 1342; baseline -0.004 0"><span class='ocrx_word' id='word_1_59' title='bbox 284 1277 439 1342; x_wconf 88' lang='lat' dir='ltr'>habentur</span> <span class='ocrx_word' id='word_1_60' title='bbox 461 1275 644 1340; x_wconf 88' lang='lat' dir='ltr'>communia.</span> <span class='ocrx_word' id='word_1_61' title='bbox 679 1276 727 1341; x_wconf 77' lang='lat' dir='ltr'>to.</span> <span class='ocrx_word' id='word_1_62' title='bbox 751 1274 925 1339; x_wconf 78' lang='lat' dir='ltr'><strong>Amicitiam</strong></span> <span class='ocrx_word' id='word_1_63' title='bbox 943 1281 1046 1338; x_wconf 87' lang='lat' dir='ltr'>autom</span> <span class='ocrx_word' id='word_1_64' title='bbox 1065 1273 1273 1340; x_wconf 81' lang='lat' dir='ltr'>adhibendam</span> <span class='ocrx_word' id='word_1_65' title='bbox 1291 1283 1366 1340; x_wconf 78' lang='lat' dir='ltr'>esse</span> 
     </span>
    </p>
   </div>
   <div class='ocr_carea' id='block_1_3' title="bbox 286 1510 1367 1648">
    <p class='ocr_par' dir='ltr' id='par_1_3' title="bbox 286 1510 1367 1648">
     <span class='ocr_line' id='line_1_9' title="bbox 358 1510 1367 1577; baseline 0 -15"><span class='ocrx_word' id='word_1_66' title='bbox 358 1521 377 1565; x_wconf 93' lang='grc'>1.</span> <span class='ocrx_word' id='word_1_67' title='bbox 398 1513 472 1577; x_wconf 78' lang='lat' dir='ltr'>pario</span> <span class='ocrx_word' id='word_1_68' title='bbox 496 1530 547 1562; x_wconf 80' lang='lat' dir='ltr'>esse</span> <span class='ocrx_word' id='word_1_69' title='bbox 568 1511 728 1562; x_wconf 81' lang='lat' dir='ltr'>volueruntR</span> <span class='ocrx_word' id='word_1_70' title='bbox 750 1511 825 1576; x_wconf 81' lang='lat' dir='ltr'>pario</span> <span class='ocrx_word' id='word_1_71' title='bbox 847 1511 887 1560; x_wconf 83' lang='lat' dir='ltr'>nol</span> <span class='ocrx_word' id='word_1_72' title='bbox 917 1528 965 1562; x_wconf 89' lang='lat' dir='ltr'>om.</span> <span class='ocrx_word' id='word_1_73' title='bbox 990 1511 1011 1562; x_wconf 89' lang='lat' dir='ltr'>C</span> <span class='ocrx_word' id='word_1_74' title='bbox 1064 1518 1087 1562; x_wconf 78' lang='lat'>4.</span> <span class='ocrx_word' id='word_1_75' title='bbox 1111 1520 1132 1561; x_wconf 86' lang='lat' dir='ltr'>et</span> <span class='ocrx_word' id='word_1_76' title='bbox 1156 1528 1196 1562; x_wconf 90' lang='lat' dir='ltr'>om</span> <span class='ocrx_word' id='word_1_77' title='bbox 1228 1512 1249 1561; x_wconf 87' lang='lat' dir='ltr'>E</span> <span class='ocrx_word' id='word_1_78' title='bbox 1274 1520 1316 1561; x_wconf 84' lang='lat' dir='ltr'>out</span> <span class='ocrx_word' id='word_1_79' title='bbox 1343 1510 1367 1562; x_wconf 82' lang='lat'><strong>0</strong></span> 
     </span>
     <span class='ocr_line' id='line_1_10' title="bbox 286 1579 1210 1648; baseline 0 -18"><span class='ocrx_word' id='word_1_80' title='bbox 286 1587 299 1630; x_wconf 77' lang='lat' dir='ltr'>b</span> <span class='ocrx_word' id='word_1_81' title='bbox 331 1580 441 1648; x_wconf 77' lang='lat' dir='ltr'>[diximus</span> <span class='ocrx_word' id='word_1_82' title='bbox 460 1579 494 1648; x_wconf 79' lang='lat' dir='ltr'>A]</span> <span class='ocrx_word' id='word_1_83' title='bbox 534 1584 556 1630; x_wconf 85' lang='lat'>7.</span> <span class='ocrx_word' id='word_1_84' title='bbox 577 1581 634 1644; x_wconf 85' lang='lat' dir='ltr'>quia</span> <span class='ocrx_word' id='word_1_85' title='bbox 652 1590 708 1645; x_wconf 85' lang='lat' dir='ltr'>(pro</span> <span class='ocrx_word' id='word_1_86' title='bbox 726 1579 908 1642; x_wconf 72' lang='lat' dir='ltr'>comnruaiaili</span> <span class='ocrx_word' id='word_1_87' title='bbox 944 1597 995 1629; x_wconf 78' lang='lat' dir='ltr'>esso</span> <span class='ocrx_word' id='word_1_88' title='bbox 1012 1579 1210 1630; x_wconf 67' lang='lat' dir='ltr'>adimendomR</span> 
     </span>
    </p>
   </div>
   <div class='ocr_carea' id='block_1_4' title="bbox 285 1805 1367 2408">
    <p class='ocr_par' dir='ltr' id='par_1_4' title="bbox 285 1805 1367 2392">
     <span class='ocr_line' id='line_1_11' title="bbox 372 1805 1366 1879; baseline -0.002 -16"><span class='ocrx_word' id='word_1_89' title='bbox 372 1806 429 1863; x_wconf 81' lang='lat' dir='ltr'>Sed</span> <span class='ocrx_word' id='word_1_90' title='bbox 444 1807 615 1862; x_wconf 80' lang='lat' dir='ltr'>emoiutncuto</span> <span class='ocrx_word' id='word_1_91' title='bbox 632 1808 779 1862; x_wconf 79' lang='lat' dir='ltr'>cornnruuio</span> <span class='ocrx_word' id='word_1_92' title='bbox 796 1806 1001 1875; x_wconf 61' lang='lat' dir='ltr'>asscribuntur,</span> <span class='ocrx_word' id='word_1_93' title='bbox 1019 1814 1089 1862; x_wconf 76' lang='lat' dir='ltr'>recte</span> <span class='ocrx_word' id='word_1_94' title='bbox 1105 1808 1280 1879; x_wconf 78' lang='lat' dir='ltr'>autemsocto</span> <span class='ocrx_word' id='word_1_95' title='bbox 1291 1805 1366 1877; x_wconf 85' lang='lat' dir='ltr'>cet.)</span> 
     </span>
     <span class='ocr_line' id='line_1_12' title="bbox 286 1883 1366 1964; baseline -0.003 -15"><span class='ocrx_word' id='word_1_96' title='bbox 286 1892 425 1957; x_wconf 75' lang='lat' dir='ltr'>cavetur,</span> <span class='ocrx_word' id='word_1_97' title='bbox 444 1910 488 1951; x_wconf 79' lang='lat' dir='ltr'>ue,</span> <span class='ocrx_word' id='word_1_98' title='bbox 506 1891 584 1964; x_wconf 92' lang='lat' dir='ltr'>quod</span> <span class='ocrx_word' id='word_1_99' title='bbox 603 1891 637 1946; x_wconf 88' lang='lat' dir='ltr'>do</span> <span class='ocrx_word' id='word_1_100' title='bbox 655 1889 786 1947; x_wconf 82' lang='lat' dir='ltr'>honestis</span> <span class='ocrx_word' id='word_1_101' title='bbox 803 1890 1004 1946; x_wconf 82' lang='lat' dir='ltr'>inhonestisve</span> <span class='ocrx_word' id='word_1_102' title='bbox 1020 1891 1186 1947; x_wconf 82' lang='lat' dir='ltr'>actionibus</span> <span class='ocrx_word' id='word_1_103' title='bbox 1204 1883 1366 1959; x_wconf 76' lang='lat' dir='ltr'>statuatur,</span> 
     </span>
     <span class='ocr_line' id='line_1_13' title="bbox 285 1974 1365 2051; baseline -0.003 -18"><span class='ocrx_word' id='word_1_104' title='bbox 285 1987 430 2051; x_wconf 89' lang='lat' dir='ltr'>quatenus</span> <span class='ocrx_word' id='word_1_105' title='bbox 452 1974 587 2032; x_wconf 82' lang='lat' dir='ltr'>effectum</span> <span class='ocrx_word' id='word_1_106' title='bbox 611 1976 739 2031; x_wconf 83' lang='lat' dir='ltr'>babeant</span> <span class='ocrx_word' id='word_1_107' title='bbox 761 1984 790 2031; x_wconf 87' lang='lat' dir='ltr'>et</span> <span class='ocrx_word' id='word_1_108' title='bbox 809 1975 951 2048; x_wconf 78' lang='lat' dir='ltr'>qualitate</span> <span class='ocrx_word' id='word_1_109' title='bbox 970 1993 1024 2031; x_wconf 85' lang='lat' dir='ltr'>sua</span> <span class='ocrx_word' id='word_1_110' title='bbox 1039 1983 1173 2051; x_wconf 83' lang='lat' dir='ltr'>agentem</span> <span class='ocrx_word' id='word_1_111' title='bbox 1192 1975 1295 2032; x_wconf 83' lang='lat' dir='ltr'>iuvent</span> <span class='ocrx_word' id='word_1_112' title='bbox 1311 1983 1365 2032; x_wconf 88' lang='lat' dir='ltr'>aut</span> 
     </span>
     <span class='ocr_line' id='line_1_14' title="bbox 286 2060 1366 2136; baseline -0.003 -17"><span class='ocrx_word' id='word_1_113' title='bbox 286 2062 313 2119; x_wconf 87' lang='lat' dir='ltr'>oi</span> <span class='ocrx_word' id='word_1_114' title='bbox 336 2072 471 2127; x_wconf 85' lang='lat' dir='ltr'>noceant</span> <span class='ocrx_word' id='word_1_115' title='bbox 494 2061 524 2116; x_wconf 91' lang='lat' dir='ltr'>id</span> <span class='ocrx_word' id='word_1_116' title='bbox 541 2061 629 2117; x_wconf 89' lang='lat' dir='ltr'>etiam</span> <span class='ocrx_word' id='word_1_117' title='bbox 647 2060 684 2115; x_wconf 87' lang='lat' dir='ltr'>ad</span> <span class='ocrx_word' id='word_1_118' title='bbox 702 2061 795 2135; x_wconf 87' lang='lat' dir='ltr'>ipsam</span> <span class='ocrx_word' id='word_1_119' title='bbox 813 2061 961 2117; x_wconf 89' lang='lat' dir='ltr'>actionum</span> <span class='ocrx_word' id='word_1_120' title='bbox 979 2061 1193 2135; x_wconf 78' lang='lat' dir='ltr'>susceptionem</span> <span class='ocrx_word' id='word_1_121' title='bbox 1214 2062 1366 2136; x_wconf 85' lang='lat' dir='ltr'>portinere</span> 
     </span>
     <span class='ocr_line' id='line_1_15' title="bbox 285 2128 1367 2245; baseline -0.001 -42"><span class='ocrx_word' id='word_1_122' title='bbox 285 2156 414 2222; x_wconf 80' lang='lat' dir='ltr'>putetur</span> <span class='ocrx_word' id='word_1_123' title='bbox 436 2128 516 2245; x_wconf 81' lang='lat' dir='ltr'>quod</span> <span class='ocrx_word' id='word_1_124' title='bbox 540 2147 565 2201; x_wconf 91' lang='lat' dir='ltr'>si</span> <span class='ocrx_word' id='word_1_125' title='bbox 588 2146 747 2202; x_wconf 90' lang='lat' dir='ltr'>iudicatum</span> <span class='ocrx_word' id='word_1_126' title='bbox 766 2144 863 2212; x_wconf 84' lang='lat' dir='ltr'>fuerit</span> <span class='ocrx_word' id='word_1_127' title='bbox 886 2145 969 2201; x_wconf 84' lang='lat' dir='ltr'>nulla</span> <span class='ocrx_word' id='word_1_128' title='bbox 986 2145 1024 2202; x_wconf 92' lang='lat' dir='ltr'>sit</span> <span class='ocrx_word' id='word_1_129' title='bbox 1046 2145 1217 2220; x_wconf 90' lang='lat' dir='ltr'>cuiusquam</span> <span class='ocrx_word' id='word_1_130' title='bbox 1242 2145 1367 2221; x_wconf 85' lang='lat' dir='ltr'>propria</span> 
     </span>
     <span class='ocr_line' id='line_1_16' title="bbox 286 2229 1364 2304; baseline -0.002 -15"><span class='ocrx_word' id='word_1_131' title='bbox 286 2233 373 2301; x_wconf 83' lang='lat' dir='ltr'>actio,</span> <span class='ocrx_word' id='word_1_132' title='bbox 397 2233 480 2288; x_wconf 91' lang='lat' dir='ltr'>cuius</span> <span class='ocrx_word' id='word_1_133' title='bbox 503 2231 531 2286; x_wconf 92' lang='lat' dir='ltr'>in</span> <span class='ocrx_word' id='word_1_134' title='bbox 556 2250 621 2286; x_wconf 89' lang='lat' dir='ltr'>eum</span> <span class='ocrx_word' id='word_1_135' title='bbox 645 2242 695 2287; x_wconf 90' lang='lat' dir='ltr'>aut</span> <span class='ocrx_word' id='word_1_136' title='bbox 718 2230 782 2287; x_wconf 86' lang='lat' dir='ltr'>laus</span> <span class='ocrx_word' id='word_1_137' title='bbox 805 2240 856 2286; x_wconf 89' lang='lat' dir='ltr'>aut</span> <span class='ocrx_word' id='word_1_138' title='bbox 879 2229 966 2304; x_wconf 88' lang='lat' dir='ltr'>culpa</span> <span class='ocrx_word' id='word_1_139' title='bbox 987 2230 1083 2288; x_wconf 85' lang='lat' dir='ltr'>cadat.</span> <span class='ocrx_word' id='word_1_140' title='bbox 1128 2232 1194 2288; x_wconf 89' lang='lat' dir='ltr'>Hoc</span> <span class='ocrx_word' id='word_1_141' title='bbox 1216 2240 1260 2288; x_wconf 85' lang='lat' dir='ltr'>est</span> <span class='ocrx_word' id='word_1_142' title='bbox 1283 2230 1364 2287; x_wconf 85' lang='lat' dir='ltr'>enim</span> 
     </span>
     <span class='ocr_line' id='line_1_17' title="bbox 286 2303 1366 2408; baseline 0 -37"><span class='ocrx_word' id='word_1_143' title='bbox 286 2305 481 2408; x_wconf 72' lang='grc' dir='ltr'>ὠφελήματας</span> <span class='ocrx_word' id='word_1_144' title='bbox 499 2324 527 2371; x_wconf 87' lang='lat' dir='ltr'>ot</span> <span class='ocrx_word' id='word_1_145' title='bbox 543 2303 784 2390; x_wconf 76' lang='grc' dir='ltr'><em>κατορθώματος</em></span> <span class='ocrx_word' id='word_1_146' title='bbox 801 2314 968 2383; x_wconf 85' lang='lat' dir='ltr'>discrimen,</span> <span class='ocrx_word' id='word_1_147' title='bbox 992 2315 1120 2389; x_wconf 81' lang='lat' dir='ltr'>itemque</span> <span class='ocrx_word' id='word_1_148' title='bbox 1137 2304 1317 2392; x_wconf 78' lang='grc' dir='ltr'><em>βλάμματας</em></span> <span class='ocrx_word' id='word_1_149' title='bbox 1335 2323 1366 2372; x_wconf 85' lang='lat' dir='ltr'>at</span> 
     </span>
    </p>
   </div>
   <div class='ocr_carea' id='block_1_5' title="bbox 285 2387 1367 4514">
    <p class='ocr_par' dir='ltr' id='par_1_5' title="bbox 285 2387 1367 3837">
     <span class='ocr_line' id='line_1_18' title="bbox 286 2387 1367 2474; baseline 0.003 -19"><span class='ocrx_word' id='word_1_150' title='bbox 286 2387 511 2474; x_wconf 71' lang='grc' dir='ltr'><em>ἁμαρτήματος,</em></span> <span class='ocrx_word' id='word_1_151' title='bbox 534 2410 621 2456; x_wconf 89' lang='lat' dir='ltr'>tenue</span> <span class='ocrx_word' id='word_1_152' title='bbox 644 2417 723 2455; x_wconf 89' lang='lat' dir='ltr'>sana.</span> <span class='ocrx_word' id='word_1_153' title='bbox 757 2401 901 2473; x_wconf 83' lang='lat' dir='ltr'>Apparet</span> <span class='ocrx_word' id='word_1_154' title='bbox 925 2400 1099 2461; x_wconf 84' lang='lat' dir='ltr'>necessario</span> <span class='ocrx_word' id='word_1_155' title='bbox 1122 2410 1153 2456; x_wconf 91' lang='lat' dir='ltr'>ut</span> <span class='ocrx_word' id='word_1_156' title='bbox 1176 2401 1247 2458; x_wconf 83' lang='lat' dir='ltr'>haec</span> <span class='ocrx_word' id='word_1_157' title='bbox 1265 2401 1367 2458; x_wconf 83' lang='lat' dir='ltr'>cautio</span> 
     </span>
     <span class='ocr_line' id='line_1_19' title="bbox 286 2480 1367 2559; baseline 0 -18"><span class='ocrx_word' id='word_1_158' title='bbox 286 2485 504 2558; x_wconf 79' lang='lat' dir='ltr'>adiungeretur,</span> <span class='ocrx_word' id='word_1_159' title='bbox 528 2484 687 2559; x_wconf 86' lang='lat' dir='ltr'>repetenda</span> <span class='ocrx_word' id='word_1_160' title='bbox 710 2480 761 2540; x_wconf 86' lang='lat' dir='ltr'>iila</span> <span class='ocrx_word' id='word_1_161' title='bbox 783 2484 890 2541; x_wconf 83' lang='lat' dir='ltr'>fuisse·</span> <span class='ocrx_word' id='word_1_162' title='bbox 913 2485 971 2541; x_wconf 81' lang='lat' dir='ltr'>Sed</span> <span class='ocrx_word' id='word_1_163' title='bbox 988 2488 1215 2542; x_wconf 80' lang='lat' dir='ltr'>emolumctrto—</span> <span class='ocrx_word' id='word_1_164' title='bbox 1237 2486 1367 2543; x_wconf 72' lang='lat' dir='ltr'>dictentur</span> 
     </span>
     <span class='ocr_line' id='line_1_20' title="bbox 286 2569 1365 2644; baseline 0.003 -19"><span class='ocrx_word' id='word_1_165' title='bbox 286 2569 327 2639; x_wconf 92' lang='lat' dir='ltr'>(id</span> <span class='ocrx_word' id='word_1_166' title='bbox 352 2578 410 2624; x_wconf 86' lang='lat' dir='ltr'>ost:</span> <span class='ocrx_word' id='word_1_167' title='bbox 433 2570 499 2638; x_wconf 83' lang='lat' dir='ltr'>sed,</span> <span class='ocrx_word' id='word_1_168' title='bbox 523 2587 700 2643; x_wconf 91' lang='lat' dir='ltr'>quamquam</span> <span class='ocrx_word' id='word_1_169' title='bbox 726 2602 763 2610; x_wconf 93' lang='lat'>—</span> <span class='ocrx_word' id='word_1_170' title='bbox 789 2570 938 2638; x_wconf 77' lang='lat' dir='ltr'>dicuntur,</span> <span class='ocrx_word' id='word_1_171' title='bbox 962 2579 1041 2626; x_wconf 87' lang='lat' dir='ltr'>recto</span> <span class='ocrx_word' id='word_1_172' title='bbox 1063 2569 1142 2627; x_wconf 81' lang='lat' dir='ltr'>iacta</span> <span class='ocrx_word' id='word_1_173' title='bbox 1164 2580 1262 2627; x_wconf 87' lang='lat' dir='ltr'>tamen</span> <span class='ocrx_word' id='word_1_174' title='bbox 1285 2574 1365 2644; x_wconf 75' lang='lat' dir='ltr'>cat),</span> 
     </span>
     <span class='ocr_line' id='line_1_21' title="bbox 287 2652 1364 2733; baseline 0.004 -23"><span class='ocrx_word' id='word_1_175' title='bbox 287 2673 362 2728; x_wconf 88' lang='lat' dir='ltr'>quae</span> <span class='ocrx_word' id='word_1_176' title='bbox 375 2654 451 2715; x_wconf 85' lang='lat' dir='ltr'>Dav.</span> <span class='ocrx_word' id='word_1_177' title='bbox 468 2655 564 2712; x_wconf 80' lang='lat' dir='ltr'>deleta</span> <span class='ocrx_word' id='word_1_178' title='bbox 576 2652 702 2710; x_wconf 79' lang='lat' dir='ltr'>volebat.</span> <span class='ocrx_word' id='word_1_179' title='bbox 724 2653 792 2733; x_wconf 59' lang='lat' dir='ltr'>‚Seu</span> <span class='ocrx_word' id='word_1_180' title='bbox 805 2655 921 2711; x_wconf 86' lang='lat' dir='ltr'>videtur</span> <span class='ocrx_word' id='word_1_181' title='bbox 939 2656 963 2710; x_wconf 85' lang='lat' dir='ltr'>is</span> <span class='ocrx_word' id='word_1_182' title='bbox 978 2655 1010 2711; x_wconf 90' lang='lat' dir='ltr'>in</span> <span class='ocrx_word' id='word_1_183' title='bbox 1028 2655 1130 2712; x_wconf 90' lang='lat' dir='ltr'>eodem</span> <span class='ocrx_word' id='word_1_184' title='bbox 1144 2673 1242 2711; x_wconf 88' lang='lat' dir='ltr'>errore</span> <span class='ocrx_word' id='word_1_185' title='bbox 1260 2654 1364 2721; x_wconf 77' lang='lat' dir='ltr'>saissa,</span> 
     </span>
     <span class='ocr_line' id='line_1_22' title="bbox 287 2737 1364 2816; baseline 0.006 -23"><span class='ocrx_word' id='word_1_186' title='bbox 287 2758 345 2813; x_wconf 89' lang='lat' dir='ltr'>quo</span> <span class='ocrx_word' id='word_1_187' title='bbox 358 2737 451 2797; x_wconf 82' lang='lat' dir='ltr'>Gaius</span> <span class='ocrx_word' id='word_1_188' title='bbox 463 2750 491 2795; x_wconf 87' lang='lat' dir='ltr'>et</span> <span class='ocrx_word' id='word_1_189' title='bbox 504 2739 643 2806; x_wconf 81' lang='lat' dir='ltr'>Orellius,</span> <span class='ocrx_word' id='word_1_190' title='bbox 656 2739 706 2812; x_wconf 90' lang='lat' dir='ltr'>qui</span> <span class='ocrx_word' id='word_1_191' title='bbox 721 2739 763 2795; x_wconf 86' lang='lat' dir='ltr'>sic</span> <span class='ocrx_word' id='word_1_192' title='bbox 778 2739 850 2797; x_wconf 90' lang='lat' dir='ltr'>haec</span> <span class='ocrx_word' id='word_1_193' title='bbox 862 2739 1053 2814; x_wconf 87' lang='lat' dir='ltr'>pessumdant</span> <span class='ocrx_word' id='word_1_194' title='bbox 1064 2741 1309 2816; x_wconf 81' lang='lat' dir='ltr'>interpungendo:</span> <span class='ocrx_word' id='word_1_195' title='bbox 1322 2773 1364 2784; x_wconf 93' lang='lat'><em>-</em></span> 
     </span>
     <span class='ocr_line' id='line_1_23' title="bbox 286 2826 1366 2899; baseline 0.001 -18"><span class='ocrx_word' id='word_1_196' title='bbox 286 2827 408 2881; x_wconf 73' lang='lat' dir='ltr'>dicitius.</span> <span class='ocrx_word' id='word_1_197' title='bbox 458 2826 506 2883; x_wconf 88' lang='lat' dir='ltr'>Eo</span> <span class='ocrx_word' id='word_1_198' title='bbox 525 2833 638 2899; x_wconf 81' lang='lat' dir='ltr'>possunt</span> <span class='ocrx_word' id='word_1_199' title='bbox 656 2826 740 2898; x_wconf 79' lang='lat' dir='ltr'>pario</span> <span class='ocrx_word' id='word_1_200' title='bbox 762 2845 813 2880; x_wconf 85' lang='lat' dir='ltr'>non</span> <span class='ocrx_word' id='word_1_201' title='bbox 835 2845 905 2894; x_wconf 77' lang='lat' dir='ltr'>esae3</span> <span class='ocrx_word' id='word_1_202' title='bbox 935 2827 983 2881; x_wconf 81' lang='lat' dir='ltr'>aed</span> <span class='ocrx_word' id='word_1_203' title='bbox 1004 2828 1177 2882; x_wconf 80' lang='lat' dir='ltr'>emolumento</span> <span class='ocrx_word' id='word_1_204' title='bbox 1197 2834 1254 2883; x_wconf 90' lang='lat' dir='ltr'>cet.</span> <span class='ocrx_word' id='word_1_205' title='bbox 1306 2827 1366 2884; x_wconf 88' lang='lat' dir='ltr'>llla</span> 
     </span>
     <span class='ocr_line' id='line_1_24' title="bbox 287 2909 1365 2984; baseline 0.003 -19"><span class='ocrx_word' id='word_1_206' title='bbox 287 2909 391 2965; x_wconf 83' lang='lat' dir='ltr'>verba:</span> <span class='ocrx_word' id='word_1_207' title='bbox 415 2929 446 2964; x_wconf 84' lang='lat' dir='ltr'>eo</span> <span class='ocrx_word' id='word_1_208' title='bbox 460 2920 576 2984; x_wconf 81' lang='lat' dir='ltr'>possunt</span> <span class='ocrx_word' id='word_1_209' title='bbox 588 2913 673 2983; x_wconf 79' lang='lat' dir='ltr'>pario</span> <span class='ocrx_word' id='word_1_210' title='bbox 690 2929 741 2965; x_wconf 84' lang='lat' dir='ltr'>non</span> <span class='ocrx_word' id='word_1_211' title='bbox 758 2928 816 2966; x_wconf 82' lang='lat' dir='ltr'>essa</span> <span class='ocrx_word' id='word_1_212' title='bbox 833 2910 967 2984; x_wconf 84' lang='lat' dir='ltr'>proxime</span> <span class='ocrx_word' id='word_1_213' title='bbox 984 2928 1049 2967; x_wconf 91' lang='lat' dir='ltr'>cum</span> <span class='ocrx_word' id='word_1_214' title='bbox 1062 2911 1303 2968; x_wconf 86' lang='lat' dir='ltr'>antecedentibus</span> <span class='ocrx_word' id='word_1_215' title='bbox 1314 2929 1365 2969; x_wconf 92' lang='lat' dir='ltr'>co·</span> 
     </span>
     <span class='ocr_line' id='line_1_25' title="bbox 286 2994 1366 3071; baseline 0.002 -20"><span class='ocrx_word' id='word_1_216' title='bbox 286 2994 407 3051; x_wconf 83' lang='lat' dir='ltr'>haerent</span> <span class='ocrx_word' id='word_1_217' title='bbox 430 2995 667 3069; x_wconf 83' lang='lat' dir='ltr'>respondentque</span> <span class='ocrx_word' id='word_1_218' title='bbox 690 3013 706 3047; x_wconf 85' lang='lat' dir='ltr'>e</span> <span class='ocrx_word' id='word_1_219' title='bbox 729 2995 877 3051; x_wconf 89' lang='lat' dir='ltr'>contrario</span> <span class='ocrx_word' id='word_1_220' title='bbox 901 2996 960 3051; x_wconf 87' lang='lat' dir='ltr'>his:</span> <span class='ocrx_word' id='word_1_221' title='bbox 991 3015 1061 3069; x_wconf 82' lang='lat' dir='ltr'>quoe</span> <span class='ocrx_word' id='word_1_222' title='bbox 1082 2999 1135 3052; x_wconf 75' lang='lat' dir='ltr'>sirit</span> <span class='ocrx_word' id='word_1_223' title='bbox 1154 3000 1237 3071; x_wconf 81' lang='lat' dir='ltr'>pario</span> <span class='ocrx_word' id='word_1_224' title='bbox 1260 3015 1366 3054; x_wconf 71' lang='lat' dir='ltr'>ramesse</span> 
     </span>
     <span class='ocr_line' id='line_1_26' title="bbox 286 3079 1366 3140; baseline 0.003 -4"><span class='ocrx_word' id='word_1_225' title='bbox 286 3090 334 3136; x_wconf 82' lang='lat' dir='ltr'>ost.</span> <span class='ocrx_word' id='word_1_226' title='bbox 369 3079 550 3140; x_wconf 81' lang='lat' dir='ltr'>Ostenditur.</span> <span class='ocrx_word' id='word_1_227' title='bbox 574 3079 603 3135; x_wconf 90' lang='lat' dir='ltr'>in</span> <span class='ocrx_word' id='word_1_228' title='bbox 621 3079 782 3135; x_wconf 88' lang='lat' dir='ltr'>commodis</span> <span class='ocrx_word' id='word_1_229' title='bbox 805 3089 835 3136; x_wconf 88' lang='lat' dir='ltr'>st</span> <span class='ocrx_word' id='word_1_230' title='bbox 856 3080 1049 3137; x_wconf 87' lang='lat' dir='ltr'>incommodis</span> <span class='ocrx_word' id='word_1_231' title='bbox 1072 3099 1129 3137; x_wconf 89' lang='lat' dir='ltr'>non</span> <span class='ocrx_word' id='word_1_232' title='bbox 1153 3082 1276 3139; x_wconf 84' lang='lat' dir='ltr'>eandam</span> <span class='ocrx_word' id='word_1_233' title='bbox 1298 3100 1366 3139; x_wconf 83' lang='lat' dir='ltr'>osse</span> 
     </span>
     <span class='ocr_line' id='line_1_27' title="bbox 286 3165 1366 3241; baseline 0.003 -21"><span class='ocrx_word' id='word_1_234' title='bbox 286 3165 501 3222; x_wconf 86' lang='lat' dir='ltr'>necessitatem.</span> <span class='ocrx_word' id='word_1_235' title='bbox 538 3165 634 3222; x_wconf 90' lang='lat' dir='ltr'>Unum</span> <span class='ocrx_word' id='word_1_236' title='bbox 658 3174 764 3233; x_wconf 83' lang='lat' dir='ltr'>restst;</span> <span class='ocrx_word' id='word_1_237' title='bbox 788 3183 854 3221; x_wconf 90' lang='lat' dir='ltr'>nam</span> <span class='ocrx_word' id='word_1_238' title='bbox 878 3166 1017 3239; x_wconf 91' lang='lat' dir='ltr'>quoniam</span> <span class='ocrx_word' id='word_1_239' title='bbox 1042 3166 1175 3239; x_wconf 87' lang='lat' dir='ltr'>sequitur</span> <span class='ocrx_word' id='word_1_240' title='bbox 1196 3177 1267 3224; x_wconf 80' lang='lat' dir='ltr'>recte</span> <span class='ocrx_word' id='word_1_241' title='bbox 1281 3170 1366 3241; x_wconf 79' lang='lat' dir='ltr'>sacta</span> 
     </span>
     <span class='ocr_line' id='line_1_28' title="bbox 286 3249 1366 3324; baseline 0.004 -18"><span class='ocrx_word' id='word_1_242' title='bbox 286 3260 310 3306; x_wconf 86' lang='lat' dir='ltr'>ct</span> <span class='ocrx_word' id='word_1_243' title='bbox 330 3259 455 3324; x_wconf 77' lang='lat' dir='ltr'>peccota,</span> <span class='ocrx_word' id='word_1_244' title='bbox 480 3249 595 3305; x_wconf 83' lang='lat' dir='ltr'>videtur</span> <span class='ocrx_word' id='word_1_245' title='bbox 618 3250 792 3322; x_wconf 86' lang='lat' dir='ltr'>praecedere</span> <span class='ocrx_word' id='word_1_246' title='bbox 815 3250 923 3307; x_wconf 83' lang='lat' dir='ltr'>debers</span> <span class='ocrx_word' id='word_1_247' title='bbox 945 3253 1117 3308; x_wconf 80' lang='lat' dir='ltr'>emolumento</span> <span class='ocrx_word' id='word_1_248' title='bbox 1144 3262 1170 3308; x_wconf 80' lang='lat' dir='ltr'>at</span> <span class='ocrx_word' id='word_1_249' title='bbox 1191 3253 1366 3321; x_wconf 69' lang='grc' dir='ltr'>ἀαιήπιααας</span> 
     </span>
     <span class='ocr_line' id='line_1_29' title="bbox 285 3334 1366 3410; baseline 0.003 -19"><span class='ocrx_word' id='word_1_250' title='bbox 285 3335 316 3392; x_wconf 90' lang='lat' dir='ltr'>id</span> <span class='ocrx_word' id='word_1_251' title='bbox 339 3343 470 3390; x_wconf 82' lang='lat' dir='ltr'>senserat</span> <span class='ocrx_word' id='word_1_252' title='bbox 494 3335 595 3390; x_wconf 86' lang='lat' dir='ltr'>Lamb.</span> <span class='ocrx_word' id='word_1_253' title='bbox 625 3334 654 3389; x_wconf 91' lang='lat' dir='ltr'>in</span> <span class='ocrx_word' id='word_1_254' title='bbox 678 3334 723 3390; x_wconf 90' lang='lat' dir='ltr'>ed.</span> <span class='ocrx_word' id='word_1_255' title='bbox 747 3335 855 3409; x_wconf 89' lang='lat' dir='ltr'>prima;</span> <span class='ocrx_word' id='word_1_256' title='bbox 884 3344 987 3410; x_wconf 86' lang='lat' dir='ltr'>postea</span> <span class='ocrx_word' id='word_1_257' title='bbox 1014 3337 1073 3393; x_wconf 87' lang='lat' dir='ltr'>alio</span> <span class='ocrx_word' id='word_1_258' title='bbox 1100 3337 1260 3396; x_wconf 87' lang='lat' dir='ltr'>aberravit.</span> <span class='ocrx_word' id='word_1_259' title='bbox 1307 3337 1366 3395; x_wconf 87' lang='lat' dir='ltr'>Hic</span> 
     </span>
     <span class='ocr_line' id='line_1_30' title="bbox 286 3418 1367 3496; baseline 0.001 -20"><span class='ocrx_word' id='word_1_260' title='bbox 286 3432 384 3476; x_wconf 88' lang='lat' dir='ltr'>tamen</span> <span class='ocrx_word' id='word_1_261' title='bbox 408 3418 525 3475; x_wconf 81' lang='lat' dir='ltr'>facilius</span> <span class='ocrx_word' id='word_1_262' title='bbox 548 3419 640 3475; x_wconf 82' lang='lat' dir='ltr'>multo</span> <span class='ocrx_word' id='word_1_263' title='bbox 663 3438 749 3493; x_wconf 90' lang='lat' dir='ltr'>quam</span> <span class='ocrx_word' id='word_1_264' title='bbox 774 3425 900 3496; x_wconf 83' lang='lat' dir='ltr'>supra§</span> <span class='ocrx_word' id='word_1_265' title='bbox 928 3423 962 3477; x_wconf 96' lang='grc'>11</span> <span class='ocrx_word' id='word_1_266' title='bbox 993 3420 1022 3476; x_wconf 90' lang='lat' dir='ltr'>in</span> <span class='ocrx_word' id='word_1_267' title='bbox 1052 3422 1234 3480; x_wconf 84' lang='lat' dir='ltr'>diiunctione</span> <span class='ocrx_word' id='word_1_268' title='bbox 1256 3424 1317 3496; x_wconf 81' lang='lat' dir='ltr'>(out</span> <span class='ocrx_word' id='word_1_269' title='bbox 1338 3427 1367 3480; x_wconf 81' lang='lat' dir='ltr'>ia</span> 
     </span>
     <span class='ocr_line' id='line_1_31' title="bbox 287 3504 1365 3583; baseline 0.006 -24"><span class='ocrx_word' id='word_1_270' title='bbox 287 3507 360 3560; x_wconf 83' lang='lat' dir='ltr'>bonis</span> <span class='ocrx_word' id='word_1_271' title='bbox 388 3514 436 3560; x_wconf 78' lang='lat' dir='ltr'>ortt</span> <span class='ocrx_word' id='word_1_272' title='bbox 463 3508 489 3560; x_wconf 83' lang='lat' dir='ltr'>in</span> <span class='ocrx_word' id='word_1_273' title='bbox 517 3506 607 3577; x_wconf 85' lang='lat' dir='ltr'>molis)</span> <span class='ocrx_word' id='word_1_274' title='bbox 635 3504 733 3578; x_wconf 86' lang='lat' dir='ltr'>priore</span> <span class='ocrx_word' id='word_1_275' title='bbox 761 3504 826 3561; x_wconf 90' lang='lat' dir='ltr'>loco</span> <span class='ocrx_word' id='word_1_276' title='bbox 855 3515 967 3561; x_wconf 89' lang='lat' dir='ltr'>tantum</span> <span class='ocrx_word' id='word_1_277' title='bbox 998 3508 1156 3581; x_wconf 85' lang='lat' dir='ltr'>praecipua</span> <span class='ocrx_word' id='word_1_278' title='bbox 1184 3508 1266 3564; x_wconf 91' lang='lat' dir='ltr'>notio</span> <span class='ocrx_word' id='word_1_279' title='bbox 1294 3507 1365 3583; x_wconf 89' lang='lat' dir='ltr'>poni</span> 
     </span>
     <span class='ocr_line' id='line_1_32' title="bbox 286 3588 1367 3671; baseline 0.004 -27"><span class='ocrx_word' id='word_1_280' title='bbox 286 3590 396 3665; x_wconf 87' lang='lat' dir='ltr'>potuit</span> <span class='ocrx_word' id='word_1_281' title='bbox 431 3590 524 3646; x_wconf 84' lang='lat' dir='ltr'>altero</span> <span class='ocrx_word' id='word_1_282' title='bbox 555 3590 643 3645; x_wconf 88' lang='lat' dir='ltr'>etiam</span> <span class='ocrx_word' id='word_1_283' title='bbox 672 3590 819 3645; x_wconf 88' lang='lat' dir='ltr'>contraria</span> <span class='ocrx_word' id='word_1_284' title='bbox 847 3590 932 3646; x_wconf 88' lang='lat' dir='ltr'>adici.</span> <span class='ocrx_word' id='word_1_285' title='bbox 989 3588 1178 3671; x_wconf 85' lang='lat' dir='ltr'>[Opportune</span> <span class='ocrx_word' id='word_1_286' title='bbox 1206 3592 1367 3668; x_wconf 81' lang='lat' dir='ltr'>Ussingius</span> 
     </span>
     <span class='ocr_line' id='line_1_33' title="bbox 286 3672 1365 3770; baseline 0.003 -39"><span class='ocrx_word' id='word_1_287' title='bbox 286 3686 437 3770; x_wconf 86' lang='lat' dir='ltr'>comparat</span> <span class='ocrx_word' id='word_1_288' title='bbox 464 3675 493 3731; x_wconf 90' lang='lat' dir='ltr'>in</span> <span class='ocrx_word' id='word_1_289' title='bbox 518 3672 652 3730; x_wconf 84' lang='lat' dir='ltr'>Platonis</span> <span class='ocrx_word' id='word_1_290' title='bbox 680 3674 745 3730; x_wconf 93' lang='lat' dir='ltr'>loco</span> <span class='ocrx_word' id='word_1_291' title='bbox 768 3676 798 3733; x_wconf 90' lang='lat'>11</span> <span class='ocrx_word' id='word_1_292' title='bbox 828 3675 863 3731; x_wconf 87' lang='lat' dir='ltr'>de</span> <span class='ocrx_word' id='word_1_293' title='bbox 888 3677 923 3732; x_wconf 99' lang='lat' dir='ltr'>R</span> <span class='ocrx_word' id='word_1_294' title='bbox 948 3674 982 3732; x_wconf 90' lang='lat' dir='ltr'>P.</span> <span class='ocrx_word' id='word_1_295' title='bbox 1007 3677 1066 3733; x_wconf 87' lang='grc'>367</span> <span class='ocrx_word' id='word_1_296' title='bbox 1093 3677 1120 3733; x_wconf 90' lang='lat' dir='ltr'>D</span> <span class='ocrx_word' id='word_1_297' title='bbox 1149 3677 1221 3734; x_wconf 84' lang='lat' dir='ltr'>haec</span> <span class='ocrx_word' id='word_1_298' title='bbox 1249 3677 1365 3734; x_wconf 88' lang='lat' dir='ltr'>addita.</span> 
     </span>
     <span class='ocr_line' id='line_1_34' title="bbox 286 3747 630 3837; baseline -0.009 -22"><span class='ocrx_word' id='word_1_299' title='bbox 286 3749 334 3815; x_wconf 78' lang='lat' dir='ltr'>aui</span> <span class='ocrx_word' id='word_1_300' title='bbox 359 3753 459 3816; x_wconf 76' lang='grc' dir='ltr'><em>α’δικια</em></span> <span class='ocrx_word' id='word_1_301' title='bbox 481 3747 630 3837; x_wconf 68' lang='grc' dir='ltr'>βλάπτει]</span> 
     </span>
    </p>

    <p class='ocr_par' dir='ltr' id='par_1_6' title="bbox 285 3845 1367 4514">
     <span class='ocr_line' id='line_1_35' title="bbox 373 3845 1365 3922; baseline 0.001 -20"><span class='ocrx_word' id='word_1_302' title='bbox 373 3847 422 3902; x_wconf 84' lang='lat'>70</span> <span class='ocrx_word' id='word_1_303' title='bbox 438 3846 591 3900; x_wconf 69' lang='lat' dir='ltr'>Araricrtiam</span> <span class='ocrx_word' id='word_1_304' title='bbox 602 3855 689 3900; x_wconf 79' lang='lat' dir='ltr'>cirtem</span> <span class='ocrx_word' id='word_1_305' title='bbox 700 3845 879 3901; x_wconf 78' lang='lat' dir='ltr'>adhibendum</span> <span class='ocrx_word' id='word_1_306' title='bbox 892 3864 949 3901; x_wconf 83' lang='lat' dir='ltr'>esse</span> <span class='ocrx_word' id='word_1_307' title='bbox 965 3857 1069 3901; x_wconf 79' lang='lat' dir='ltr'>causent</span> <span class='ocrx_word' id='word_1_308' title='bbox 1081 3857 1135 3903; x_wconf 89' lang='lat' dir='ltr'>cet.</span> <span class='ocrx_word' id='word_1_309' title='bbox 1141 3852 1151 3920; x_wconf 87' lang='lat'>)</span> <span class='ocrx_word' id='word_1_310' title='bbox 1165 3847 1252 3922; x_wconf 87' lang='lat' dir='ltr'>Diog.</span> <span class='ocrx_word' id='word_1_311' title='bbox 1266 3847 1365 3903; x_wconf 76' lang='lat' dir='ltr'>Ladrt.</span> 
     </span>
     <span class='ocr_line' id='line_1_36' title="bbox 287 3916 1366 4003; baseline 0 -16"><span class='ocrx_word' id='word_1_312' title='bbox 287 3931 357 3999; x_wconf 84' lang='lat' dir='ltr'>vll,</span> <span class='ocrx_word' id='word_1_313' title='bbox 385 3932 453 3986; x_wconf 77' lang='lat'>124:</span> <span class='ocrx_word' id='word_1_314' title='bbox 482 3929 529 3985; x_wconf 73' lang='lat' dir='ltr'>Ar.</span> <span class='ocrx_word' id='word_1_315' title='bbox 560 3916 650 3983; x_wconf 72' lang='grc' dir='ltr'><em>αὐτόν</em></span> <span class='ocrx_word' id='word_1_316' title='bbox 677 3947 709 3984; x_wconf 81' lang='lat' dir='ltr'>aa</span> <span class='ocrx_word' id='word_1_317' title='bbox 739 3919 856 4001; x_wconf 77' lang='grc' dir='ltr'>αἱρετὸν</span> <span class='ocrx_word' id='word_1_318' title='bbox 883 3919 935 3984; x_wconf 76' lang='grc' dir='ltr'>τὸν</span> <span class='ocrx_word' id='word_1_319' title='bbox 964 3921 1092 4000; x_wconf 75' lang='lat' dir='ltr'>qi&#39;iov</span> <span class='ocrx_word' id='word_1_320' title='bbox 1074 3925 1294 4003; x_wconf 71' lang='grc' dir='ltr'>αποφαίνονται</span> <span class='ocrx_word' id='word_1_321' title='bbox 1316 3920 1366 3987; x_wconf 77' lang='grc' dir='ltr'>καὶ</span> 
     </span>
     <span class='ocr_line' id='line_1_37' title="bbox 285 3998 1367 4090; baseline 0.004 -22"><span class='ocrx_word' id='word_1_322' title='bbox 285 4005 338 4089; x_wconf 71' lang='grc' dir='ltr'>τὴν</span> <span class='ocrx_word' id='word_1_323' title='bbox 355 4008 533 4086; x_wconf 77' lang='grc' dir='ltr'>αολυφιλιαν</span> <span class='ocrx_word' id='word_1_324' title='bbox 553 3998 681 4084; x_wconf 76' lang='grc' dir='ltr'>ἀγαθόν.</span> <span class='ocrx_word' id='word_1_325' title='bbox 705 4014 881 4070; x_wconf 88' lang='lat' dir='ltr'>Distinctius</span> <span class='ocrx_word' id='word_1_326' title='bbox 894 4013 1116 4073; x_wconf 86' lang='lat' dir='ltr'>StobaeusEcl.</span> <span class='ocrx_word' id='word_1_327' title='bbox 1131 4017 1198 4072; x_wconf 82' lang='lat' dir='ltr'>Eth.</span> <span class='ocrx_word' id='word_1_328' title='bbox 1212 4035 1240 4090; x_wconf 94' lang='lat' dir='ltr'>p</span> <span class='ocrx_word' id='word_1_329' title='bbox 1255 4016 1367 4090; x_wconf 85' lang='lat' dir='ltr'>186sq.</span> 
     </span>
     <span class='ocr_line' id='line_1_38' title="bbox 286 4095 1367 4176; baseline 0.005 -23"><span class='ocrx_word' id='word_1_330' title='bbox 286 4099 417 4173; x_wconf 83' lang='lat' dir='ltr'>exponit</span> <span class='ocrx_word' id='word_1_331' title='bbox 441 4118 458 4153; x_wconf 93' lang='lat' dir='ltr'>a</span> <span class='ocrx_word' id='word_1_332' title='bbox 479 4095 595 4156; x_wconf 81' lang='lat' dir='ltr'>Stoicis</span> <span class='ocrx_word' id='word_1_333' title='bbox 617 4098 776 4155; x_wconf 90' lang='lat' dir='ltr'>amicitiam</span> <span class='ocrx_word' id='word_1_334' title='bbox 799 4100 937 4172; x_wconf 85' lang='lat' dir='ltr'>prodesse</span> <span class='ocrx_word' id='word_1_335' title='bbox 960 4101 1057 4173; x_wconf 86' lang='lat' dir='ltr'>putari</span> <span class='ocrx_word' id='word_1_336' title='bbox 1080 4120 1137 4157; x_wconf 91' lang='lat' dir='ltr'>non</span> <span class='ocrx_word' id='word_1_337' title='bbox 1161 4109 1281 4176; x_wconf 85' lang='lat' dir='ltr'>propter</span> <span class='ocrx_word' id='word_1_338' title='bbox 1303 4119 1367 4158; x_wconf 89' lang='lat' dir='ltr'>mu-</span> 
     </span>
     <span class='ocr_line' id='line_1_39' title="bbox 285 4184 1365 4256; baseline 0.003 -17"><span class='ocrx_word' id='word_1_339' title='bbox 285 4192 351 4240; x_wconf 88' lang='lat' dir='ltr'>tuas</span> <span class='ocrx_word' id='word_1_340' title='bbox 373 4184 526 4251; x_wconf 70' lang='lat' dir='ltr'>utilitates,</span> <span class='ocrx_word' id='word_1_341' title='bbox 552 4184 629 4256; x_wconf 86' lang='lat' dir='ltr'>qnod</span> <span class='ocrx_word' id='word_1_342' title='bbox 654 4184 764 4239; x_wconf 87' lang='lat' dir='ltr'>nullum</span> <span class='ocrx_word' id='word_1_343' title='bbox 789 4202 825 4238; x_wconf 86' lang='lat' dir='ltr'>ex</span> <span class='ocrx_word' id='word_1_344' title='bbox 851 4184 1019 4242; x_wconf 89' lang='lat' dir='ltr'>bominibus</span> <span class='ocrx_word' id='word_1_345' title='bbox 1042 4186 1156 4242; x_wconf 87' lang='lat' dir='ltr'>dnobus</span> <span class='ocrx_word' id='word_1_346' title='bbox 1174 4185 1344 4242; x_wconf 89' lang='lat' dir='ltr'>diiunctis</span> <span class='ocrx_word' id='word_1_347' title='bbox 1334 4205 1365 4249; x_wconf 84' lang='lat' dir='ltr'>tp</span> 
     </span>
     <span class='ocr_line' id='line_1_40' title="bbox 286 4254 1367 4345; baseline 0.003 -22"><span class='ocrx_word' id='word_1_348' title='bbox 286 4269 358 4344; x_wconf 88' lang='lat' dir='ltr'>ipsis</span> <span class='ocrx_word' id='word_1_349' title='bbox 382 4270 488 4325; x_wconf 87' lang='lat' dir='ltr'>bonum</span> <span class='ocrx_word' id='word_1_350' title='bbox 513 4267 588 4324; x_wconf 82' lang='lat' dir='ltr'>effici</span> <span class='ocrx_word' id='word_1_351' title='bbox 613 4270 706 4344; x_wconf 86' lang='lat' dir='ltr'>possit</span> <span class='ocrx_word' id='word_1_352' title='bbox 728 4257 789 4341; x_wconf 77' lang='grc' dir='ltr'>(διὰ</span> <span class='ocrx_word' id='word_1_353' title='bbox 811 4259 846 4323; x_wconf 83' lang='grc' dir='ltr'>τὸ</span> <span class='ocrx_word' id='word_1_354' title='bbox 870 4259 998 4343; x_wconf 72' lang='grc' dir='ltr'><em>μηόἒν’</em></span> <span class='ocrx_word' id='word_1_355' title='bbox 985 4286 1014 4322; x_wconf 77' lang='lat' dir='ltr'>aa</span> <span class='ocrx_word' id='word_1_356' title='bbox 1036 4254 1230 4343; x_wconf 74' lang='lat' dir='ltr'>disoaqaoama</span> <span class='ocrx_word' id='word_1_357' title='bbox 1246 4261 1367 4345; x_wconf 67' lang='grc' dir='ltr'><em>ἀγαθὸν</em></span> 
     </span>
     <span class='ocr_line' id='line_1_41' title="bbox 287 4338 1367 4447; baseline 0.003 -39"><span class='ocrx_word' id='word_1_358' title='bbox 287 4348 361 4409; x_wconf 70' lang='grc' dir='ltr'><em>εἶναι</em></span> <span class='ocrx_word' id='word_1_359' title='bbox 378 4373 432 4409; x_wconf 82' lang='grc' dir='ltr'>κατ</span> <span class='ocrx_word' id='word_1_360' title='bbox 436 4338 586 4425; x_wconf 71' lang='grc' dir='ltr'>αυτούς).</span> <span class='ocrx_word' id='word_1_361' title='bbox 611 4355 661 4410; x_wconf 85' lang='lat' dir='ltr'>sed</span> <span class='ocrx_word' id='word_1_362' title='bbox 681 4352 787 4429; x_wconf 86' lang='lat' dir='ltr'>partim</span> <span class='ocrx_word' id='word_1_363' title='bbox 808 4365 973 4447; x_wconf 88' lang='lat' dir='ltr'>propterea</span> <span class='ocrx_word' id='word_1_364' title='bbox 993 4353 1070 4424; x_wconf 90' lang='lat' dir='ltr'>quod</span> <span class='ocrx_word' id='word_1_365' title='bbox 1089 4356 1127 4411; x_wconf 89' lang='lat' dir='ltr'>ab</span> <span class='ocrx_word' id='word_1_366' title='bbox 1145 4353 1247 4412; x_wconf 87' lang='lat' dir='ltr'>amicis</span> <span class='ocrx_word' id='word_1_367' title='bbox 1265 4373 1367 4412; x_wconf 86' lang='lat' dir='ltr'>amors</span> 
     </span>
     <span class='ocr_line' id='line_1_42' title="bbox 287 4425 1367 4514; baseline 0.002 -20"><span class='ocrx_word' id='word_1_368' title='bbox 287 4438 570 4513; x_wconf 89' lang='lat' dir='ltr'>comprehendamur</span> <span class='ocrx_word' id='word_1_369' title='bbox 592 4431 756 4510; x_wconf 76' lang='lat' dir='ltr'>(qriiua-</span> <span class='ocrx_word' id='word_1_370' title='bbox 720 4425 946 4513; x_wconf 72' lang='grc' dir='ltr'>-κατοίσχεσιν</span> <span class='ocrx_word' id='word_1_371' title='bbox 969 4425 1061 4495; x_wconf 76' lang='grc' dir='ltr'><em>οὖσαν</em></span> <span class='ocrx_word' id='word_1_372' title='bbox 1084 4429 1198 4513; x_wconf 72' lang='grc' dir='ltr'><strong><em>φιλικὴν</em></strong></span> <span class='ocrx_word' id='word_1_373' title='bbox 1215 4430 1290 4514; x_wconf 76' lang='grc' dir='ltr'>πρὸς</span> <span class='ocrx_word' id='word_1_374' title='bbox 1307 4435 1367 4496; x_wconf 67' lang='grc' dir='ltr'>τῶν</span> 
     </span>
    </p>
   </div>
   <div class='ocr_carea' id='block_1_6' title="bbox 0 0 1524 5086">
    <p class='ocr_par' dir='ltr' id='par_1_7' title="bbox 0 0 1524 5086">
     <span class='ocr_line' id='line_1_43' title="bbox 0 0 1524 5086; baseline 0 0"><span class='ocrx_word' id='word_1_375' title='bbox 0 0 1524 5086; x_wconf 95' lang='lat' dir='ltr'> </span> 
     </span>
    </p>
   </div>
  </div>
 </body>
</html>
