3030 5086
661 400 857 471 ennsunuro.
1211 405 1297 471 XLV

217 602 320 660 retur.
354 597 401 659 Ac
421 592 466 658 lui
486 589 623 657 fortasse
644 591 677 657 in
693 592 752 656 hoc
766 610 880 674 genere
896 592 1062 674 copiosior,
1084 612 1178 676 quam
1195 595 1297 676 debui,

216 708 307 768 certe
328 721 422 783 qnam
444 700 615 782 cupiebam,
637 701 712 764 dum
735 706 834 764 totum
855 699 938 764 hunc
959 700 1061 764 locum
1080 721 1101 766 a
1117 701 1298 768 confusione

220 817 255 875 et
285 811 423 875 vanitate
452 825 589 890 purgare
611 825 714 873 eonor.
758 809 794 872 In
823 807 975 873 vamctate
1002 809 1178 890 scripturae
1204 810 1299 875 etiam

220 916 403 982 Orellianae
431 916 577 981 editionis
606 915 849 996 discrepantiam
882 913 1031 980 facilioris
1058 917 1299 997 comparationis

220 1042 321 1089 causa
337 1023 495 1100 annotavi,
516 1029 560 1102 ut,
581 1021 635 1087 ubi
652 1022 727 1087 nihil
743 1023 775 1087 in
792 1023 874 1087 notis
890 1023 1065 1088 distinctius
1081 1031 1299 1103 exponeretur,

220 1131 293 1197 eins
321 1131 445 1196 nomine
472 1131 641 1196 editionum
668 1136 724 1194 aut
750 1129 886 1195 omnium
913 1135 969 1195 aut
990 1135 1074 1195 certe
1095 1129 1299 1212 plurimarum

220 1256 396 1305 cousensus
428 1236 666 1318 significaretur.
722 1238 833 1318 ltaque
865 1237 962 1302 sicubi
993 1237 1130 1319 positum
1162 1239 1207 1303 sic
1239 1246 1300 1302 est:

223 1346 439 1423 Leusaba,
466 1345 497 1410 in
521 1345 603 1410 notis
625 1353 730 1410 auum
756 1346 787 1409 in
810 1345 918 1426 parvis
941 1345 1034 1410 rebus
1062 1354 1118 1409 aut
1146 1346 1219 1409 nihil
1246 1351 1301 1409 aut

224 1452 403 1518 huiusmodi
425 1452 559 1533 aliquid:
581 1451 633 1517 Sic
653 1453 744 1516 dmm
765 1451 857 1532 Spin,
879 1451 923 1517 ibi
945 1452 1102 1533 scriptura
1123 1471 1142 1516 a
1164 1470 1214 1517 me
1235 1452 1302 1533 pri-

223 1579 312 1624 mum
338 1579 376 1625 ex
404 1559 467 1624 Erl
496 1559 563 1624 solo
592 1566 647 1624 aut
673 1578 711 1624 er
738 1578 775 1624 eo
803 1567 835 1625 et
861 1559 1015 1640 Spirensi,
1043 1559 1135 1640 quive
1161 1559 1242 1624 alius
1268 1559 1300 1623 in
1424 1581 1428 1588 ·

224 1675 306 1732 uota
327 1667 518 1749 appellatur,
547 1672 666 1732 mutata
688 1673 744 1732 est.
789 1666 893 1750 [Nunc
915 1666 1009 1730 etiam
1031 1668 1061 1731 Α
1082 1673 1112 1730 et
1134 1668 1161 1731 B
1183 1666 1302 1731 intelle·

226 1774 368 1858 guntha]

313 1883 414 1948 Usum
437 1881 593 1962 codicum,
620 1888 656 1944 ut
677 1900 737 1962 par
758 1887 841 1959 erat,
870 1899 991 1946 omnem
1021 1880 1126 1945 rettuli
1148 1882 1190 1945 ad
1212 1881 1304 1945 unius

229 1989 347 2055 codicis
370 1987 531 2070 archetypi
558 1989 743 2068 scripturam
766 1988 998 2067 inveniendam,
1028 2006 1097 2052 cum
1125 1996 1304 2053 nostrorum
1412 2056 1415 2061 ,

228 2097 371 2162 codicum
393 2095 571 2161 testimonia
587 2096 617 2159 in
635 2114 673 2160 ea
690 2115 725 2159 re
742 2095 935 2176 exquirenda
950 2097 1158 2176 ponderarem
1174 2114 1212 2160 ea
1228 2095 1305 2175 lege,

228 2223 324 2286 quam
347 2222 455 2269 eorum
478 2203 565 2286 origo
582 2202 789 2283 coguatioque
806 2202 912 2266 dabat
957 2202 1133 2267 constituta
1149 2202 1230 2267 enim
1253 2221 1305 2267 oo·

229 2311 310 2376 dicis
332 2311 494 2392 archetypi
516 2311 686 2391 scriptura,
708 2316 763 2373 aut
784 2328 893 2374 verum
915 2311 1078 2375 tenebatur
1100 2316 1165 2388 aut,
1187 2310 1215 2374 si
1236 2329 1304 2375 cum

230 2419 291 2483 hac
312 2416 498 2482 auctoritate
519 2417 601 2481 ratio
622 2416 798 2497 pugnabat,
820 2416 862 2497 id,
884 2437 904 2481 a
925 2436 988 2499 quo
1010 2417 1111 2482 omnis
1133 2417 1198 2481 veri
1221 2418 1305 2482 inve-

232 2525 360 2607 stigatio
376 2522 531 2605 proficisci
547 2524 682 2589 deberet.
717 2524 875 2604 Quidquid
892 2531 997 2589 autem
1013 2525 1190 2606 apparebat
1204 2525 1235 2588 iu
1254 2543 1305 2589 oo-

232 2633 301 2698 dioe
317 2632 486 2713 archetypo
504 2649 565 2695 non
584 2630 689 2709 iniisse,
711 2631 745 2695 id
761 2638 816 2695 aut
831 2631 934 2695 mendi
951 2631 1018 2696 loco
1035 2632 1210 2696 habendum
1227 2650 1307 2711 esse,

233 2739 432 2822 perspicuum
466 2745 550 2816 erat,
583 2744 639 2802 aut
671 2739 866 2803 coniecturae
898 2745 1010 2820 postea
1042 2744 1194 2817 tentatae,
1227 2756 1308 2819 quae

234 2853 361 2928 poterat
382 2845 539 2910 interdum
562 2864 631 2910 esse
653 2847 901 2910 consideratione
923 2846 1026 2923 digna.
1066 2848 1168 2927 Atque
1189 2846 1306 2910 utinam

231 2954 292 3018 hoc
313 2953 481 3034 aliquando
497 2952 646 3033 philologi
668 2971 776 3018 omnes
793 2951 973 3034 intellegant
989 2961 1021 3017 et
1036 2959 1170 3017 teneant.
1213 2952 1308 3018 Libe·

235 3061 376 3125 rabimur
392 3061 472 3123 enim
490 3067 520 3125 et
532 3080 683 3143 perversa
699 3061 895 3142 quorundam
912 3060 1143 3140 superstitione,
1160 3079 1178 3124 a
1195 3060 1308 3141 quibus

235 3186 318 3231 uuus
340 3168 436 3232 codex
457 3168 663 3232 describendo
686 3167 921 3249 multiplicatus,
943 3168 1084 3249 quamvis
1107 3167 1211 3231 multis
1232 3167 1308 3232 locis

234 3294 307 3339 eum
328 3275 421 3339 etiam
443 3274 532 3338 inscii
554 3276 701 3340 deserere
722 3282 887 3356 cogantur,
910 3282 1012 3339 tamen
1035 3275 1106 3339 alibi
1129 3275 1309 3341 certissimis

236 3382 409 3446 rationibus
436 3381 627 3461 praefertur,
657 3391 688 3446 et
714 3383 800 3447 inani
826 3383 878 3447 illo
906 3382 1152 3447 coniecturarum
1179 3383 1250 3447 lusu
1272 3401 1309 3447 ex

235 3489 375 3571 apicibus
398 3489 488 3553 unius
510 3489 677 3554 alteriusve
699 3490 814 3555 codicis
836 3491 1000 3555 ductarum
1022 3490 1089 3555 sine
1110 3491 1173 3554 ulla
1191 3496 1309 3555 cetero·

236 3615 303 3661 rum
337 3605 393 3660 aut
427 3597 620 3676 cognationis
653 3616 737 3661 cura.
787 3599 898 3678 ltaque
929 3597 960 3661 iu
994 3597 1133 3662 codicum
1166 3597 1311 3662 dissensu

238 3705 399 3784 utriusque
416 3703 550 3769 familiae
569 3705 831 3785 comparationem
849 3703 916 3784 feci,
937 3723 1000 3769 non
1017 3704 1207 3785 singulorum
1226 3704 1310 3768 codi-

238 3829 321 3889 cum;
344 3811 544 3894 [quamquam
562 3813 592 3876 A
607 3818 639 3877 et
655 3812 746 3876 BErl.
768 3831 831 3876 non
854 3812 1075 3878 eiusdemmodi
1093 3811 1213 3875 vinculo
1236 3830 1310 3875 oon-

237 3916 415 4000 iunguntur,
438 3937 499 3999 quo
522 3937 630 3983 omnes
648 3918 843 4000 deteriores}
878 3919 1028 3999 Quotiens
1050 3927 1154 3982 autem
1172 3917 1311 3982 eius'dem

240 4024 375 4091 familiae
391 4026 512 4090 codices
526 4025 760 4102 dissentiebant,
777 4025 934 4107 exquisivi,
951 4026 1107 4106 quodnam
1124 4025 1156 4088 in
1172 4024 1231 4089 hac
1248 4025 1311 4089 dis-

240 4135 400 4213 crepantia
432 4131 661 4213 significaretur
687 4132 822 4197 familiae
850 4133 1073 4211 testimonium,
1107 4133 1252 4212 quoniam
1279 4130 1312 4196 id

242 4257 334 4320 saepe
356 4249 481 4319 postea,
508 4240 539 4304 in
562 4240 716 4305 deteriore
738 4240 868 4303 maxime
891 4238 1018 4318 familia,
1039 4240 1129 4304 novis
1151 4239 1312 4304 erroribus

240 4353 420 4427 corruptum
438 4352 514 4411 erat.
558 4348 594 4411 ld
612 4347 743 4411 inveniri
759 4352 886 4428 poterat
900 4349 1017 4428 partim
1032 4346 1162 4411 alterius
1178 4346 1312 4411 iamihae
