3030 5086
203 452 268 518 394
596 472 641 518 nn
663 470 794 519 sturnus
816 470 887 517 nou.

204 638 284 703 bono
302 644 555 721 segregaverunt,
578 657 648 704 cum
666 646 721 704 aut
736 640 928 720 voluptatem
947 647 1003 705 aut
1018 641 1205 706 vacuitatem
1223 641 1284 707 do·

202 739 279 805 loris
296 747 352 805 aut
367 742 470 821 prima
487 749 619 806 naturae
633 741 666 806 in
684 742 812 806 summis
827 741 917 807 bonis
933 750 1096 823 ponerent,
1113 745 1169 809 sed
1185 743 1283 810 etiam

202 843 310 908 alteris
326 842 437 922 tribus,
454 843 507 924 qui
524 861 664 908 mancam
680 840 749 908 fore
765 850 955 924 putaverunt
969 845 1036 910 sine
1052 845 1158 927 abque
1174 863 1283 914 acces-

203 945 292 1010 sione
320 944 468 1010 virtutem
494 944 540 1020 ob,
562 963 693 1026 eamque
715 964 781 1009 rent
803 944 898 1010 trium
921 965 1028 1011 earum
1052 966 1171 1026 rerum,
1201 964 1283 1029 quas
1370 1011 1377 1021 ,

163 1045 301 1127 bsupra
322 1046 394 1125 dixi,
416 1047 530 1128 singuli
552 1046 691 1129 singulas
713 1047 915 1128 addiderunt,
937 1048 988 1113 his
1011 1055 1114 1114 tamen
1136 1049 1283 1115 omnibus

202 1166 256 1214 eos
268 1157 433 1230 antepono,
450 1149 634 1213 cuicuimodi
652 1156 733 1229 sunt,
752 1151 804 1231 qui
823 1168 976 1221 summum
994 1150 1110 1215 bonum
1126 1150 1159 1215 in
1176 1152 1282 1216 animo

202 1258 297 1332 atque
318 1249 349 1314 in
368 1249 482 1316 virtute
498 1257 681 1332 posuerunt
725 1253 777 1318 31.
800 1252 863 1318 Sed
880 1259 954 1317 sunt
970 1259 1074 1317 tamen
1091 1252 1282 1333 perabsurdi

202 1360 233 1417 et
244 1352 276 1431 ii,
295 1352 348 1434 qui
364 1370 434 1416 cum
451 1352 580 1418 scicntia
592 1352 697 1418 vivere
713 1354 854 1418 ultimum
865 1354 1027 1432 bonorum,
1044 1359 1076 1418 et
1092 1355 1147 1437 qui
1163 1354 1281 1420 nullam

202 1473 307 1519 rerum
319 1454 524 1519 differentiam
537 1473 606 1520 esse
619 1454 771 1534 dixerunt,
788 1463 884 1537 atque
900 1456 947 1520 ita
964 1456 1135 1536 sapientem
1152 1455 1281 1522 beatum

144 1558 186 1626 to
202 1555 278 1635 fore,
292 1556 366 1621 nihil
379 1556 463 1620 aliud
474 1544 525 1622 alii
535 1562 693 1622 momento
704 1557 766 1620 ullo
779 1565 1028 1637 anteponentem,
1046 1558 1147 1639 etqui,
1162 1568 1199 1622 ut
1210 1556 1279 1639 qui·

201 1661 274 1724 dam
291 1659 470 1723 Academici
489 1658 688 1723 constituisse
703 1659 857 1737 dicuntur,
879 1665 1050 1724 extremum
1073 1659 1225 1725 bonorum
1247 1666 1280 1726 et

270 1902 292 1948 ².
312 1895 440 1945 rroturac
482 1901 503 1944 2.
523 1894 567 1944 ced
586 1895 655 1946 etiam
677 1923 704 1931 -·
725 1895 830 1945 virtutem
849 1896 947 1946 Nonius
966 1912 990 1960 p.
1011 1902 1051 1944 141
1091 1914 1200 1946 aruncum
1218 1897 1279 1946 cosin

190 1965 300 2030 seriola
335 1963 521 2015 concessione?
571 1972 593 2015 4.
612 1981 739 2028 eurumque
756 1982 834 2014 rerum
853 1966 896 2014 ΕΡ
945 1970 968 2015 b.
987 1963 1085 2029 cioquli'c
1104 1968 1161 2031 (pro
1179 1965 1279 2031 cinqulii

201 2049 287 2083 omnes
321 2032 416 2096 empulo
434 2032 478 2082 LO
501 2032 605 2096 (simpulo
623 2031 721 2097 otbyulir
740 2032 771 2095 O)
807 2032 836 2082 ti'a
855 2033 898 2083 LC
935 2039 957 2086 6.
980 2032 1045 2100 [onte
1060 2034 1130 2099 potui
1144 2033 1213 2084 modo
1232 2049 1278 2099 pro

200 2111 315 2165 antepono
338 2099 479 2151 cuicuimodi
495 2101 528 2165 A]
552 2100 656 2150 cuimodi
677 2110 733 2164 ipro
755 2101 903 2157 cuicuimodi)
923 2103 945 2151 ll
970 2101 1102 2151 cuiusmodi
1119 2103 1193 2152 LMR
1215 2101 1278 2152 eius·

199 2170 302 2220 modic
339 2174 360 2218 7.
379 2178 434 2219 runt
451 2185 500 2220 ont.
520 2170 571 2217 biti
607 2175 628 2220 8,
648 2169 674 2217 ln'
689 2169 757 2236 [Alb
792 2175 903 2219 summum
922 2170 1007 2221 bomss
1043 2175 1067 2219 9.
1077 2172 1137 2234 sore
1155 2169 1278 2220 beatum?

203 2243 240 2288 10.
259 2247 436 2303 ammonentem
454 2246 497 2287 oui
515 2238 611 2301 pucilam
631 2239 652 2286 Ε
670 2246 749 2302 ontep.
769 2247 795 2287 ut
812 2238 909 2302 quidam
929 2237 1098 2306 [Allu’ntcss

200 2462 249 2539 (ad
262 2462 341 2522 Gell.
352 2463 395 2533 ΙΙ,
409 2464 455 2535 3);
479 2462 568 2519 ceteri
591 2463 741 2519 cuiusmodi
745 2482 752 2532 3
776 2463 963 2520 emendatum
986 2473 1030 2521 est
1047 2482 1065 2520 a
1082 2463 1229 2521 Lambino
1246 2463 1277 2521 in

199 2549 278 2606 curis
300 2548 445 2618 secundis.
491 2546 576 2621 Quod
594 2547 749 2622 Zumptius
771 2547 809 2604 ad
831 2549 918 2606 Verr.
939 2549 977 2614 V,
999 2539 1056 2606 s07
1075 2548 1211 2606 dubitare
1234 2547 1279 2605 vi·

199 2634 300 2705 detur,
323 2652 360 2690 an
383 2651 526 2707 nusquam
550 2631 646 2707 ipsura
669 2635 829 2689 cuicuimodi
849 2633 879 2690 in
902 2632 1054 2690 codicibus
1077 2634 1206 2710 legatur,
1235 2633 1279 2690 ita

199 2719 245 2777 bie
267 2720 407 2794 scriptum
432 2717 528 2775 estin
552 2717 615 2774 cod.
641 2717 736 2774 Paris.
759 2718 1004 2777 Tusculanarum.

286 2805 335 2861 31.
360 2804 417 2861 Sed
437 2812 499 2860 suot
521 2803 622 2875 tomen)
645 2802 745 2861 Media
768 2822 827 2860 vox
850 2802 960 2861 excidit
984 2804 1014 2860 in
1038 2802 1174 2879 pluribus
1195 2802 1277 2861 eodi-

199 2888 282 2947 cibus
305 2888 514 2956 deterioribns,
539 2888 616 2961 apud
640 2888 716 2944 Dav.
741 2888 785 2945 El.
811 2886 930 2960 (ntroi).
955 2889 1062 2956 Mead,
1087 2887 1173 2958 CCC,
1198 2886 1275 2947 Ball.

198 2977 345 3045 (neutrum
370 2974 449 3033 Oxx.
472 2972 644 3048 appellant),
668 2973 726 3032 Ox.
737 2991 764 3048 χ.
812 2974 943 3033 Scientia
965 2974 1074 3031 bonurn
1099 2982 1162 3031 erat
1179 2971 1276 3041 Erilli,

199 3050 363 3135 ἀδιαφορία
386 3058 550 3136 Pyrrhonis
572 3068 602 3115 et
624 3058 790 3130 Aristonis3
813 3059 871 3116 vid.
894 3060 931 3116 ad
954 3061 995 3125 ΙΙ,
1019 3060 1070 3116 43.

284 3147 441 3218 etquidem
459 3143 616 3201 Academici
625 3175 666 3186 -
680 3144 818 3219 dicuntur)
837 3144 887 3203 Sic
905 3144 985 3216 dicit,
1004 3144 1082 3219 quod
1101 3144 1143 3201 illi
1162 3141 1275 3201 nullum

198 3246 342 3286 summurn
367 3230 474 3287 bonum
497 3237 578 3285 certa
600 3229 746 3286 sententia
768 3228 973 3287 defendebant.
1022 3221 1116 3294 Telos·
1132 3220 1207 3286 εἶναι
1223 3217 1276 3302 τὴν

199 3302 313 3388 ἐποχήν,
337 3314 503 3372 Arcesilam
521 3313 665 3384 docuisse,
690 3313 799 3374 Sextus
812 3314 923 3391 Empir.
941 3316 983 3372 ait
1002 3317 1153 3390 Hypotyp.
1166 3311 1273 3390 Pyrrh.

197 3398 227 3462 1.
252 3398 312 3455 232
336 3400 401 3472 (cfr.
430 3399 577 3459 Clemens.
607 3399 828 3457 Alex.'Strom.
851 3401 882 3458 ΙΙ
907 3420 934 3475 p.
957 3402 1014 3458 173
1040 3399 1146 3475 sylb).
1191 3397 1275 3472 Quae

197 3483 257 3541 sint
273 3484 337 3542 visa
354 3477 552 3559 (φαντασίαι),
570 3485 620 3559 qui
638 3504 775 3542 assensus
793 3478 1060 3561 (συγκαταθέσεις),
1078 3503 1154 3558 qnae
1172 3501 1274 3541 eorum

197 3571 372 3628 sustentatio
400 3581 430 3628 et
451 3570 577 3627 retentio
602 3555 729 3645 (ἐποχή),
759 3581 859 3629 notum
884 3570 931 3627 vel
954 3589 991 3626 ex
1014 3568 1202 3626 Academicis
1225 3567 1275 3627 ci·

196 3655 312 3713 caronis
329 3655 421 3714 libris.
457 3651 531 3735 [Sed
554 3655 584 3711 in
601 3654 734 3732 codicum
757 3657 949 3731 plurimorum
973 3665 1002 3712 et
1025 3654 1186 3712 editionum
1204 3661 1274 3710 ante

197 3738 305 3798 Gaium
328 3741 474 3816 scriptura
496 3743 715 3816 (orrteponentem,
739 3753 768 3797 ut
790 3743 1053 3816 qm'damlprorsns
1073 3739 1178 3797 vitiose
1201 3738 1274 3796 haec

196 3825 441 3883 Academicorum
471 3825 653 3900 quorundam
683 3828 830 3883 sententia
857 3826 1026 3900 adiungitur
1048 3834 1197 3900 tamquam
1220 3843 1272 3882 ex·

196 3911 324 3987 emplum
348 3931 448 3969 eorum
472 3910 644 3977 sententiae,
668 3911 718 3985 qui
731 3902 912 3985 ἀδιαφορίαν
925 3910 1132 3984 sequebantur.
1167 3911 1273 3984 Itaque

195 3998 337 4056 hactenus
359 4007 439 4054 recte
462 4015 477 4053 e
501 3995 583 4052 codd.
604 3995 664 4052 Erl.
682 4006 711 4052 et
724 3995 801 4070 Spir.
814 3990 869 4074 [A]
892 3995 1037 4070 scriptura
1049 3995 1143 4054 Gzius
1160 3994 1273 4052 effecit:

195 4094 251 4152 σαι,
274 4093 317 4151 ut,
345 4102 403 4157 quo
426 4083 472 4152 fit,
495 4091 528 4138 ut
551 4081 623 4137 haec
646 4091 793 4155 tamquam
818 4079 913 4137 forma
936 4099 994 4136 nou
1017 4081 1060 4137 ita
1081 4081 1199 4138 diversa
1221 4080 1273 4138 ad·

194 4169 334 4244 iungatur
351 4167 424 4225 illis:
447 4177 471 4225 et
490 4169 539 4241 qui
554 4168 654 4223 turrilum
672 4174 727 4226 cet.
751 4164 858 4237 (Gzius
875 4165 938 4240 ipse
956 4166 1032 4222 male
1050 4170 1189 4239 enarrat.)
1213 4165 1272 4223 Sed

194 4263 293 4310 tamen
310 4265 358 4310 out
373 4272 427 4327 pro
444 4263 474 4309 ut
491 4270 578 4327 saepe
596 4251 735 4308 mendose
753 4250 891 4308 scribitur
908 4251 979 4322 (vid.
994 4251 1048 4308 boc
1065 4251 1142 4308 libro
1156 4251 1206 4316 49,
1220 4253 1271 4321 51,

195 4336 246 4397 lib.
266 4339 289 4407 I,
304 4340 332 4408 7,
346 4339 396 4407 47,
410 4339 459 4407 72,
483 4337 545 4411 al),
569 4346 598 4394 et
621 4336 718 4411 aptius
740 4336 813 4392 baec
837 4335 924 4393 tertia
946 4336 1092 4392 sententia
1115 4355 1152 4393 ex
1175 4353 1271 4411 aequo

194 4423 309 4481 duabus
331 4423 532 4499 superioribus
550 4422 773 4498 adiungeretur3
796 4420 825 4478 id
843 4422 902 4490 det,
926 4421 950 4479 si
968 4420 1043 4478 hanc
1062 4420 1153 4479 fnisse
1170 4439 1270 4478 veram
