3030 5086
663 392 860 442 ernustum.
1181 377 1309 471 XXVII,

215 578 293 622 cero
321 559 355 622 ia
383 560 442 640 iis).
490 561 654 628 Postremo
682 563 804 628 accedit
836 562 936 627 omnis
970 540 1088 644 reliqua
1115 565 1304 645 conspiratio

217 685 295 732 cnm
318 668 350 732 in
373 669 526 734 scribendi
549 671 717 748 erroribus,
741 671 827 736 velut
847 672 933 752 (nam
956 689 993 735 ex
1015 671 1128 751 exigua
1150 672 1304 752 particula

218 773 298 840 libri
325 776 453 841 secundi
475 777 616 857 exempla
637 781 767 860 ponam)
791 781 808 843 t
827 781 960 858 procat,
990 779 1010 843 9
1033 797 1102 841 cam
1123 799 1186 843 aaa
1207 778 1305 843 dolere

220 889 258 947 et
274 889 387 963 posset,
412 883 670 962 indissimiliter,
695 887 732 950 11
751 905 864 966 prope,
889 885 930 950 14
950 884 984 948 ia
1005 884 1126 963 animo,
1150 887 1191 952 16
1213 885 1303 965 dicat,

221 997 294 1055 tum
327 991 458 1057 maxime
490 991 520 1056 in
548 991 669 1057 infinita
697 994 834 1074 quadam
863 992 1118 1075 interpolatione,
1152 1012 1222 1058 cum
1248 1002 1305 1060 aut

223 1116 319 1164 voces
341 1099 476 1164 librariis
498 1108 666 1165 consuetae
687 1120 745 1182 pro
768 1101 870 1169 minus
893 1100 975 1165 tritis
998 1099 1231 1166 substituuntur
1248 1102 1304 1182 (15

215 1204 406 1288 pneumata
424 1225 482 1288 pro
495 1208 681 1290 percrepare)
694 1209 762 1287 aut,
785 1214 945 1273 structura
962 1207 1114 1273 orationis
1138 1215 1169 1273 et
1189 1208 1221 1273 ni
1242 1228 1304 1274 nou

223 1327 408 1394 perspecta,
431 1314 529 1379 verba
550 1322 710 1380 mutantur
732 1316 767 1398 (5
789 1314 876 1379 odim
897 1314 1022 1396 definire
1043 1334 1102 1397 pro
1124 1314 1212 1378 veiim
1232 1315 1304 1396 defi·

223 1419 307 1496 aias,
332 1422 370 1486 18
392 1420 484 1499 docet,
505 1421 570 1486 malt
589 1460 616 1468 -
632 1422 773 1506 danaen
794 1442 852 1505 pro
874 1422 976 1487 docere
996 1422 1069 1501 cult,
1082 1461 1124 1470 -
1142 1423 1304 1506 disoapoit,

223 1526 271 1593 30
282 1526 326 1590 ool
340 1526 478 1607 ‹ii-cidere,
495 1530 620 1596 sublata
631 1530 741 1614 figura,
752 1550 811 1612 pro
828 1532 854 1595 n'
870 1531 1023 1613 dividere),
1040 1533 1198 1597 interdum
1210 1532 1304 1597 etiam

230 1646 365 1717 propter
386 1647 521 1703 veterem
544 1638 698 1705 scribendi
720 1640 873 1705 rationem
897 1658 958 1703 non
981 1640 1167 1705 intellectam
1189 1639 1245 1720 (17
1267 1639 1307 1703 sit

224 1764 285 1826 pro
308 1746 378 1822 siet,
402 1748 485 1825 quod
508 1747 604 1810 arram
619 1746 787 1825 singularis
807 1747 927 1811 numeri
945 1765 1015 1812 esse
1031 1747 1226 1829 putabatur),
1248 1754 1305 1812 aut
1382 1728 1385 1739 ’

223 1871 329 1935 prava
345 1854 539 1918 correctione
560 1854 754 1919 occultantur
772 1856 894 1932 menda,
916 1854 1032 1936 partim
1050 1871 1131 1935 quae
1149 1854 1181 1918 in
1199 1856 1305 1919 codice

224 1959 399 2042 archetypo
433 1968 524 2025 erant
555 1970 588 2026 et
618 1962 651 2026 in
680 1963 858 2027 melioribus
886 1962 1044 2027 codicibus
1072 1968 1199 2026 servata
1232 1971 1306 2026 sunt

226 2073 263 2149 (6
286 2069 375 2151 quasi
397 2068 465 2150 puis
486 2087 544 2150 pro
567 2070 636 2151 qais
657 2071 747 2151 prensi
769 2089 806 2135 eu
828 2069 896 2152 qais
918 2089 1038 2151 qomeso,
1061 2071 1080 2134 8
1101 2068 1224 2132 iniereat
1245 2088 1304 2150 pro

225 2175 366 2240 hiaretur
388 2196 424 2243 ex
446 2174 604 2254 hilaretur,
629 2179 668 2242 16
691 2177 811 2259 quidem
832 2196 891 2259 pro
913 2176 992 2240 idem
1014 2196 1051 2243 ex
1072 2177 1165 2257 item),
1190 2177 1304 2259 partim

226 2284 364 2365 quaein
387 2285 499 2349 horum
521 2285 662 2350 codicum
683 2285 825 2366 principe
849 2292 924 2349 nata
946 2291 1036 2349 erant
1058 2285 1112 2366 (ll,
1136 2285 1177 2349 26
1200 2293 1232 2349 et
1252 2286 1304 2364 30,

228 2391 295 2470 ubi,
323 2410 416 2473 quam
438 2394 587 2458 audacter
610 2393 714 2457 omnia
736 2411 828 2457 versa
851 2394 928 2471 sint,
956 2410 1025 2456 cum
1048 2394 1143 2459 semel
1166 2401 1304 2458 erratum

226 2506 328 2577 essct,
350 2500 507 2584 declaravi
529 2500 560 2564 in
583 2501 689 2581 notis).
735 2503 838 2581 Atque
860 2500 954 2566 etiam
976 2518 1084 2565 eorum
1107 2498 1303 2565 additamen-

228 2616 347 2684 torum,
370 2625 451 2688 quae
471 2606 558 2671 initio
580 2607 687 2688 posui,
709 2608 770 2672 alia
792 2608 945 2673 eiusmodi
967 2616 1054 2687 sunt,
1082 2615 1118 2672 ut
1138 2609 1181 2672 ad
1202 2608 1305 2688 ipsam

228 2715 345 2780 codicis
363 2715 524 2796 archetypi
541 2715 729 2797 scripturam
747 2716 846 2781 verba
862 2716 985 2781 adiecta
1002 2735 1072 2781 csse
1088 2722 1203 2797 pateat,
1221 2715 1306 2779 velut

228 2823 269 2901 II,
294 2824 343 2902 12,
368 2824 406 2886 lt
428 2822 495 2902 (ubi
515 2822 612 2886 dicere
633 2824 773 2889 additum
796 2832 845 2889 est
867 2825 1010 2890 oratione
1032 2824 1112 2889 male
1135 2822 1307 2902 districta),

232 2931 281 3006 19,
304 2930 366 2993 alia
388 2931 547 3007 eiusmodi,
572 2938 606 2995 nt
629 2938 694 2995 tum
717 2932 840 2996 demum
864 2932 950 2997 nasci
972 2930 1139 3013 potuerint,
1162 2948 1230 2994 cum
1253 2947 1305 2993 co·

230 3038 306 3101 dicis
329 3037 491 3119 archetypi
514 3039 680 3119 scriptura,
703 3040 836 3119 quaein
860 3040 1038 3104 melioribus
1062 3046 1214 3118 superest,
1237 3055 1305 3101 cor·

229 3152 324 3225 rupta
346 3151 443 3224 essct,
473 3152 508 3209 ut
535 3165 604 3210 cum
627 3147 673 3224 ΙΙ,
695 3148 738 3210 44
760 3166 818 3227 pro
840 3147 901 3211 nisi
922 3147 1071 3226 scriptum
1094 3149 1179 3210 esset
1200 3141 1250 3206 abi
1272 3144 1306 3218 si,

229 3251 301 3316 hinc
324 3262 397 3316 nata
419 3258 468 3317 est
489 3254 654 3333 apodosis:
677 3258 765 3316 taam
786 3259 830 3318 est
851 3259 887 3317 at
907 3272 1056 3335 coeperas.

313 3361 383 3424 ttae
401 3367 475 3423 sunt
490 3361 585 3441 igitur
602 3362 684 3426 duae
701 3362 841 3426 codicum
859 3360 1003 3438 familiae,
1026 3361 1107 3424 inter
1125 3379 1205 3441 quas
1227 3378 1306 3439 pau·

229 3485 282 3532 cos
300 3468 453 3548 quosdam
470 3469 592 3533 codices
609 3469 654 3534 ita
667 3469 845 3534 interiectos
858 3488 928 3534 esse
944 3468 1037 3550 paulo
1049 3475 1123 3549 post
1134 3467 1306 3543 ostendam,

230 3587 265 3638 ut
287 3582 390 3639 tamen
414 3575 510 3640 multo
533 3577 663 3657 propius
681 3578 721 3640 ad
739 3577 912 3668 deteriores
930 3577 1088 3641 accedant
1123 3575 1158 3638 ln
1178 3573 1307 3637 meliore

158 3707 162 3713 ·
230 3681 370 3747 codicum
398 3681 515 3748 familia
537 3693 612 3749 sunt
632 3684 795 3749 Palatinus
822 3686 956 3766 primns,
992 3681 1209 3762 Ertangensis,
1238 3681 1306 3760 Spi-

231 3791 346 3867 rensiS,
370 3791 556 3874 [Vaticanus
578 3793 671 3870 alter,
694 3792 751 3876 B,]
775 3793 817 3871 is,
847 3791 952 3874 quiin
975 3790 1115 3869 margine
1138 3787 1306 3853 Cratandri

231 3899 417 3979 appelletur,
440 3899 642 3977 llorelianus,
667 3900 885 3984 Scaligeranus
905 3899 951 3981 (in
974 3917 1035 3979 quo
1058 3904 1162 3961 tamen
1185 3894 1308 3975 quasit

231 4006 374 4071 cautione
396 4009 560 4084 utendum,
584 4009 647 4073 dixi
670 4010 688 4092 ξ
709 4011 722 4073 1
744 4010 801 4090 D),
824 4007 1043 4072 Gronovianus
1066 4002 1174 4086 patrie.
1189 4004 1216 4081 ι)
1259 4001 1307 4064 De

261 4263 282 4322 ¹)
302 4262 360 4312 Olor.
381 4264 500 4315 thanlus
520 4270 545 4316 tn
566 4267 676 4328 epistula
696 4264 805 4327 quadarn
825 4264 856 4313 nd
873 4263 1033 4325 scaligerum
1045 4261 1197 4320 (Burmanni
1214 4256 1307 4319 Syllog.

300 4348 372 4397 Torn.
384 4347 403 4398 ll
423 4349 506 4412 pact
527 4356 551 4400 et
569 4349 631 4414 308)
651 4363 680 4399 ex
699 4350 777 4398 holus
797 4351 899 4412 generis
918 4348 1007 4398 codice
1027 4344 1151 4395 nonnulla
1171 4342 1273 4406 profert.
