3030 5086
274 472 337 538 278
664 491 709 537 nn
731 490 862 538 smmus
885 491 955 536 non.

270 657 322 723 tiis
344 656 451 722 fideles
475 658 557 721 etin
582 657 662 721 omni
685 657 750 721 vita
770 663 950 723 constantes
972 665 1004 723 et
1025 676 1138 739 graves
1162 675 1218 721 uec
1236 656 1347 737 volup·

270 765 344 832 tate,
368 759 424 823 sed
447 755 547 822 officio
570 758 698 822 consilia
720 759 928 837 moderantes,
951 760 1010 824 hoc
1032 760 1156 823 videtur
1177 757 1278 822 maior
1300 757 1348 822 vis

271 859 445 924 honestatis
467 866 499 924 et
521 859 622 922 minor
644 860 822 940 voluptatis.
856 862 907 924 Ita
928 860 1008 926 enirn
1026 860 1136 924 vivunt
1156 860 1292 941 quidam,
1313 867 1349 924 ut

178 1040 182 1050 1
271 979 379 1025 eorum
402 961 466 1025 vita
488 958 648 1025 refellatur
671 961 782 1025 oratio.
816 964 919 1042 Atque
941 969 977 1026 ut
998 962 1092 1026 ceteri
1115 962 1219 1025 dicere
1243 960 1348 1026 existi·

232 1063 395 1128 bmantur
423 1061 531 1127 melius
559 1081 652 1143 quam
680 1062 795 1141 facere,
829 1063 874 1127 sic
906 1062 938 1127 hi
971 1063 1044 1127 mihi
1073 1063 1217 1128 videntur
1244 1061 1348 1127 facere

270 1163 380 1229 melius
402 1182 495 1244 quam
518 1163 629 1229 dicere.

356 1251 468 1329 XXVI]
493 1266 543 1329 82.
566 1265 627 1329 Sed
650 1265 727 1330 haec
750 1266 826 1330 nihil
848 1283 924 1330 sane
947 1266 987 1330 ad
1003 1284 1083 1343 rem;
1107 1266 1159 1329 illa
1176 1265 1347 1342 videamus,

270 1385 350 1447 quae
378 1387 398 1430 a
425 1374 456 1431 te
484 1367 524 1430 de
551 1367 687 1431 amicitia
715 1367 797 1431 dicta
828 1377 908 1431 sunt
953 1367 979 1430 E
1007 1367 1120 1448 quibus
1149 1385 1244 1430 unum
1272 1365 1348 1430 mihi

269 1468 398 1532 videbar
425 1467 466 1531 ab
494 1467 562 1548 ipso
591 1469 726 1548 Epicuro
754 1469 870 1532 dictum
899 1486 1099 1549 cognoscere,
1134 1467 1301 1532 amicitiam
1328 1486 1348 1531 a

212 1571 254 1636 10
269 1568 433 1650 voluptate
454 1586 516 1632 non
540 1587 633 1650 posse
655 1569 757 1635 divelli
781 1571 820 1634 ob
842 1587 972 1649 eamque
995 1589 1060 1635 reru
1083 1569 1244 1635 colendam
1267 1587 1347 1643 esse

270 1663 363 1750 quod
387 1688 454 1732 cain
477 1671 544 1734 sine
566 1689 603 1735 ea
620 1677 687 1735 tuto
708 1680 739 1735 et
761 1671 827 1736 sine
844 1679 928 1737 metu
945 1671 1007 1735 vivi
1024 1690 1086 1735 non
1103 1677 1220 1752 posset,
1243 1689 1282 1734 ne
1299 1670 1346 1735 iu·
1412 1741 1417 1747 ,

342 1861 362 1907 l.
382 1865 403 1904 et
421 1874 467 1904 non
485 1859 541 1920 (pro
560 1857 652 1919 necle
706 1863 727 1906 2.
747 1875 773 1906 ee
792 1858 909 1922 officioE
945 1857 1003 1906 laec
1023 1857 1065 1907 Lc
1125 1863 1140 1905 8
1171 1856 1273 1923 [quidem
1292 1855 1345 1922 N]

270 1930 285 1971 4
313 1923 379 1975 αἰεί.
399 1923 476 1974 dicere
496 1924 615 1988 (PlMCR
651 1931 672 1975 5.
692 1926 799 1975 videntur
816 1926 897 1975 inclina
906 1927 996 1990 jacere
1015 1926 1060 1975 Lll
1095 1930 1118 1976 8,
1139 1925 1183 1992 [od
1199 1935 1221 1974 tc
1239 1924 1268 1974 dc
1286 1924 1346 1974 ami·

269 1991 334 2041 cicius
354 1993 385 2058 Α]
441 1998 463 2041 9.
490 1991 625 2058 [uidebatur
642 1991 695 2060 A']
757 2000 791 2046 ll.
816 1993 879 2058 quod
895 1994 945 2043 sine
964 2009 1064 2054 omncs,
1084 1992 1127 2044 Or.
1164 2011 1208 2042 non
1229 1993 1346 2058 poast'tL

269 2077 311 2109 nec
328 2060 427 2111 iucunde
445 2076 540 2120 omnes,
561 2060 605 2111 Or.

354 2218 442 2273 dicere
469 2219 669 2290 aestimantur)
699 2217 748 2274 Sic
777 2218 865 2274 etiam
895 2217 972 2293 Spir.
1001 2214 1069 2298 [B],
1100 2218 1183 2288 Bas,
1213 2217 1293 2276 Gud.
1320 2221 1345 2273 1.

268 2301 349 2357 Ante
373 2299 480 2358 Gaium
503 2301 713 2360 invertebatur.
1204 2324 1205 2329 ¹

354 2385 428 2460 Cap.
452 2388 577 2457 xxvl,
602 2389 652 2447 82.
697 2386 864 2460 cognoscere)
888 2387 1034 2447 Fuerunt.
1062 2388 1113 2461 qui
1135 2405 1278 2465 agnoscere
1300 2405 1346 2443 re·

268 2470 427 2544 quirerent‚
452 2482 554 2529 contra
576 2491 650 2546 qnos
673 2472 835 2547 disputavit
859 2473 1009 2540 Bremius,
1033 2473 1128 2529 citans
1151 2492 1196 2548 ep.
1220 2472 1257 2528 ad
1280 2473 1345 2529 Ait.

268 2555 342 2624 ΧΙΙ,
368 2557 423 2626 22,
451 2559 464 2612 1
490 2573 519 2613 et
541 2558 628 2627 xlv„
656 2558 707 2624 19,
732 2561 749 2613 4
774 2568 900 2631 atquae
923 2558 981 2613 iam
1005 2558 1121 2614 Nonius
1143 2557 1243 2633 posuit
1264 2557 1294 2612 in
1318 2576 1345 2613 v.

267 2659 423 2714 cognoscere
445 2661 472 2716 p.
486 2642 555 2699 276.
601 2643 679 2699 Add.
703 2643 788 2698 Verr.
812 2643 835 2700 Ι.
861 2643 910 2709 59,
935 2643 1051 2717 Zumpt.
1074 2643 1110 2698 ad
1135 2644 1173 2710 V.,
1199 2642 1247 2698 72.

354 2728 442 2799 quoti,
470 2746 530 2783 cum
557 2731 613 2784 sine
640 2748 671 2783 eo
694 2732 762 2800 cet.)
788 2727 885 2803 Vulgo
909 2727 950 2784 sic
973 2728 1171 2784 scribebatur:
1194 2728 1269 2801 quod
1289 2728 1346 2783 cine

267 2828 300 2866 ec
323 2820 377 2866 tuto
405 2822 429 2868 ct
456 2814 511 2868 sine
534 2822 604 2869 meta
626 2816 679 2868 ut'oi
700 2832 749 2868 non
768 2823 875 2886 posset,
904 2832 949 2869 nec
976 2814 1091 2869 iucunde
1118 2813 1225 2887 quidem
1244 2821 1345 2887 posset.

267 2894 439 2952 Haerebant
467 2896 557 2971 igitur
585 2897 648 2954 iure
676 2897 704 2953 in
735 2897 875 2954 extremis
903 2908 1042 2971 quattuor
1065 2898 1178 2967 verbis,
1209 2896 1288 2971 quod
1316 2905 1346 2953 et

266 2979 442 3037 insolentem
472 2981 614 3038 haberent
641 2982 839 3039 adiunctionis
861 2981 985 3038 formam
1016 2984 1081 3057 (pro
1104 3002 1154 3053 eo,
1183 2981 1263 3056 quod
1285 2990 1345 3039 est:

266 3083 300 3121 oc
322 3085 354 3122 ne
376 3069 426 3122 iuc.
449 3068 565 3140 quidem,
588 3067 644 3124 etsi
667 3067 722 3123 hoc
746 3080 863 3142 praeter
879 3067 981 3124 Lamb.
1005 3079 1034 3124 et
1053 3068 1123 3125 Ern.
1147 3077 1177 3124 et
1193 3067 1345 3124 Bromium

267 3167 336 3206 num
350 3160 463 3207 ceteros
477 3152 610 3219 moverit,
628 3152 739 3223 nescio)
755 3163 783 3208 et
801 3153 1029 3228 ingratissimam
1041 3152 1247 3228 repetitionem
1260 3150 1346 3208 verbi

263 3244 369 3310 posset„
402 3236 480 3308 quod
514 3237 640 3310 denique
668 3238 842 3293 sententiam
873 3257 1008 3311 prevem3
1042 3238 1084 3294 sic
1118 3238 1194 3294 enirn
1229 3237 1259 3293 iu
1292 3235 1346 3293 illa

267 3319 412 3393 scriptura
435 3320 541 3376 dicitur
564 3342 595 3378 ne
614 3354 651 3364 -
673 3325 787 3396 quidem.
811 3332 961 3396 tamquam
986 3322 1081 3379 minus
1104 3323 1142 3380 sit
1165 3323 1278 3379 iucunde
1301 3324 1346 3393 (oc

266 3407 433 3461 uerecunde
455 3407 588 3480 quidem),
617 3407 694 3480 quod
722 3408 751 3464 in
776 3408 921 3483 Epicurea
944 3408 1100 3483 disciplina
1122 3425 1267 3465 summum
1291 3415 1345 3464 est

266 3488 372 3562 Itaque
405 3501 472 3565 post
500 3491 655 3548 Davisium
684 3490 783 3568 plnres
811 3494 903 3549 secuti
937 3504 1005 3549 sunt
1037 3494 1154 3550 codices
1187 3492 1345 3550 nonnullos

266 3570 346 3651 ([Β]
370 3574 438 3631 Par.
463 3576 480 3632 2
504 3576 590 3644 Dan,
615 3571 669 3644 Εξ,
694 3576 773 3634 Gud.
797 3577 830 3633 2.
854 3576 951 3650 Bos),
975 3577 1004 3633 in
1028 3578 1135 3651 quibus
1158 3579 1230 3634 haec
1253 3577 1345 3634 verba

266 3677 336 3716 casn
360 3659 541 3728 exciderunt,
565 3662 678 3718 librarii
702 3662 787 3718 oculo
807 3681 824 3717 o
842 3662 939 3736 priore
958 3673 1050 3736 posset
1067 3663 1104 3718 ed
1121 3662 1245 3718 alterurn
1264 3670 1344 3718 tren·

267 3744 391 3801 siliente.
442 3739 496 3818 (Εξ
525 3757 613 3821 potest
647 3766 699 3822 pro
731 3751 842 3821 posset.)
893 3747 995 3822 Nuper
1028 3758 1125 3804 autom
1160 3745 1344 3803 Dietrichius

267 3829 450 3902 (Quaestion.
484 3850 607 3906 gramm.
641 3845 670 3888 et
704 3832 768 3888 crit.
797 3852 824 3907 p.
850 3833 889 3888 70
912 3836 990 3906 sqq.)
1018 3833 1061 3888 ita
1090 3832 1164 3889 tueri
1192 3832 1344 3908 vulgatam

266 3914 440 3988 scripturam
464 3926 586 3973 conatus
610 3927 669 3984 est,
695 3926 727 3972 ut
749 3917 966 3974 conclusionem
990 3917 1085 3974 inesse
1109 3919 1228 3974 doceret
1250 3927 1279 3973 et
1301 3916 1344 3973 sic

266 3997 318 4055 illa
341 3999 432 4055 verbe
453 4000 710 4076 interpretaretur:
739 4012 763 4058 et
791 4006 829 4057 ito
857 4023 889 4058 ne
915 4005 1028 4059 r'ocrtnde
1055 4005 1162 4076 qm'clem
1191 4003 1260 4073 (eisd
1285 4003 1344 4058 also

266 4085 334 4141 arcclr
358 4086 450 4158 nicht).
496 4087 606 4142 Verum
630 4105 725 4160 neque
748 4087 844 4143 omitti
868 4087 1013 4160 particula
1035 4088 1231 4144 conclusionis
1253 4087 1344 4144 index

265 4177 396 4244 poterat,
426 4188 522 4243 neque
550 4191 687 4245 nmquam
718 4192 749 4228 ne
771 4205 811 4213 —
835 4174 941 4246 qm'rlem
969 4173 999 4228 in
1028 4173 1216 4229 conclusione
1239 4171 1344 4228 adiun-

265 4253 343 4328 gitur
366 4256 581 4329 snperioribua
611 4257 662 4313 sed
684 4267 735 4313 aut
758 4258 787 4314 in
811 4258 933 4333 spodosi
958 4258 1076 4332 ponitur
1103 4267 1154 4314 aut
1184 4256 1343 4333 seperatim

266 4341 316 4411 (ita
337 4359 369 4395 nc
391 4342 459 4397 illud
481 4344 614 4415 qnt'dem);
644 4360 713 4412 nec,
743 4343 857 4399 etiamsi
887 4343 943 4398 dici
972 4363 1017 4400 nec
1042 4376 1079 4385 -
1104 4345 1212 4418 qto'tiem
1236 4362 1288 4418 pro
1311 4361 1344 4400 ac

265 4443 297 4479 nc
328 4456 365 4465 —
395 4427 502 4498 qreidem
536 4427 565 4482 in
598 4446 692 4484 novae
726 4428 840 4503 periodi
874 4428 957 4484 initio
991 4429 1099 4503 possit,
1134 4429 1212 4502 quod
1246 4428 1342 4504 ipsum
