3030 5086
253 450 317 515 728
643 470 688 515 nn
711 469 842 516 uramus
864 469 938 515 nou.

256 637 394 722 [utentes
411 637 584 720 tamquam]
597 638 676 703 duae
693 645 819 718 natura;
841 656 903 703 non
919 637 1050 720 perfecti
1066 645 1170 704 autem
1187 636 1336 703 homines

253 749 286 806 et
319 748 423 805 tamen
455 739 588 821 ingeniis
621 740 839 806 excellentibus
870 740 1005 822 praediti
1032 740 1208 806 excitantur
1233 757 1336 822 saepe

253 841 369 926 gloria,
407 860 488 924 quae
525 843 621 908 habet
653 842 787 924 speciem
819 842 992 908 honestatis
1024 850 1057 908 et
1088 842 1333 908 similitudinem.

255 946 347 1025 Quod
370 944 401 1009 -si
428 945 528 1025 ipsam
553 944 747 1010 honestatem
769 945 907 1026 undique
929 944 1098 1027 perfectam
1119 955 1214 1026 atque
1235 945 1333 1010 abso·

214 1048 358 1126 blatam,
381 1066 447 1111 rem
468 1065 563 1111 unam
585 1047 866 1130 praeclarissimam
889 1047 1024 1112 omnium
1046 1047 1241 1129 maximeque
1261 1047 1333 1111 lau·

254 1151 405 1226 dandam,
439 1149 564 1230 penitus
591 1151 747 1229 uiderent,
780 1169 916 1232 quonam
949 1149 1063 1232 gaudio
1091 1149 1334 1230 complerentur,

252 1270 323 1316 cum
350 1258 439 1315 tanto
467 1269 562 1332 opere
589 1251 656 1316 eius
683 1252 868 1318 adumbrata
890 1252 1036 1333 opinione
1057 1251 1233 1317 laetentur?
1280 1250 1334 1316 70.

254 1355 353 1434 Quem
376 1353 456 1418 enim
479 1353 618 1419 deditum
640 1353 862 1434 uoluptatibus,
884 1372 976 1436 quem
998 1353 1200 1435 cupiditatum
1223 1354 1335 1418 incen-

256 1455 316 1520 diis
343 1453 566 1520 inflammatum
593 1456 623 1520 in
651 1455 690 1519 iis
712 1455 881 1536 potiendis,
909 1474 989 1538 quae
1011 1455 1161 1520 acerrime
1181 1454 1335 1535 concupi-

224 1719 229 1727 ·
325 1664 345 1707 1.
364 1668 484 1722 tamquam
504 1668 597 1724 trausp.
617 1669 675 1724 post
693 1668 781 1708 natura
799 1660 834 1719 133
857 1661 911 1709 aine
930 1661 1000 1710 uncis
1019 1660 1062 1711 Or.
1114 1663 1135 1709 ἓ.
1153 1676 1194 1722 ape
1209 1657 1335 1722 picria?

252 1745 295 1792 cpe
311 1727 403 1792 pieriae
422 1728 540 1789 ngfflt
576 1733 598 1775 3.
609 1730 718 1791 sormam
735 1728 864 1777 innatatis
884 1729 1017 1779 LPCllOr.
1054 1735 1075 1775 t.
1095 1736 1117 1777 et
1134 1726 1268 1776 obolatam
1288 1725 1336 1777 Lc

203 1847 206 1853 ,
254 1801 277 1844 8.
297 1814 341 1860 que
359 1797 459 1846 enimE
478 1814 543 1860 quem
563 1807 620 1845 autc
638 1796 790 1858 cupiditatum
809 1798 958 1849 amiects
994 1802 1015 1846 9.
1035 1797 1212 1861 inflammatull
1238 1795 1276 1845 tta
1287 1795 1336 1845 Lc

253 1865 374 1930 capiendis
393 1867 414 1914 ll
449 1865 601 1930 comtput'atct
619 1866 686 1916 PCR

253 2038 336 2095 cuius
359 2038 572 2096 dubitationem
591 2040 664 2096 adeo
684 2057 822 2114 perverse
834 2038 928 2098 Gzius
946 2038 1049 2096 tollere
1066 2038 1187 2104 studuit,
1211 2048 1339 2112 atquae

253 2142 414 2199 pronomen
438 2144 456 2180 a
478 2135 547 2181 recte
562 2127 649 2201 pactis
671 2125 707 2181 ad
731 2135 841 2181 esterna
863 2124 1060 2196 transferret.)
1094 2123 1208 2180 Deinde
1227 2141 1337 2180 omnes

252 2208 368 2265 codices
391 2209 459 2284 (etsi
483 2208 590 2267 Gaiani
613 2210 667 2266 soli
690 2211 892 2278 nominantur;
915 2229 952 2266 ex
975 2208 1054 2268 Oxx.
1077 2209 1233 2266 verborum
1257 2209 1337 2265 ordo

252 2293 315 2351 fere
339 2313 481 2369 nusquam
506 2293 677 2372 annotatur)
700 2294 803 2374 [etiam
823 2293 862 2373 B]
886 2306 914 2352 st
932 2295 1076 2352 editiones
1096 2309 1208 2351 veteres
1226 2293 1335 2366 (crat,

255 2380 360 2454 Vict.):
395 2391 495 2437 utentes
522 2392 684 2455 separantem
718 2381 747 2437 iu
777 2376 820 2451 Εξ
846 2400 901 2457 pro
928 2391 1028 2438 utarrtes
1056 2390 1203 2437 corrector
1230 2380 1338 2455 posuit

253 2475 360 2522 veteres.
396 2466 524 2523 Mutavit
547 2467 677 2523 ordinem
691 2468 853 2535 Manutius,
877 2477 936 2524 tum
961 2467 1065 2533 ceteri3
1089 2485 1143 2523 nec
1165 2483 1235 2523 sane
1258 2464 1337 2523 ferri

254 2550 329 2607 alter
351 2550 401 2608 ille
425 2562 531 2627 potest.
570 2553 721 2627 Tamquam
743 2553 772 2609 in
796 2549 839 2622 Εξ
861 2561 890 2608 et
912 2552 941 2608 in
963 2552 1029 2610 Bas.
1055 2562 1085 2608 et
1102 2551 1219 2610 Monac.
1243 2552 1337 2609 omit·

254 2636 340 2705 titum
365 2637 393 2693 in
407 2637 467 2693 unt.
491 2638 643 2713 transponi
667 2637 760 2697 Gaius
783 2657 840 2695 non
865 2637 988 2704 notavit,
1012 2649 1044 2694 ut
1066 2637 1209 2710 suspicari
1231 2636 1336 2705 liceat,

253 2722 340 2779 etiam
365 2722 393 2778 in
419 2721 497 2797 Spin.
523 2724 732 2799 transpositum
757 2724 787 2781 id
809 2723 909 2790 fuisse,
933 2722 978 2801 [ut
1002 2734 1048 2780 est
1070 2722 1098 2779 in
1119 2720 1168 2800 B].
1201 2723 1246 2780 Eo
1270 2741 1336 2779 nta-

252 2806 388 2864 nifestior
410 2808 442 2864 fit
464 2808 668 2884 interpolatio,
694 2810 772 2883 quod
794 2828 851 2865 non
876 2821 1023 2883 tamquam
1047 2808 1122 2877 dux,
1151 2808 1202 2865 sed
1225 2827 1336 2884 reapse

252 2911 324 2948 vera
352 2893 412 2950 dux
441 2903 547 2951 natura
575 2895 723 2969 sapientes
751 2895 779 2951 in
809 2896 883 2951 hanc
907 2894 983 2951 viam
1013 2895 1129 2950 trahere
1152 2893 1208 2951 dici
1232 2894 1336 2950 debet.

252 2975 378 3055 [Verum
403 2979 479 3035 unde
502 2980 575 3036 haec
598 2980 745 3037 ascribere
768 2980 805 3036 ad
828 2983 895 3037 duce
916 2990 1014 3037 antara
1037 2980 1173 3053 cuiquam
1197 2980 1226 3036 in
1247 2998 1335 3036 men·

251 3071 310 3119 tem
329 3062 429 3120 venit?
452 3076 482 3121 et
504 3065 554 3138 qui
577 3065 619 3122 sic
642 3066 783 3122 distracta
801 3074 830 3122 et
846 3066 1025 3142 transposita
1042 3065 1132 3120 verbu
1154 3076 1231 3127 stunt,
1254 3064 1334 3122 alte·

250 3168 314 3205 rum
338 3150 368 3206 in
392 3151 536 3211 omnibus,
560 3151 684 3207 alterum
708 3151 737 3206 in
761 3152 931 3208 melioribus
954 3148 1124 3208 codicibus?
1168 3151 1255 3207 Latet
1274 3151 1336 3208 ali·

251 3234 321 3308 quid
345 3236 527 3293 huiusmodi:
555 3235 631 3304 Quae
647 3238 755 3311 qar’dent
772 3239 904 3311 capientes
920 3239 1074 3293 videntes
1096 3246 1246 3310 aequantur
1261 3238 1337 3293 duce

250 3329 349 3376 amara
372 3341 440 3377 eam
463 3317 573 3400 viarm]

336 3425 415 3481 strepa
431 3409 532 3480 plocio)
552 3407 601 3465 Sic
614 3426 670 3482 mg.
683 3406 773 3465 Crat..
786 3406 869 3463 codd.
882 3407 956 3464 Mor.
969 3417 999 3463 et
1011 3406 1165 3483 Scaligeri,
1177 3406 1233 3474 Eu,
1248 3406 1333 3482 Spir.

250 3487 316 3569 [B],
340 3491 428 3547 etiarn
446 3492 511 3548 Pal.
528 3493 555 3556 6,
578 3493 678 3565 itaque
701 3492 819 3566 scripsit
842 3493 1012 3557 Lambinus,
1036 3511 1101 3548 eum
1125 3493 1154 3549 in
1178 3491 1239 3548 suis
1262 3511 1334 3568 rep·

250 3576 376 3652 perisset
397 3596 444 3651 ape
464 3580 561 3649 plotio,
585 3577 662 3652 quod
686 3587 749 3633 erat
772 3578 859 3634 etiam
882 3577 912 3634 in
937 3578 1043 3639 Palu.
1067 3579 1179 3634 Parui
1206 3577 1274 3635 ert
1300 3589 1334 3636 et

249 3662 363 3735 aliquot
381 3661 464 3730 Gaii;
487 3661 567 3722 Oxx.
587 3681 687 3719 outnes
710 3673 740 3719 et
756 3663 869 3736 aliquot
886 3662 964 3727 Gzii,
988 3663 1132 3720 editiones
1154 3674 1221 3719 aute
1241 3663 1333 3720 Lam·

249 3747 349 3804 binum
373 3768 420 3822 spe
440 3751 549 3820 plon'oe.
584 3749 659 3805 Tum
677 3752 797 3823 speciem,
821 3749 856 3805 de
876 3768 934 3823 quo
947 3749 1040 3807 Gaius
1063 3759 1093 3804 et
1110 3748 1199 3805 ceteri
1217 3759 1331 3811 tacent,

249 3832 278 3889 in
303 3833 456 3890 meliorum
480 3834 613 3890 codicum
637 3834 717 3890 omni
746 3833 860 3891 familia
882 3853 962 3902 esse,
993 3834 1122 3891 ostendit
1144 3833 1333 3892 Moralianus

250 3919 436 3976 consentiens
463 3937 527 3975 cum
559 3919 619 3976 art.
647 3915 690 3998 [et
719 3914 768 3999 B].
815 3919 909 3976 Paulo
937 3931 1005 3994 post
1032 3930 1056 3976 et
1083 3920 1231 3976 absolutam
1259 3922 1331 3995 (pro

248 4008 341 4078 atque)
365 4005 460 4074 Mam,
484 4006 603 4075 Lamb,
635 4005 725 4061 ceteri
754 4024 790 4061 ex
820 4005 865 4064 ed.
896 4005 1006 4079 prima;
1036 4007 1165 4062 correxit
1187 4004 1281 4065 Gaius
1312 4025 1330 4062 a

248 4099 388 4164 quattuor
410 4091 480 4158 suis,
504 4092 592 4148 Vind.
627 4090 677 4169 [B.
712 4092 762 4148 Ad
785 4091 959 4147 sententiam
983 4091 1035 4148 cfr.
1060 4093 1099 4150 ΙΙ.
1124 4089 1191 4168 52]

334 4176 382 4231 70.
413 4195 490 4248 quern
518 4180 694 4251 cupiditatum
722 4175 865 4253 incendiis)
888 4178 953 4233 Hoc
976 4178 1099 4234 alterum
1124 4196 1216 4251 quern,
1246 4177 1329 4252 quod

248 4260 374 4316 orationi
392 4262 536 4318 crescenti
554 4271 584 4318 et
601 4262 755 4337 imaginem
775 4262 896 4337 proprio
914 4263 1032 4319 addenti
1050 4274 1150 4338 aptum
1163 4272 1216 4332 est,
1236 4263 1331 4321 habet

247 4343 327 4402 Crat.
353 4345 382 4401 in
407 4346 540 4402 oratione
563 4358 710 4415 contexta,
735 4348 828 4405 Gaius
851 4367 889 4404 ex
913 4349 971 4406 Erl.
995 4360 1024 4405 et
1048 4349 1126 4423 Spir.
1145 4346 1211 4426 [B],
1234 4350 1328 4406 ceteri

247 4430 395 4488 omittunt.
434 4432 632 4507 Concupiviaaet
643 4432 748 4492 Cicero
760 4434 803 4491 sic
814 4434 923 4509 posuit,
942 4445 1090 4510 tamquam
1103 4433 1235 4492 dicturus
1246 4445 1329 4493 estet
