3030 5086
468 496 511 542 nr
536 496 615 542 unu.
639 495 700 541 um.
723 496 746 541 rr
769 496 842 542 cnr.
862 497 904 562 ar
918 495 1050 557 (as-so.)
1231 478 1293 544 ‘287

218 663 375 728 miseriam
404 681 526 727 omnem
560 663 591 727 in
622 663 742 742 dolore,
775 662 808 727 id
834 663 969 744 primum
997 663 1171 741 rideamus,
1204 663 1295 730 beate

218 763 324 828 vivere
346 776 483 828 vestmm
506 764 598 845 quale
620 765 669 828 sit.
713 767 817 844 Atque
839 764 897 830 hoc
920 764 1045 842 dabitis,
1067 771 1102 830 ut
1124 765 1244 847 opinor,
1266 766 1295 831 si

217 865 310 929 modo
334 865 376 929 sit
396 864 512 947 aliquid
536 883 605 930 esse
629 866 766 943 beatum,
796 865 828 929 id
857 874 1005 946 oportere
1032 873 1132 931 totum
1159 868 1235 948 poni
1260 868 1293 933 in

219 974 376 1049 potestate
398 967 558 1047 sapientie.
592 967 671 1030 Nam
694 966 722 1031 si
744 966 844 1031 amitti
866 967 931 1031 vita
953 967 1046 1032 beata
1065 976 1178 1049 potest,
1201 968 1294 1034 beata

219 1087 288 1133 esse
311 1088 372 1133 non
394 1075 507 1150 potest
549 1068 625 1149 Quis
648 1069 729 1131 enim
751 1066 878 1151 confidit
899 1086 1024 1150 semper
1045 1069 1104 1134 sibi
1126 1069 1205 1135 illud
1227 1076 1292 1135 sta·
1310 1073 1332 1139 5

220 1170 280 1235 bile
302 1180 333 1234 et
355 1169 477 1234 firmum
500 1187 746 1249 permansurum,
768 1171 853 1250 quod
875 1168 985 1251 fragile
1006 1177 1038 1266 et
1059 1171 1209 1237 caducum
1231 1171 1294 1237 sit?
1381 1225 1392 1242 ,

220 1271 281 1351 Qui
313 1281 418 1336 autem
453 1268 568 1334 diffidit
595 1270 796 1351 perpetuitati
829 1270 980 1336 bonorum
1008 1290 1151 1351 suorum,
1186 1274 1295 1338 timeat

293 1497 310 1540 Ι.
335 1508 422 1540 omnem
446 1489 604 1553 infelicitatem
628 1495 685 1555 (pro
707 1490 826 1540 misertum
850 1493 923 1554 orna.)
942 1491 1062 1543 LPMctt
1096 1491 1173 1542 iudoie
1191 1495 1248 1558 (pro
1270 1494 1294 1542 t‘n

218 1557 341 1622 doloreib]
378 1567 401 1607 ⁴.
421 1560 492 1607 beata
510 1559 601 1626 (altero
620 1559 687 1618 ioco)
703 1559 792 1616 omE,
812 1569 870 1607 ante
888 1560 958 1609 &ata
977 1561 1035 1609 add.
1054 1561 1104 1610 vita
1114 1560 1157 1611 PC
1194 1566 1216 1610 5.
1237 1560 1295 1625 quid
1335 1576 1337 1581 ·

218 1628 317 1676 enirnE
351 1627 398 1676 arbi
416 1643 508 1690 semper
531 1626 557 1676 id
575 1625 640 1677 uos.
664 1642 755 1690 semper
778 1625 837 1676 iliud
856 1627 943 1678 sitio
987 1632 1009 1678 6.
1029 1644 1059 1678 uc
1077 1645 1214 1678 mansurum
1232 1631 1292 1694 (om.

211 1695 321 1758 firmum)
340 1695 360 1743 Ι,
397 1699 418 1744 t.
438 1694 529 1756 diffidet
550 1693 714 1762 [nlttmcu

303 1887 435 1941 nrrseriam
457 1885 570 1957 omnem)
589 1884 639 1942 Sic
656 1883 744 1940 etiarn
758 1884 822 1941 Pal.
837 1889 864 1955 l,
879 1904 937 1961 mg.
950 1883 1041 1954 Crat,
1053 1886 1118 1944 eod.
1133 1885 1223 1948 Scal.,
1236 1895 1293 1945 vet

217 1970 281 2028 cod.
296 1970 441 2039 Lambini,
459 1970 504 2026 El.
520 1971 537 2025 2
556 1969 743 2044 restituitque
762 1980 828 2046 post
843 1971 1007 2027 Manutium
1021 1970 1175 2041 Davisius3
1200 1970 1294 2029 Gaius

219 2055 261 2111 sic
288 2055 318 2111 in
348 2054 482 2111 omnibus
511 2055 571 2111 suis
595 2064 710 2129 praeter
733 2054 812 2113 Gud.
835 2056 852 2112 2
876 2073 940 2113 esse
963 2055 1075 2114 scribit.
1121 2056 1207 2130 Quod
1230 2066 1294 2114 erat

218 2139 247 2196 in
271 2139 336 2198 edd.
360 2149 428 2196 ante
452 2140 548 2206 Man,
576 2158 677 2196 omrrem
704 2142 896 2214 infelicitatem,
925 2140 1074 2198 habebant
1101 2141 1189 2198 etiam
1213 2140 1293 2200 Oxx.

219 2243 328 2281 omnes.
376 2226 418 2281 De
446 2224 634 2281 adiunctione
662 2225 765 2281 horum
795 2226 967 2282 verborum:
995 2228 1056 2282 item
1080 2259 1116 2268 -
1146 2231 1173 2283 in
1201 2229 1295 2284 dolore

219 2309 277 2366 vid.
300 2310 336 2366 ad
359 2310 384 2380 1,
403 2312 452 2366 41.
489 2308 560 2367 Mox
583 2310 613 2366 in
636 2309 749 2366 vorbis:
771 2312 797 2365 si
816 2312 894 2366 modo
916 2313 951 2367 sit
972 2312 1079 2384 aliquid
1099 2330 1156 2368 esse
1179 2313 1292 2383 beamur,

219 2394 273 2452 hoc
295 2399 329 2452 sit
351 2396 457 2468 aliquid
478 2413 537 2452 non
560 2394 719 2470 significat,
743 2403 775 2450 ut
797 2391 891 2453 Gzius
914 2395 1008 2463 docet,
1031 2397 1138 2470 aliquid
1158 2417 1293 2471 nmquam,

218 2479 270 2537 sed
298 2480 355 2537 boc
383 2480 503 2536 dicitur:
537 2499 613 2536 werra
645 2496 673 2536 es
706 2479 855 2555 uberhaupt
888 2491 971 2537 etwas
999 2484 1048 2549 ist,
1082 2481 1204 2539 Reaiitut
1236 2483 1292 2538 bat.

218 2564 340 2634 Totam,
363 2583 438 2639 quae
461 2563 606 2639 sequitur,
630 2564 857 2641 disputationem
883 2578 905 2621 ‘a
927 2564 1035 2625 Stoicis
1058 2575 1205 2641 sumptam
1228 2583 1294 2624 esse

218 2657 313 2724 patet3
337 2649 389 2706 cfr.
413 2651 470 2719 111,
494 2650 533 2706 45
547 2669 611 2724 sqq.
636 2659 665 2706 et
688 2659 821 2707 extremo
844 2649 929 2707 libro.
1117 2719 1131 2733 ,

302 2742 406 2810 semper
427 2736 478 2791 sibi
498 2734 579 2806 iliud)
603 2733 653 2793 Sic
676 2733 755 2792 Gud.
780 2745 912 2808 uterque.
946 2735 988 2794 Ut
1007 2734 1078 2801 Erl,
1101 2736 1189 2792 etiam
1214 2736 1293 2813 Spin.

217 2819 298 2890 (Bas.
326 2821 378 2876 sibi
404 2821 434 2876 id
460 2822 583 2894 semper).
635 2817 676 2896 [B
703 2820 755 2875 sibi
780 2836 883 2893 semper
910 2817 1001 2896 illud]
1056 2819 1133 2877 Dav.
1161 2841 1177 2877 e
1206 2820 1292 2892 CCC,

218 2913 250 2962 ut
273 2914 317 2960 est
340 2905 370 2960 in
394 2903 418 2962 C
426 2923 432 2972 ;
456 2901 549 2961 Gaius
571 2905 622 2960 eibi
642 2923 753 2979 seraper,
778 2904 886 2960 omisso
909 2906 947 2962 id.

307 2988 362 3055 Qui
382 2999 470 3045 utitem
492 2988 606 3062 diffidit)
624 2986 714 3066 [Hoc,
732 2988 808 3062 quod
827 2985 920 3045 Gzius
938 2997 967 3044 et
984 2987 1113 3047 Orellius
1131 2990 1292 3061 ediderant,

218 3091 293 3130 nunc
311 3073 426 3130 restitui
449 3093 486 3129 ex
498 3073 559 3130 Eri.
578 3084 607 3129 et
625 3073 658 3140 B,
682 3082 755 3129 teste
769 3072 903 3140 Halmi03
927 3074 1120 3148 probaveram
1143 3074 1200 3130 iam
1224 3083 1292 3132 ante

218 3159 255 3215 ob
278 3159 392 3232 reliqua
415 3158 577 3232 praesentis
602 3159 741 3233 temporis
758 3160 857 3216 verba.
894 3158 980 3228 Gzio,
1005 3157 1047 3214 sic
1069 3176 1132 3215 esse
1152 3159 1181 3215 in
1199 3159 1292 3216 omni·

218 3244 271 3301 bus
294 3244 355 3301 suis
372 3243 531 3314 codicibus,
554 3243 686 3299 narranti
709 3243 788 3299 credi
806 3262 863 3299 non
884 3253 1009 3318 poterat,
1032 3244 1204 3317 praesertim
1228 3264 1293 3302 mea

218 3328 375 3385 collatione
399 3329 433 3383 de
458 3329 516 3384 Erl.
540 3328 745 3396 dissentiente,
776 3329 1003 3402 coniecturaque
1032 3328 1124 3384 utenti
1147 3328 1292 3386 incertum

218 3425 289 3481 erat,
313 3414 501 3470 maluissetne
525 3413 630 3471 Cicero
653 3411 786 3490 diffidet]
820 3414 896 3470 Nam
920 3414 949 3469 in
974 3413 1019 3469 his
1041 3414 1195 3470 sententiis
1217 3414 1292 3471 rela-

219 3498 295 3568 tivis,
320 3499 426 3572 quibus
449 3498 609 3554 subiectum
629 3499 791 3573 generatim
809 3499 955 3565 definitur,
978 3516 1044 3554 eum
1062 3499 1293 3556 demonstrativa

217 3584 361 3639 sententia
384 3583 491 3658 pendet
514 3594 543 3638 et
561 3581 786 3639 coniunctivurn'
798 3594 849 3640 aut
866 3583 1044 3640 infinitivum
1063 3583 1160 3652 babet,
1184 3584 1292 3660 exiguo

218 3668 385 3724 discrimine
409 3679 468 3723 tnrn
490 3668 535 3724 vis
557 3668 699 3724 orationis
718 3669 873 3742 pendentis
890 3669 927 3725 ad
944 3668 1097 3724 relativam
1116 3671 1291 3726 sententiam

218 3754 345 3827 pertinet
357 3755 400 3827 (ut
414 3755 450 3812 V.
465 3753 514 3821 37,
534 3753 622 3809 'l‘use
637 3755 673 3819 V,
692 3754 764 3809 118:
787 3772 856 3827 quae
878 3756 928 3827 qui
947 3756 1111 3820 recordetur,
1135 3755 1211 3810 bared
1226 3773 1292 3810 suae

214 3840 362 3912 periculum
385 3849 437 3908 est,
467 3858 498 3894 ne
521 3859 571 3893 uon
593 3847 702 3893 mortem
724 3849 772 3894 urit
793 3840 939 3913 optandum
967 3850 1015 3893 urit
1036 3848 1105 3895 certe
1127 3858 1178 3893 non
1200 3841 1291 3894 timen-

217 3924 281 3978 tium
300 3935 390 3998 putet3
414 3925 449 3980 de
470 3923 697 3993 Divin.1,127:
720 3926 768 3998 qui
787 3927 854 3979 enim
877 3934 964 3980 teneat
986 3943 1085 3979 causus
1108 3943 1195 3978 rerum
1211 3925 1291 3996 jutu-

218 4027 319 4077 rarum,
344 4012 421 4076 idem,
445 4029 547 4066 necesse
569 4019 617 4074 est,
640 4013 727 4065 cronia
750 4019 842 4065 teneat.
866 4027 937 4081 quae
951 4011 1052 4082 jutura
1074 4009 1148 4080 sint),
1172 4017 1232 4063 tum
1256 4026 1291 4065 eo

217 4111 275 4149 non
299 4093 433 4168 pervenit
455 4095 499 4165 (ut
521 4094 568 4149 hic
592 4095 616 4162 1,
641 4094 690 4161 38,
714 4092 771 4151 Off.
796 4093 885 4161 11,5,
909 4093 947 4149 N.
972 4093 1009 4149 D.
1029 4094 1069 4161 11,
1089 4092 1138 4161 93,
1162 4092 1212 4148 ubi
1235 4096 1291 4149 eci·

216 4182 306 4234 stimat
330 4178 464 4234 meliores
486 4179 570 4236 codd.
595 4197 696 4235 omnes
718 4180 863 4250 tuentur),
893 4189 926 4234 ut
949 4176 1067 4234 difficile
1090 4178 1129 4234 sit
1151 4177 1291 4235 iudicium

217 4263 253 4319 de
276 4264 312 4320 iis
335 4263 421 4332 locis,
446 4264 496 4319 ubi
518 4264 587 4320 boni
611 4263 694 4319 codd.
717 4263 899 4338 discrepant,
928 4270 960 4318 ut
984 4264 1015 4321 II
1038 4264 1074 4320 N.
1099 4263 1137 4320 D.
1163 4265 1196 4318 4:
1219 4264 1293 4337 quod

217 4352 266 4422 qui
286 4350 400 4417 drebr'tet,
424 4348 499 4405 baud
520 4368 584 4405 sune
606 4350 738 4421 inteliepo,
766 4367 816 4405 cur
836 4368 889 4404 non
912 4351 995 4419 idem,
1024 4351 1065 4406 soi
1086 4351 1120 4405 eit
1142 4368 1178 4404 un
1200 4350 1292 4405 nulius

216 4436 266 4501 sit,
301 4435 425 4490 <irruituro
456 4441 556 4507 possin
595 4453 662 4490 nam
696 4434 760 4492 cod.
795 4432 924 4510 optimus
952 4435 992 4507 (A
1023 4434 1145 4508 Moseri)
1178 4434 1291 4491 dubitat.
