3030 5086
466 494 509 539 un
529 494 613 568 ‚usn
635 494 698 540 un.
722 495 744 541 v
766 494 898 544 enm-m.
918 494 1052 560 (rs-m.)
1234 478 1296 544 tm

220 680 314 744 pesse
335 680 442 743 negas,
464 669 498 726 at
520 662 551 740 ii,
569 661 626 742 qui
642 662 767 727 virtutis
785 668 945 745 compotes
962 663 1034 742 sint,
1056 663 1149 728 etiam
1167 663 1296 745 quibus·

221 767 293 830 dem
316 764 405 828 mulis
426 763 529 828 effecti
551 763 633 828 beati
654 763 739 829 sint?
783 765 849 846 Ego
867 784 942 831 vero
961 765 1032 830 volo
1053 765 1085 829 in
1102 765 1217 830 virtute
1233 766 1296 830 vim

215 885 290 932 esse
311 885 404 947 quam
425 865 606 944 maximam
636 866 706 944 sed,
729 873 848 947 quanta
871 867 924 945 sit,
944 866 1038 946 alias,
1060 885 1143 932 nunc
1164 872 1313 948 tantum-

218 969 360 1049 possitue
386 986 457 1032 esse
479 973 581 1046 mnu,
610 966 638 1031 si
664 967 835 1049 quidquam
864 974 953 1033 extra
975 969 1121 1034 virtutem
1142 968 1297 1035 habeatur

217 1072 371 1136 inbonis
418 1071 466 1134 78.
489 1069 599 1150 Atqui,
626 1068 739 1149 inquit,
765 1069 794 1134 si
820 1069 932 1134 Stoicis
952 1070 1112 1149 concedis,
1139 1077 1176 1135 ut
1196 1071 1336 1140 virtusb

218 1174 296 1250 sola,
318 1173 346 1237 si
366 1172 455 1250 assit,
475 1172 574 1236 vitum
595 1168 711 1235 efficiat
731 1170 864 1248 beatum,
884 1172 1031 1237 concedis
1054 1172 1147 1237 etiam
1167 1171 1296 1254 Peripa·

219 1274 330 1341 teticis
375 1276 462 1353 Quae
484 1273 564 1337 enim
586 1272 670 1336 mala
688 1271 734 1335 itu·
754 1290 819 1336 non
841 1274 958 1338 emunt
977 1273 1154 1354 appellare,
1182 1292 1298 1355 aspera

216 1386 323 1442 entem
351 1384 382 1440 et
408 1376 603 1439 incommoda
632 1378 664 1438 et
691 1372 848 1439 reicienda
875 1382 908 1440 et
932 1374 1035 1440 alienu
1063 1381 1194 1440 natiuae
1227 1393 1297 1440 esse

217 1480 401 1556 concedunt,
418 1494 456 1541 eu
471 1495 529 1541 nos
547 1476 629 1541 nrala
644 1474 786 1555 dicimus,
799 1476 983 1558 seduxigua
1000 1483 1032 1541 et
1048 1495 1149 1557 paene
1160 1476 1296 1542 minima.

292 1670 311 1714 t.
333 1663 360 1712 lt
379 1663 423 1714 er
464 1661 534 1712 molis
556 1660 695 1727 quibusdam
715 1661 848 1714 LPCBOr.
903 1668 925 1712 6.
949 1662 1011 1713 Pon.
1034 1663 1126 1712 beatam
1145 1663 1257 1712 additor
1275 1662 1296 1714 C

218 1728 404 1852 aggaei?
441 1733 462 1781 7.
482 1728 635 1780 rllimulub
661 1728 795 1780 auum
812 1728 901 1780 cudent
918 1731 995 1778 uonL
1031 1736 1053 1781 9.
1073 1739 1183 1795 etporro
1200 1730 1297 1780 mbrbno

306 1974 355 2030 78.
382 1973 504 2028 comedia
531 1972 623 2046 etiam)
647 1969 697 2031 sic
724 1969 787 2028 fere
815 1968 959 2047 editiones
987 1990 1024 2028 ex
1047 1973 1073 2029 R
1102 1982 1131 2028 et
1159 1971 1297 2029 meliores

219 2058 350 2127 codices,
374 2057 450 2127 Erb,
474 2056 552 2131 Spir.
575 2054 640 2134 [Β]
685 2058 761 2113 Dav.
786 2075 802 2112 e
826 2057 910 2115 Parr.
938 2059 971 2130 1,
997 2057 1015 2113 3
1038 2057 1136 2128 (Bam,
1161 2055 1240 2114 Gur.
1267 2057 1296 2129 1)

218 2144 340 2201 concedis
361 2151 400 2211 et;
423 2141 530 2208 Meod,
553 2140 633 2199 Oxx.
658 2160 775 2210 omnes,
798 2141 934 2210 Monac,
957 2141 1002 2198 ed.
1027 2141 1105 2200 Vict.
1129 2152 1154 2198 et
1175 2143 1297 2199 concedis

218 2233 307 2297 etium,
330 2236 364 2284 ut
386 2226 425 2295 C,
448 2224 526 2284 Gud.
547 2226 565 2282 2
588 2235 702 2283 tantum
724 2227 855 2283 comedia

300 2314 471 2384 sedarique
492 2320 621 2386 etpacne
642 2310 765 2385 m>
788 2310 902 2380 Semel,
925 2310 1044 2384 opinor,
1074 2310 1154 2384 apud
1177 2309 1296 2370 Cicero·

219 2417 295 2463 nem,
320 2396 413 2453 Acad.
426 2396 467 2463 ΙΙ,
485 2397 554 2463 127,
572 2395 694 2470 legitur:
717 2405 746 2452 ut
762 2398 859 2468 miquo
875 2405 900 2451 et
919 2397 1041 2463 nenimo3
1064 2394 1121 2464 hic,
1146 2404 1294 2469 tamquam

217 2483 336 2559 gravior
358 2481 388 2538 in
411 2481 505 2537 altero
528 2481 703 2556 signilioatio
726 2480 773 2548 sit,
794 2479 914 2537 additur
932 2499 1027 2555 paene.
1066 2480 1105 2537 Et
1128 2480 1242 2555 opinor,
1265 2480 1294 2536 in

218 2568 274 2625 hac
290 2566 505 2635 coniunctione,
523 2584 588 2622 cum
607 2565 696 2622 index
713 2565 937 2640 significationis
954 2565 1107 2622 accederet
1125 2584 1184 2623 vox
1199 2584 1296 2640 poene,

218 2671 237 2709 a
255 2652 369 2710 Latinis
392 2652 468 2708 idem
491 2649 553 2707 fera
575 2650 707 2725 intellegi
730 2650 871 2724 potuisse,
894 2649 972 2725 quod
995 2660 1096 2707 noster
1116 2668 1213 2707 sermo
1235 2653 1294 2724 infi-

218 2743 271 2794 nite
288 2756 406 2812 pomum
428 2734 560 2810 appellat
580 2736 693 2807 (Latini
715 2735 792 2791 enirn
815 2753 911 2809 neque
939 2734 994 2792 hoc
1023 2735 1108 2793 modo
1135 2735 1297 2809 loquuntur

219 2841 313 2896 neque
335 2821 415 2878 eliud
439 2821 562 2889 habent,
589 2820 668 2895 quod
691 2819 760 2877 huie
782 2820 869 2895 plane
891 2820 1094 2895 respondeat),
1122 2837 1188 2877 cum
1211 2838 1296 2894 prae·

218 2907 319 2964 sertim
342 2907 430 2962 etiam
453 2905 499 2970 id,
522 2906 602 2979 quod
623 2906 742 2962 obsolute
763 2907 898 2961 miraturum
920 2923 975 2962 nos
998 2905 1137 2976 dicimus,
1159 2908 1295 2962 mmimum

219 3012 237 3049 a
258 2991 412 3060 Cicerone,
436 2989 589 3059 Lucretio,
612 2989 679 3047 aliis
702 2989 825 3048 dicatur.
870 2989 949 3047 Nam
972 2990 997 3046 si
1021 3008 1120 3046 veram
1144 3006 1297 3065 compara·

217 3078 328 3134 tionem
351 3075 570 3151 intellegemus,
598 3093 656 3132 non
679 3093 772 3149 paene
795 3074 930 3142 minima,
958 3074 1010 3130 sed
1033 3092 1153 3149 prorsus
1175 3074 1298 3131 minima

219 3162 292 3219 haec
314 3170 401 3218 erunt
423 3161 515 3228 bone,
539 3178 608 3230 nec,
631 3160 656 3216 si
678 3160 765 3216 valde
788 3177 881 3234 parra
902 3159 1177 3233 interpretabimur,
1200 3159 1297 3216 minus

218 3247 350 3322 ineptum
371 3247 430 3302 erit
447 3265 547 3320 poene:
571 3255 682 3302 reolum
700 3255 779 3302 esset
795 3263 883 3320 poene
898 3247 973 3300 uultu
991 3245 1041 3318 (ita
1053 3263 1153 3319 porco,
1176 3246 1297 3301 utnulla

217 3351 275 3389 esse
302 3333 444 3388 uideantur
466 3336 480 3400 ς
500 3332 562 3405 72).
606 3329 657 3389 Sic
679 3341 793 3398 autem,
822 3341 854 3386 ut
880 3328 974 3395 edidi,
1003 3329 1145 3404 scriptum
1174 3337 1237 3385 erut
1265 3328 1296 3386 in

218 3417 370 3473 codicibus
394 3416 573 3486 melioribus,
596 3416 667 3483 Eri,
691 3410 847 3493 Spir.[B],
872 3435 927 3489 mg.
951 3414 1032 3473 Crat.
1078 3413 1152 3472 Edd.
1177 3433 1193 3470 e
1216 3413 1297 3470 dete·

218 3501 347 3559 rioribus
371 3511 541 3558 tenuerunt:
570 3511 594 3558 et
617 3520 702 3576 porro
723 3503 846 3568 mima,
875 3501 904 3556 in
933 3518 991 3573 quo
1019 3499 1120 3556 eadem
1145 3507 1191 3555 est
1212 3498 1296 3555 dubi·

218 3586 302 3656 tatio,
325 3586 375 3660 qui
399 3603 538 3643 ascensus
555 3586 750 3662 significetur,
774 3603 868 3658 neque
886 3585 921 3654 is,
945 3603 1030 3659 quem
1049 3583 1175 3648 ostendi,
1198 3583 1296 3640 exitus

217 3671 409 3745 relinquitur;
439 3681 500 3728 tum
524 3671 605 3728 nullo
628 3688 748 3746 prorsus
770 3670 907 3744 exemplo
927 3688 1010 3743 portu
1032 3669 1062 3725 in
1085 3668 1220 3745 eugendo
1242 3687 1297 3744 pro

217 3767 300 3831 utque
321 3759 403 3825 udeo,
434 3767 467 3813 ut
487 3756 652 3832 accipiebat
674 3755 843 3824 Ernestius,
871 3754 1004 3829 ponitur,
1028 3754 1107 3828 quod
1130 3753 1155 3810 si
1177 3753 1297 3810 omnino

218 3842 261 3898 sic
289 3842 526 3916 interponeretur
553 3840 707 3899 adiectivis
735 3839 899 3896 coniunctis
925 3840 1005 3911 (douo
1034 3849 1059 3896 et
1082 3858 1167 3914 porro
1187 3841 1296 3912 fortae),

218 3928 412 4002 significaret,
441 3927 530 3984 aliam
558 3946 621 3984 rem
648 3925 739 3993 edici,
768 3944 826 3981 non
855 3925 977 3981 eandem
1001 3925 1092 3982 verbo
1120 3933 1150 3981 et
1176 3923 1298 3981 notione

218 4013 335 4089 augeri:
364 4031 449 4068 nemo
472 4023 584 4075 tamen,
607 4011 685 4085 quod
708 4011 814 4079 sciam,
842 4011 885 4066 ite
907 4010 997 4078 dixit,
1026 4017 1209 4085 repugnante
1232 4025 1297 4066 usu.

218 4094 369 4177 [Handius
385 4098 430 4154 lv
448 4116 475 4170 p.
490 4097 551 4154 486
582 4096 666 4172 flngit
689 4115 774 4171 porro
801 4113 865 4152 esse
892 4090 1062 4174 perauctam]
1107 4093 1198 4152 Venit
1226 4093 1297 4150 mibi

218 4183 365 4239 interdum
394 4183 423 4239 in
454 4192 579 4239 mentem
609 4200 646 4238 ex
670 4199 757 4256 poene
783 4179 882 4238 iacere
900 4183 999 4256 plane,
1028 4189 1061 4237 ut
1088 4179 1118 4236 id
1146 4198 1181 4236 eo
1210 4178 1296 4236 modo

109 4277 112 4282 ’
219 4277 387 4343 poneretur,
411 4267 521 4341 quoin
546 4269 631 4324 Verr.
654 4267 709 4335 IV,
723 4267 756 4322 6:
779 4269 857 4322 immo
878 4285 940 4322 vero
961 4267 1039 4323 modo
1060 4283 1094 4322 oc
1110 4267 1195 4340 plane
1211 4265 1298 4340 poulo

218 4363 288 4421 urite,
314 4353 344 4409 in
367 4371 425 4427 quo
448 4370 513 4408 curn
537 4352 593 4408 hoc
615 4351 804 4427 significetur,
828 4368 948 4426 prorsus
971 4350 1022 4408 illo
1040 4349 1195 4421 vocabulo,
1217 4347 1296 4423 quod

218 4438 395 4502 subiciatur,
429 4438 471 4494 uti
502 4437 590 4494 licere
624 4445 654 4493 ot
686 4435 716 4492 id
744 4444 855 4493 rectum
884 4453 963 4504 esse,
996 4435 1086 4493 etiam
1113 4432 1297 4511 ouperlativo
