3030 5086
390 491 434 535 nn
458 489 538 535 nan.
561 489 623 534 nna.
647 489 671 534 11
693 488 765 536 oar.
782 493 893 543 aa-aa.
911 489 1078 553 <noo-ror.)
1206 471 1268 536 321

193 658 375 738 reliquaque
397 657 573 737 praeclare:

235 760 328 823 Nam
351 757 423 823 tibi
445 758 700 824 moenimenta
722 761 794 824 mei
815 778 1005 840 peperere
1027 759 1193 825 labores.

193 860 370 926 Laboribus
393 860 442 923 hic
464 859 644 941 praeteritis
665 861 797 942 gaudet,
821 866 855 924 tn
877 861 967 926 iubes
988 861 1217 942 voluptatibus,
1239 863 1272 925 ct

193 964 242 1026 hic
265 981 298 1026 se
321 963 362 1025 ad
385 980 422 1026 ea
444 966 584 1040 revocat,
613 980 630 1025 e
653 961 764 1042 quibus
787 961 862 1027 nihil
883 982 1030 1046 umquam
1053 963 1209 1029 rettulerit
1229 961 1272 1027 ad

193 1082 317 1144 corpus.
341 1069 376 1126 tu
398 1069 482 1127 totus
505 1063 667 1128 haeresin
691 1082 832 1144 corpore.
1286 1063 1306 1129 5

278 1164 424 1228 XXXIII.
455 1165 524 1230 107.
552 1164 633 1228 Illud
660 1170 764 1230 autem
786 1166 889 1247 ipsum
917 1166 971 1248 qni
998 1165 1130 1231 obtineri
1157 1170 1296 1246 potest,¹

194 1267 278 1347 quod
301 1266 412 1344 dicitis,
439 1284 545 1330 omnes
568 1265 663 1330 animi
686 1275 718 1331 et
739 1267 915 1350 voluptates
938 1275 970 1332 et
991 1267 1115 1332 dolores
1137 1267 1179 1330 ad
1201 1283 1270 1330 cor-

194 1369 280 1449 poris
303 1367 479 1447 voluptates
507 1385 544 1432 ac
571 1367 695 1432 dolores
717 1369 897 1450 pertinere?
939 1368 1063 1435 Nihilne
1085 1376 1116 1433 te
1137 1368 1273 1433 delectat

263 1542 286 1585 t.
306 1551 407 1600 iramque
426 1534 587 1602 [A]LPMCR
622 1537 763 1586 monimento
784 1536 850 1604 [ΜΕ
872 1547 1020 1588 monumenta
1037 1538 1111 1588 ceteri
1131 1537 1272 1587 munimenta

195 1604 238 1654 Or.
294 1605 425 1670 [repperere
449 1603 479 1671 Α]
506 1621 613 1669 reperere
636 1605 712 1655 PMR
732 1606 848 1670 reperiere
870 1607 892 1655 1.
944 1612 968 1656 8.
990 1616 1012 1656 et
1034 1621 1082 1658 om.
1107 1604 1270 1657 bruchos

195 1680 217 1723 4.
237 1672 294 1721 mhi!
311 1689 359 1724 om.
380 1673 424 1723 Ec
477 1690 601 1736 nunquam
621 1674 641 1723 C
696 1673 810 1738 [retuleni
827 1674 861 1741 A]
881 1673 1033 1726 retuleratC
1086 1673 1271 1739 sopirent}

196 1745 218 1789 7.
238 1741 272 1789 ad
289 1742 395 1805 corporis
415 1767 444 1777 -
463 1739 558 1790 dolores
575 1756 624 1791 om.
644 1741 665 1789 E
684 1741 720 1791 ad
735 1759 827 1807 corpus,
847 1758 895 1792 om.
914 1743 960 1793 ool.
981 1761 1011 1792 ec
1028 1742 1085 1804 dot,
1102 1743 1126 1792 R
1160 1747 1184 1792 8.
1203 1739 1273 1791 Natat

193 1818 244 1858 tene
262 1808 328 1860 EOr.

194 1966 242 2023 III
265 1965 301 2021 de
324 1964 406 2024 Orat.
433 1966 502 2023 167.
548 1965 675 2022 Videtur
696 1983 761 2023 cum
785 1967 921 2041 proximo
944 1986 981 2023 ex
1005 1967 1092 2023 Ennii
1115 1964 1271 2023 annalibus

194 2069 273 2118 ease;
307 2068 374 2105 nam
399 2049 499 2125 Scipio
523 2050 611 2107 Ennii
639 2060 718 2107 totus
746 2051 880 2109 versibus
907 2052 1086 2109 tetrametria
1114 2050 1272 2108 trochaicis

194 2136 321 2210 scriptus
349 2133 440 2191 fuisse
467 2134 598 2204 videtur,
633 2135 687 2192 etsi
721 2135 757 2191 de
787 2155 822 2192 eo
850 2135 937 2193 aliter
964 2136 1098 2194 nonnulli
1126 2143 1269 2205 statuunt.

195 2217 295 2300 [Quod
307 2219 480 2287 Vahlenius,
504 2219 579 2276 Eun.
597 2220 695 2295 poesis
712 2220 815 2294 reliqu.
833 2241 861 2296 p.
878 2221 946 2292 157,
970 2221 1007 2279 ad
1025 2222 1131 2279 satiras
1148 2219 1271 2290 rettulit,

196 2305 315 2361 minime
337 2313 453 2361 constat
475 2305 548 2361 haec
570 2324 607 2361 ex
630 2304 732 2362 eodem
757 2312 891 2380 poemate
914 2316 1032 2382 sumpta
1054 2324 1128 2376 esse,
1153 2324 1190 2362 ex
1213 2323 1271 2378 quo

194 2408 238 2459 ea,
251 2389 374 2463 quaeda
387 2388 438 2447 Or.
453 2389 539 2446 simul
551 2388 729 2447 afferuntur:
752 2391 842 2448 Teates
853 2389 925 2469 cet]
937 2391 1079 2460 Verbum,
1093 2391 1171 2466 quod
1183 2388 1272 2446 omis·

194 2492 256 2530 sum
281 2482 339 2535 est.
369 2473 491 2531 timendi
513 2474 756 2550 significationem
779 2475 892 2534 habuit.
937 2476 1015 2533 Nam
1038 2476 1117 2549 qnod
1140 2473 1272 2551 Scaliger

191 2569 281 2633 poatea
304 2557 392 2615 scribi
415 2558 510 2615 voluit
531 2560 640 2633 (ortam
662 2562 799 2635 tropario),
822 2579 939 2625 cansam
963 2579 1021 2619 non
1044 2560 1142 2617 habet.

280 2641 353 2698 Nom
376 2643 423 2700 tibi
443 2644 628 2718 nroenimerrto)
651 2645 725 2701 Nom
741 2664 795 2720 pro
811 2665 936 2720 namque,
960 2646 1039 2720 quod
1062 2645 1151 2702 tacite
1170 2662 1271 2701 omnes

195 2738 263 2784 ante
275 2726 382 2786 Gzium
395 2728 558 2799 ediderant,
576 2729 664 2786 etiam
677 2729 755 2804 Spir.
767 2726 840 2808 [non
854 2726 902 2808 B].
931 2729 975 2788 Eo
986 2731 1095 2788 certior
1106 2739 1152 2786 est
1163 2728 1272 2786 Mureti

195 2812 360 2869 emendatio
384 2813 483 2882 (Varr.
507 2813 600 2870 Leott.
623 2814 680 2881 XI,
708 2816 752 2888 1),
776 2832 864 2888 quam
888 2813 982 2873 Gaius
1004 2824 1121 2872 secutus
1143 2821 1202 2883 ast,
1225 2831 1271 2870 rs·

194 2897 357 2954 stituentis:
381 2897 454 2954 Nom
477 2899 524 2954 tibi
544 2901 713 2968 munimento,
736 2898 815 2972 quod
838 2899 969 2976 postulat
990 2899 1151 2974 superioria
1169 2915 1271 2955 versus

195 2983 350 3039 sententia.
386 2983 550 3039 Moaimeuto
567 2984 656 3039 etiam
670 2981 787 3042 Gaiaui.
822 2982 862 3061 [B
885 2995 1059 3042 monumnenta.
1095 2986 1272 3042 Moeuirnerrta

196 3062 356 3145 Klotzius.]
396 3068 455 3124 Pro
469 3087 597 3142 peperere
614 3068 740 3140 etiamut
758 3079 788 3124 et
805 3077 864 3125 tres
876 3066 943 3127 Gaii
961 3088 1082 3144 reperere
1099 3069 1270 3143 (repperere),

196 3149 236 3220 Εξ
259 3162 384 3226 repetere.
429 3151 517 3229 [Mox
539 3163 564 3209 et
586 3162 654 3209 ante
677 3154 718 3210 hic
740 3153 907 3210 restitutum
931 3173 969 3210 ex
992 3150 1127 3230 ABErl]

280 3239 409 3293 rettulerit
431 3239 470 3293 acl
490 3238 601 3313 corpu)
621 3236 833 3296 Coniunctivus
856 3257 893 3295 ex
916 3239 1104 3295 adversativa
1126 3237 1271 3314 significa·
1338 3298 1340 3304 ,

195 3322 273 3378 tione
297 3330 378 3378 ortua
402 3322 518 3379 videtur
539 3325 584 3395 (er
606 3324 703 3396 quibua
725 3325 833 3396 tomen).
867 3323 974 3380 Rarius
997 3322 1052 3380 hoc
1074 3331 1120 3380 est
1141 3323 1171 3380 in
1194 3321 1271 3379 eius·

195 3406 273 3462 modi
286 3406 432 3463 sententia
444 3406 577 3474 relativa,
596 3427 671 3482 quae
684 3408 771 3465 simul
783 3407 899 3482 generis
911 3407 1109 3466 definitionem
1123 3408 1273 3465 contiueat

195 3493 252 3563 (eo,
276 3512 288 3547 e
311 3493 434 3567 quibua);
458 3492 509 3548 sed
533 3503 629 3549 tamen
653 3491 790 3550 similiter
812 3493 921 3562 5102:
944 3495 1104 3562 coactitia,
1128 3495 1177 3567 qui
1197 3491 1271 3548 nobis

196 3583 277 3650 quoai
300 3579 436 3635 oraculum
459 3579 609 3634 ediderit
631 3586 686 3635 cet.
710 3587 740 3635 et
756 3578 812 3650 IV,
825 3578 880 3635 57:
903 3599 949 3636 aec
971 3581 1081 3636 minoris
1102 3577 1272 3634 radmundo

195 3662 308 3717 elucebat
330 3681 375 3730 ee,
407 3682 476 3735 quoe
504 3665 561 3736 ipae
589 3664 656 3719 borao
678 3673 786 3737 reparet
808 3683 878 3732 eaae;
921 3665 990 3721 Aet.
1015 3664 1029 3720 I
1052 3663 1081 3718 in
1105 3663 1192 3719 Verr.
1219 3664 1270 3718 ll:

195 3766 262 3806 euru
286 3750 330 3803 cui
351 3748 453 3818 Iapetus
469 3749 579 3820 suiaaet.
602 3751 628 3802 io
650 3749 779 3805 inuidiam
800 3660 946 3826 acidiari&
969 3746 1031 3814 cfr,
1054 3766 1129 3821 quae
1152 3745 1214 3804 dixi
1233 3744 1270 3802 ad

196 3836 209 3900 ξ
237 3832 284 3887 15.
330 3831 483 3888 Ernestins
506 3831 651 3905 probabat
673 3835 824 3901 rettulerat,
855 3832 1006 3907 secutique
1029 3850 1094 3888 eum
1117 3831 1177 3889 alii.
1221 3830 1271 3889 Ad

196 3934 334 3989 praesens
357 3917 485 3988 (revocat)
508 3916 605 3991 aptius
627 3926 705 3973 essct
727 3918 834 3974 rettulit.

281 4000 354 4076 Cap.
366 4000 520 4067 XXXIII,
537 4002 604 4058 107.
638 4003 677 4058 orl
693 4004 812 4077 emporia
828 4003 879 4058 ool.
896 4019 928 4058 ac
945 3999 1064 4074 dolores)
1080 3999 1163 4057 Haec
1180 3999 1271 4057 verba

197 4082 347 4143 eriania
371 4103 445 4141 nnus
462 4085 541 4144 Gud.
558 4089 570 4142 l
597 4086 749 4154 servabat;
772 4084 921 4143 aberravit
937 4084 1076 4143 librarius
1093 4085 1129 4157 is,
1152 4102 1171 4141 a
1187 4084 1271 4142 cuius

196 4170 295 4226 codice
318 4170 380 4227 Erl.
403 4180 432 4225 et
456 4169 533 4245 Spir.
558 4165 612 4250 [B]
642 4167 705 4227 orti
727 4179 809 4240 sunt,
839 4168 868 4228 in
893 4187 965 4228 voce
987 4171 1106 4228 dolores.
1135 4168 1271 4244 idemque

196 4255 302 4312 accidit
314 4255 344 4311 in
356 4274 415 4311 uno
428 4264 456 4311 et
469 4255 563 4312 altero
575 4255 767 4324 deteriorum3
781 4254 886 4311 deinde
897 4254 962 4313 ina
972 4254 1103 4312 additum
1116 4257 1155 4312 od
1165 4272 1271 4330 eorpus.

281 4341 392 4398 Nihilne
414 4341 451 4415 te)
475 4341 517 4400 Ut
534 4340 607 4408 Eri,
630 4340 719 4398 etiam
738 4338 816 4416 Spir.
833 4335 888 4420 [B]
905 4339 1055 4415 ediditque
1067 4338 1169 4411 Gaius,
1192 4337 1271 4415 quod

196 4425 219 4481 ai
244 4425 401 4501 sequimur,
425 4426 524 4484 atatim
547 4426 717 4501 Torquatus
739 4425 777 4482 ab
800 4424 867 4483 aliis
889 4423 1061 4502 seiungitur.

1032 4543 1061 4588 11
