3030 5086
503 485 546 531 uu
570 484 651 530 man.
674 483 738 528 1.1e.
764 483 785 528 v
807 483 880 531 cnr.
904 489 940 532 10.
960 489 1023 545 (aa.)
1240 470 1303 535 655

226 652 336 732 Neque
358 652 454 731 enirn,
483 653 509 716 si
532 651 671 716 nonnulli
693 651 906 732 reperiuntur,
934 651 988 733 qui
1014 663 1070 718 aut
1096 654 1227 736 laqueos
1249 662 1304 721 aut

225 753 288 817 alia
310 752 404 817 exitia
425 761 588 834 quaerent
611 752 690 835 aut[,
713 752 761 834 ut]
781 751 832 817 ille
850 753 937 834 apud
954 755 1143 835 Terentium,
1166 757 1220 838 qui
1238 759 1303 823 de·

294 945 315 987 2.
336 911 488 989 antemi.
523 948 548 987 ut
566 939 620 988 aine
638 939 710 988 uncis
729 938 770 988 Or.
808 938 866 1003 qaod
883 939 1025 990 decreur'rll

225 1111 368 1186 reliquam
392 1112 570 1169 orationem:
601 1113 678 1168 Haec
702 1143 739 1153 -
764 1121 803 1168 est
830 1115 968 1182 solatium,
997 1133 1051 1188 quo
1078 1117 1223 1187 reficior-im
1252 1118 1301 1186 illi,

224 1207 354 1271 potantum
371 1207 462 1272 petes,
486 1207 510 1254 te
531 1200 622 1270 irrupt,
645 1198 717 1253 illiue
739 1198 816 1267 cet).
862 1197 1034 1267 (Sallustius
1057 1198 1122 1257 Cet.
1149 1202 1187 1257 10
1210 1201 1301 1259 dixit:

224 1301 255 1338 ea
278 1285 359 1356 quasi
378 1285 502 1340 melanes
523 1285 639 1339 omnium
661 1283 792 1337 maloram
807 1284 903 1355 foere,
926 1282 977 1339 sed
1000 1292 1033 1340 ut
1055 1284 1132 1365 duae,
1150 1303 1198 1343 res
1220 1287 1301 1360 (ave-

225 1366 322 1423 ritiam
347 1376 377 1423 et
398 1367 603 1439 ambitionem)
625 1365 818 1423 substantivis
840 1367 1012 1443 appellatas.
1036 1368 1073 1425 ad
1096 1388 1171 1444 quae
1195 1389 1302 1446 prono·
1343 1405 1344 1408 =

225 1471 290 1508 men
308 1450 444 1517 refertur,
468 1452 676 1528 distingveret3
699 1461 788 1525 etque
806 1451 893 1508 etiam
914 1453 992 1527 apud
1009 1454 1126 1511 Livium
1144 1455 1202 1525 111,
1217 1456 1300 1526 est

223 1556 281 1592 eura
303 1536 340 1593 ad
363 1537 578 1594 substantivum
603 1535 737 1612 proxime
756 1536 935 1612 praecedens
953 1537 1101 1612 refertur.)
1134 1540 1214 1597 Etsi
1233 1560 1301 1617 pos·

224 1631 269 1678 set
290 1621 346 1678 hoc
370 1622 433 1678 loco
455 1642 526 1696 quae
548 1632 652 1678 neutro
674 1639 782 1696 genere
805 1622 884 1696 poni,
908 1631 1005 1679 tamen
1026 1625 1146 1681 verbum
1164 1625 1300 1683 substen-

223 1706 315 1763 tivum
329 1725 386 1764 nou
400 1706 569 1783 praedicato
581 1706 703 1782 propius
713 1706 874 1774 admotum,
892 1707 943 1763 sed
960 1708 1038 1764 inter
1054 1708 1126 1766 duas
1138 1711 1300 1785 praedicati

223 1809 320 1856 voces,
344 1810 420 1865 quaa
442 1810 530 1848 unam
555 1791 702 1848 notionem
726 1791 877 1848 continent
898 1792 979 1866 (vitoe
1000 1797 1125 1866 mersio),
1149 1806 1298 1870 receptum

223 1877 388 1933 necessario
417 1876 454 1932 ad
482 1876 682 1951 praedicatum
710 1876 990 1935 accommodaretur,
1035 1877 1130 1952 Quam
1155 1897 1242 1956 saepe
1265 1881 1300 1936 li·

224 1961 313 2017 brarii
326 1980 362 2017 ex
375 1971 408 2024 st,
426 1961 572 2018 scribendi
586 1961 729 2017 rationem
742 1961 921 2036 ignorantes,
933 1962 1059 2019 fecerint
1069 1974 1140 2033 sunt,
1152 1982 1299 2039 quamque

224 2046 252 2102 id
275 2046 427 2120 antiquum
452 2046 588 2102 mendum
612 2045 725 2120 aliquot
743 2046 816 2103 locis
838 2047 877 2103 sit
894 2051 940 2118 (ut
960 2047 990 2103 in
1008 2049 1073 2105 cod.
1091 2050 1159 2106 Par.
1177 2049 1299 2109 Catonis

223 2131 291 2200 §63
314 2141 420 2187 morato
441 2141 503 2188 sunt
524 2141 553 2187 et
576 2131 606 2186 in
629 2132 698 2187 Vat.
713 2131 843 2207 Philipp.
859 2133 894 2200 V,
908 2134 971 2204 47),
994 2133 1056 2195 dixi
1080 2133 1189 2210 Opusc.
1202 2136 1297 2194 Acad.

224 2217 237 2271 l
261 2236 288 2290 p.
305 2218 363 2273 184
387 2225 416 2273 et
438 2216 468 2273 Il
493 2236 521 2292 p.
537 2217 608 2272 222.
643 2217 678 2271 ln
702 2226 774 2272 orat.
790 2217 822 2274 11
846 2217 881 2273 de
904 2217 959 2293 leg.
977 2236 1038 2293 agr.
1053 2219 1091 2275 95
1115 2238 1179 2276 cum
1193 2219 1298 2279 Cicero

222 2301 402 2376 scripsissett
425 2320 459 2357 ea
475 2302 526 2359 buc
543 2304 620 2376 copia
632 2334 671 2344 -
685 2304 805 2376 primum
821 2303 869 2358 illa
885 2312 966 2377 capto
984 2313 1023 2359 eet
1040 2307 1206 2378 arrogantia,
1228 2324 1299 2378 quae

223 2399 277 2442 cet.
302 2420 349 2452 -,
372 2387 468 2442 dando
489 2405 521 2444 ea
543 2389 673 2455 luxuries,
697 2396 849 2460 permeet,
872 2387 901 2442 iu
925 2387 1009 2444 codd.
1026 2389 1132 2462 partim
1156 2389 1297 2464 scriptum

222 2479 265 2526 est
284 2480 350 2545 opta
366 2481 437 2537 ment,
457 2470 564 2547 partim
582 2481 649 2546 opta
658 2473 725 2545 suit,
748 2471 853 2528 deinde
870 2472 908 2528 ab
926 2471 1088 2530 editoribus
1104 2472 1214 2531 factum
1232 2485 1298 2530 noto

221 2566 282 2611 stent
304 2564 355 2611 aut
370 2558 438 2629 suit.
482 2558 602 2630 (Capera
623 2561 806 2630 arrepuntr'am
829 2556 936 2614 dicitur
963 2566 996 2613 ut
1017 2561 1136 2615 unimam
1154 2569 1298 2635 paternum

220 2658 330 2715 copere;
353 2641 475 2697 verbum
499 2641 536 2698 ed
559 2641 641 2716 prius
664 2650 692 2697 et
716 2640 836 2717 propius
858 2651 990 2716 aptatum
1014 2644 1082 2718 cst.)

305 2735 361 2799 out,
387 2721 444 2804 [ut]
466 2728 510 2782 ille
531 2729 608 2801 uprtd
634 2723 798 2804 Terentium)
821 2726 1013 2785 Menedemus
1034 2728 1297 2786 Heautontimoru-

220 2828 328 2866 menos.
363 2811 465 2867 Verba
486 2810 580 2885 ipsius
602 2810 768 2868 Menedemi
791 2813 859 2881 (act.
877 2812 901 2877 Ι,
917 2815 943 2879 1,
956 2812 1008 2886 95)
1026 2831 1044 2868 e
1061 2831 1092 2870 se
1109 2812 1214 2871 referri
1227 2813 1297 2871 Piso

219 2894 381 2970 significat:
405 2905 433 2951 ut
455 2897 494 2952 ait
515 2899 579 2969 ipse.
615 2895 683 2952 Non
700 2905 780 2952 recte
793 2895 943 2953 Bromius:
966 2907 995 2953 ut
1016 2901 1073 2967 aits
1086 2901 1145 2972 ipse
1160 2893 1225 2954 dum
1241 2907 1297 2955 cet.

220 2979 280 3039 Sed
307 2980 464 3036 admodum
493 2980 693 3055 perturbatam
723 2999 786 3037 esse
814 2981 992 3052 orationem,
1023 2982 1163 3039 Davisius
1190 2983 1297 3052 seusit;

220 3083 286 3121 nam
311 3074 378 3139 post
399 3075 447 3121 aru
469 3067 537 3138 (out.
561 3075 590 3120 ut
611 3067 677 3138 ills),
701 3065 875 3140 interposito
893 3067 1039 3141 exemplo,
1063 3067 1137 3123 nihil
1154 3067 1296 3141 sequitur,

219 3150 296 3224 quod
320 3150 495 3206 sententiam
520 3160 549 3206 et
571 3150 688 3226 generis
711 3150 910 3207 definitionem
933 3151 1083 3220 absolvat;
1106 3170 1160 3209 uec
1183 3161 1297 3209 tautum

219 3234 316 3291 exitus
339 3235 482 3292 orationis
509 3235 546 3291 ad
569 3235 736 3310 exemplum
760 3236 997 3293 accommodatur
1019 3256 1141 3294 numero
1163 3239 1297 3309 (insaniens

219 3323 276 3394 epse
298 3330 345 3375 cet
358 3323 377 3392 ).
401 3320 461 3385 sed,
484 3320 513 3376 in
537 3340 596 3394 quo
619 3320 753 3377 concludi
777 3329 808 3376 et
828 3320 929 3395 perfici
947 3321 1042 3378 oratio
1059 3322 1195 3393 debebat,
1218 3323 1249 3380 id
1265 3323 1296 3379 in

219 3405 387 3479 exemplum
405 3404 500 3479 ipsum
518 3406 560 3462 ite
576 3405 737 3463 includitur
753 3410 794 3477 (ut
810 3407 854 3462 ills
870 3408 947 3481 opud
962 3407 1111 3463 Terentium
1125 3439 1159 3449 -
1175 3410 1297 3466 inimicus

219 3493 275 3563 ipse
302 3491 354 3545 eibi
377 3492 516 3564 putandas
538 3495 603 3563 est),
632 3500 666 3547 ut
693 3491 828 3548 institute
856 3491 1003 3547 sententia
1030 3491 1168 3568 negativa
1189 3492 1298 3567 (Neque

219 3576 287 3646 cet.)
310 3592 430 3648 prorsus
453 3585 611 3634 evertatur.
647 3576 730 3633 Haec
747 3585 829 3633 tanta
845 3575 1034 3651 perversitas,
1058 3577 1141 3634 ouius
1164 3595 1296 3653 praeser-

219 3659 271 3714 tim
301 3659 383 3715 nulla
410 3660 530 3716 omnino
557 3678 646 3717 causa
673 3679 711 3717 ex
744 3661 946 3737 implicatione
974 3661 1116 3718 orationis
1143 3673 1296 3738 appareat,

219 3743 329 3800 frustra
356 3745 526 3801 anacoluthi
554 3745 672 3802 nomine
697 3744 814 3803 defendi
838 3746 954 3803 videtur
984 3765 1002 3802 a
1024 3745 1101 3805 Gaio
1123 3756 1154 3803 et
1176 3746 1295 3816 ottone,

219 3829 268 3902 qui
287 3828 351 3885 vitii
371 3829 521 3886 minimam
540 3840 654 3905 partem
671 3843 895 3906 perspexerunt.
931 3831 1037 3888 Deleto
1054 3842 1084 3888 ut
1100 3832 1199 3889 omnia
1215 3841 1297 3889 recta

219 3923 319 3970 amnt:
342 3914 438 3988 Neque
459 3919 536 3984 enim,
559 3919 585 3971 si
605 3947 643 3958 -
663 3927 805 3989 quaerant,
828 3918 942 3973 catilla
963 3918 1041 3992 apud
1066 3918 1216 3975 Terentium
1237 3926 1293 3974 cet.

219 3999 278 4055 Pro
301 3999 423 4056 alterius
446 3999 562 4075 generis
585 3999 754 4058 definitione
777 4019 842 4058 cum
861 4000 998 4077 exemplo
1015 4004 1083 4074 (aut,
1105 4006 1131 4059 si
1151 4006 1201 4077 qui
1221 4003 1295 4059 lobo-

219 4084 293 4140 rn‘bus
315 4104 342 4141 ee
365 4095 470 4151 vacant,
494 4095 524 4141 ut
544 4087 588 4141 ille
611 4089 678 4157 cet.)
700 4085 796 4162 ipsum
820 4087 988 4162 exemplum
1006 4085 1112 4145 Cicero
1134 4086 1295 4156 substituit,

218 4179 257 4238 et,
281 4187 345 4225 cum
369 4169 427 4225 duo
451 4181 548 4226 essent
567 4170 698 4227 subiecta
716 4173 897 4246 (nequeenim
914 4174 962 4239 itti.
986 4176 1078 4246 siqui
1094 4204 1142 4242 -‚
1165 4183 1213 4229 cut
1229 4172 1295 4246 ille),

217 4253 254 4310 ad
278 4254 414 4329 propius,
443 4265 475 4311 ut
497 4273 602 4330 saepe,
630 4257 793 4312 orationem
817 4256 1065 4314 accommodavit:
1092 4262 1214 4316 inimicus
1237 4267 1293 4316 cet.

217 4339 371 4407 (Davisius
393 4349 441 4395 out
463 4340 601 4410 tollebat,
629 4340 735 4397 deiude
764 4341 853 4399 scribi
876 4341 1011 4399 iubebatz
1038 4347 1140 4400 inimici
1168 4347 1223 4419 t'psr'
1242 4342 1296 4400 sibi
