3030 5086
425 477 470 522 ar
493 476 574 521 1111.
597 476 660 522 trs.
683 477 1093 541 111111».11-11.(11-11.)
1233 462 1296 527 471

217 646 269 710 uis
290 663 360 709 cum
382 645 537 709 universa
582 647 732 726 Quaeque
754 655 828 710 suut
848 656 957 711 vetera
978 655 1151 730 praecepta
1172 649 1298 729 sapien-

217 748 313 826 tium,
336 746 389 828 qui
410 746 520 811 iubent
540 747 705 827 tempori
727 767 868 828 parere
889 754 922 813 et
943 750 1051 830 sequi
1074 750 1182 814 deum
1204 755 1237 815 et
1259 769 1299 815 se

221 867 395 927 noscere,
423 855 455 912 et
481 848 579 913 nihil
600 849 728 926 nimie,
757 852 834 915 baec
861 850 928 914 siue
954 849 1091 932 physicis
1119 870 1212 932 quam
1235 850 1298 916 vim

218 951 357 1016 habeant
377 951 424 1031 (et
445 949 561 1015 habeut
581 951 762 1033 maximam)
784 952 889 1015 videre
916 970 1007 1017 nemo
1035 960 1149 1033 potest.
1193 954 1298 1032 Aeque

217 1053 313 1119 etiam
324 1053 366 1116 ad
382 1050 532 1116 iustitiam
544 1052 715 1131 colendam,
732 1053 774 1116 ad
792 1055 925 1118 tuendas
942 1055 1095 1123 amicitias
1112 1060 1144 1118 et
1160 1054 1298 1136 reliquas
1316 1056 1338 1119 5

217 1155 368 1219 cantatas
390 1154 464 1235 quid
489 1162 602 1218 natura
624 1155 742 1234 valeat,
764 1154 841 1221 haec
862 1174 926 1219 una
948 1156 1083 1237 cognitio
1104 1163 1211 1236 potest
1232 1161 1298 1220 tra·

218 1257 305 1329 dere.
360 1256 425 1320 Nec
456 1275 532 1321 vero
564 1257 666 1336 pietas
698 1257 851 1322 adversus
884 1258 978 1335 deos,
1017 1276 1074 1323 nec
1107 1265 1226 1338 quanta
1259 1257 1298 1322 iis

218 1358 325 1441 gratia
352 1358 516 1436 debeatur,
546 1359 614 1422 sine
636 1358 839 1438 explicatione
867 1369 1000 1423 naturae
1026 1359 1163 1441 intellegi
1184 1367 1298 1439 potest.

294 1517 313 1562 1.
332 1511 482 1560 1111111111
519 1516 541 1560 2.
561 1520 582 1559 et
600 1511 667 1574 sequi
684 1521 705 1560 et
723 1511 830 1560 deurrrE
866 1517 881 1559 8
908 1529 950 1562 aec
967 1513 1053 1561 sabeE
1090 1518 1115 1565 6.
1133 1512 1245 1577 capitatio
1256 1514 1300 1562 l’a

223 1584 236 1627 'l
265 1577 318 1628 Nec
336 1597 390 1627 uero
412 1608 439 1615 -
458 1587 535 1642 potest
554 1579 686 1644 Noniusp
712 1586 760 1627 232
780 1590 803 1640 ts
829 1596 850 1629 v.
862 1580 998 1642 advorsum)
1025 1580 1154 1631 adversm
1170 1581 1227 1631 Non
1263 1581 1300 1630 dia

224 1646 455 1714 [A]E(LPM]COr.
493 1656 514 1696 tl.
534 1665 580 1697 nou
596 1657 672 1711 potest
690 1649 712 1696 E

312 1786 440 1860 Quaeque
467 1797 529 1842 erent
552 1819 608 1855 -‚
639 1788 704 1843 baec
725 1791 782 1843 siue
806 1789 926 1862 physicis
948 1790 1018 1862 cet.)
1043 1789 1187 1846 Perverse
1210 1789 1300 1865 vulgo

221 1873 294 1929 haec
306 1872 536 1928 divellebantur:
553 1892 613 1928 cum
625 1876 764 1928 uniuersa:
782 1891 904 1947 quaeque
916 1905 955 1915 -
968 1876 1054 1930 trimis.
1078 1874 1155 1931 Haec
1167 1877 1299 1942 11111111,

219 1957 305 2032 quasi
326 1958 383 2012 boc
407 1957 530 2022 dicatur,
556 1957 592 2012 do
615 1958 700 2013 bonis
723 1966 752 2012 et
776 1958 860 2014 unalis
883 1977 940 2013 non
964 1977 1051 2033 posse
1074 1970 1152 2015 recte
1175 1959 1300 2016 iudicari

222 2043 279 2099 nisi
297 2042 424 2116 cognito,
448 2042 518 2114 quid
541 2042 580 2097 eit
602 2045 714 2116 tempori
729 2062 839 2117 parere,
863 2061 897 2099 ac
919 2062 977 2100 non
996 2044 1068 2099 baec
1087 2044 1299 2114 siccescendo,

222 2127 273 2185 illa
290 2127 355 2201 ipsa
372 2139 530 2201 praecepta
547 2127 610 2183 sine
628 2127 766 2204 physicis,
787 2129 822 2184 de
839 2128 946 2201 quibus
963 2129 1069 2202 agitur,
1089 2128 1222 2204 intellegi
1240 2149 1298 2187 non

221 2231 318 2288 poseo.
363 2214 453 2269 Recte
477 2213 602 2268 Manutii
631 2224 666 2268 et·
689 2214 839 2271 Davisius.
886 2213 1004 2270 Fefellit
1033 2214 1161 2271 editores
1190 2233 1242 2288 que
1270 2215 1300 2271 in

222 2298 347 2354 transitu
370 2300 406 2354 ad
430 2317 536 2353 novara
561 2317 620 2353 rem
641 2309 669 2354 et
687 2309 800 2372 partem
818 2300 1080 2374 argumentationis
1103 2300 1231 2374 positum
1255 2301 1301 2370 (nt

223 2385 298 2453 §672
311 2382 504 2456 (querelamque,
518 2384 541 2442 Ι,
553 2385 602 2439 681
616 2383 752 2458 Quaeque.
768 2386 802 2440 V,
816 2385 862 2439 10:
871 2384 1092 2458 Disserendique,
1105 2384 1143 2441 N.
1154 2386 1190 2441 D.
1200 2386 1240 2451 ΙΙ,
1251 2386 1299 2442 691

226 2471 409 2541 Concr'nueque
426 2480 496 2535 cet.;
517 2469 575 2524 ibd.
592 2470 660 2525 127:
671 2471 843 2542 ‘Ceruoeqna
862 2470 951 2544 Legg.
965 2470 1006 2539 ΙΙ,
1021 2471 1075 2526 30:
1093 2470 1301 2545 Descriptioque

221 2556 402 2614 sacerdotum,
426 2555 490 2627 al.);
513 2573 567 2609 nec
590 2555 644 2610 hoc
667 2574 725 2611 nno
748 2555 813 2610 loco
836 2555 866 2610 id
888 2554 1003 2611 accidit.
1049 2555 1140 2612 Velut
1162 2556 1177 2612 1
1201 2555 1238 2612 N.
1264 2557 1300 2612 D.

223 2628 263 2694 '24
287 2639 359 2694 haec
381 2640 485 2694 verba:
509 2641 634 2713 quodque
656 2645 682 2695 in
705 2650 795 2696 riostro
816 2659 926 2714 corpore
951 2672 986 2682 -
1011 2643 1039 2695 io
1061 2642 1110 2698 deo
1132 2658 1190 2698 non
1214 2659 1301 2716 supe·

222 2725 292 2780 riori
317 2725 480 2780 sententiae
498 2725 658 2780 adhaerere
676 2725 792 2792 debent,
816 2726 867 2781 sed
885 2744 978 2780 novae
996 2725 1025 2781 in
1044 2725 1080 2782 iis
1097 2725 1213 2782 initium
1232 2743 1301 2783 oon·

222 2809 319 2876 stitui;
343 2810 484 2864 transitur
506 2811 583 2864 enirn
607 2810 644 2864 ad
667 2810 815 2866 notionem
835 2810 880 2865 dei
898 2810 996 2866 calore
1014 2821 1043 2866 et
1060 2810 1171 2885 frigore
1188 2810 1299 2869 vexati.

224 2896 321 2951 Prave
344 2895 592 2969 interpunguntur
615 2895 705 2951 verba
727 2896 757 2950 in
770 2894 853 2953 Orat.
866 2900 881 2963 ξ
895 2896 945 2963 59,
968 2896 1019 2951 nbi
1042 2895 1072 2950 in
1090 2913 1162 2952 voce
1179 2897 1301 2969 ideaque

223 2980 365 3035 transitur
392 2999 409 3034 a
438 2980 518 3035 vocis
548 2981 585 3035 ud
614 2991 710 3036 motus
737 2981 1059 3047 commemorationem,
1090 2999 1165 3054 quae
1193 2981 1301 3038 divisio

223 3065 320 3140 posita
342 3076 386 3121 est
409 3066 486 3134 555.
526 3062 690 3144 [Attigerat
714 3065 790 3121 bunc
814 3084 898 3121 usum
914 3065 1067 3122 Ernestius
1084 3066 1122 3122 ad
1135 3066 1216 3124 Svet.
1228 3066 1300 3122 Ner.

224 3151 263 3206 38
292 3151 388 3206 alieno
412 3147 501 3229 loco]
553 3152 644 3206 Vetera
667 3150 760 3207 Gzius
788 3151 817 3205 in
847 3162 961 3207 ueterum
992 3151 1098 3207 mutari
1121 3151 1198 3217 vult,
1227 3169 1299 3224 quo·

222 3236 309 3292 modo
332 3236 420 3291 scribi
444 3247 512 3310 apte
535 3247 650 3310 poterat
673 3231 980 3316 [ο11.111,1711111.].
1004 3237 1093 3293 scribi
1116 3236 1159 3292 sic
1181 3254 1301 3292 necesse
1390 3225 1395 3234 ’

223 3339 279 3377 non
304 3332 375 3376 erat.
420 3322 538 3378 Pridem
564 3323 635 3378 haec
658 3341 675 3378 a
698 3321 881 3395 sapientibus
901 3321 1068 3378 hominibus
1091 3329 1249 3396 praecepta
1271 3331 1302 3378 et

223 3425 276 3480 per
299 3406 405 3461 multas
427 3417 539 3463 aetates
562 3409 711 3464 celebrate
733 3405 808 3464 Cato
830 3407 985 3482 significat.

308 3495 420 3562 tempori
437 3495 548 3565 parere)
572 3494 654 3550 Alibi
678 3494 734 3550 hoc
756 3503 943 3566 praeceptum
968 3493 1046 3549 inter
1068 3491 1235 3548 huiusmodi
1258 3490 1302 3547 ef·

222 3573 285 3630 feta
307 3592 364 3629 non
389 3591 649 3645 commemoratum
673 3588 817 3635 ettamen
842 3579 883 3634 ita
905 3578 1070 3635 eommunis
1091 3577 1164 3633 haec
1187 3588 1231 3632 est
1251 3577 1302 3633 ad·

224 3659 345 3714 monitio
376 3657 480 3734 (καιρῷ
502 3651 652 3736 λατρεύειν
674 3661 740 3736 μηδ’
766 3655 927 3719 ἅντιπιέειι
951 3653 1116 3735 ἀνέμοισιν,
1147 3662 1302 3738 Phocylid.

224 3763 251 3798 v.
279 3744 424 3816 112),111
448 3744 583 3803 videatur
605 3746 700 3803 locum
724 3767 808 3804 suum
832 3747 907 3803 tueri
931 3765 985 3803 nec
1007 3748 1112 3803 cedere
1134 3747 1241 3802 debere
1264 3748 1302 3817 ei,

222 3829 300 3902 quod
320 3829 470 3884 Victorius
488 3830 586 3899 (Varr.
604 3832 698 3888 Lectt.
717 3833 772 3897 XI.
794 3833 845 3905 19)
868 3851 883 3886 e
907 3832 990 3890 Stob.
1009 3832 1102 3890 Serm.
1120 3832 1166 3888 tit
1184 3831 1243 3901 ΙΙΙ,
1261 3832 1301 3889 80

223 3935 251 3989 p
278 3916 316 3970 47
342 3913 433 3971 Gesn.
459 3926 489 3970 et
511 3913 605 3973 Clem.
630 3917 777 3973 Alexand.
802 3918 909 3975 Strom.
936 3919 1014 3991 Vp.
1040 3917 1100 3973 237
1126 3917 1208 3992 Sylb.
1231 3917 1301 3973 sub·

207 4001 327 4067 stituit,
352 4005 462 4073 tempori
480 4019 594 4074 parcere
610 3986 732 4077 (χρόνον
755 3995 884 4075 φείδου).
920 4002 1077 4058 Phraein
1069 4020 1162 4076 ipsam
1176 4001 1304 4078 (tempori

219 4084 333 4162 parere)
350 4085 527 4157 aliquotiens
550 4085 722 4144 aCicerone
741 4086 866 4160 positum
885 4104 959 4154 esse,
983 4096 1083 4143 notum
1107 4096 1161 4143 est
1195 4085 1303 4143 Cetera

222 4182 382 4244 pervagata
410 4182 493 4239 sunt,
522 4162 593 4226 ἕπου
616 4167 693 4241 θεῷ,
722 4171 799 4243 quod
824 4171 1012 4262 Pythagorae
1040 4171 1181 4228 tribuitur
1205 4171 1300 4269 (Lips.

221 4256 258 4311 ad
287 4257 356 4314 Seu.
387 4256 421 4311 de
451 4258 523 4312 Vita
552 4255 644 4311 Beata
675 4254 741 4328 15),
771 4252 864 4330 γνῶθι
893 4240 1020 4312 σεαυτόν
1047 4265 1077 4312 et
1103 4244 1244 4330 μηδὲν
1224 4274 1303 4331 αγαι

222 4338 355 4417 (Menag.
378 4342 415 4397 ad
439 4342 526 4416 Diog.
553 4339 647 4396 Laert.
671 4341 696 4409 Ι,
722 4343 772 4409 40,
797 4339 860 4414 41).

307 4430 364 4483 siue
385 4429 559 4502 explicatione
575 4426 703 4501 nemeae)
690 4424 825 4503 )[Quod
843 4422 981 4484 Baiterus
1004 4424 1083 4500 apud
1106 4424 1238 4483 Nonium
1259 4425 1306 4482 ait
