3030 5086
457 391 501 438 nr
524 390 606 438 usn.
630 389 693 436 nm.
715 389 727 435 1
750 389 822 438 cre.
846 395 920 440 a--a
942 391 1074 454 (rr-1⁴.)
1258 376 1298 440 31

219 577 337 624 norum
359 559 563 625 etmalorum
586 557 652 624 fere
674 557 799 624 anobis
822 559 1008 639 explicatam
1030 578 1100 625 esse
1120 559 1170 624 his
1188 559 1301 625 litteris

187 692 197 704 ·
221 660 427 741 arbimsmm,
449 660 482 726 in
504 660 632 742 quibus,
655 666 806 742 quantum
828 660 999 741 potuimus,
1027 679 1088 726 non
1112 663 1204 727 modo
1225 662 1300 743 quid

222 763 314 829 nobis
341 765 543 844 probaretur,
571 763 748 828 sedetiam
776 763 851 844 quid
879 781 900 827 a
927 762 1055 843 singulis
1082 763 1299 845 philosophiae

220 866 395 948 disciplinis
417 866 582 945 diceretur,
604 865 760 947 persecuti
782 883 898 930 sumus.

310 967 348 1031 V.
393 968 442 1033 13.
472 967 516 1033 Ut
537 973 642 1033 autem
663 987 684 1032 a
704 965 858 1032 facillimis
880 966 1049 1046 ordiamur,
1071 966 1173 1048 prima
1195 967 1338 1033 veniath

171 1089 174 1092 ⁴
219 1069 254 1133 in
271 1068 409 1134 medinm
424 1068 552 1149 Epicuri
568 1069 657 1148 ratio,
673 1087 756 1151 quae
771 1068 931 1149 plerisque
947 1068 1110 1133 notissima
1126 1075 1183 1150 est,
1206 1087 1300 1149 quam

221 1189 242 1235 a
265 1171 356 1235 nobis
377 1170 423 1234 sic
443 1169 604 1252 intelleges
626 1170 814 1252 expositam,
842 1177 877 1234 ut
903 1169 943 1235 ab
965 1169 1057 1250 ipsis,
1085 1170 1139 1250 qui
1160 1189 1230 1234 eam
1252 1171 1299 1236 di·

219 1272 383 1353 sciplinam
405 1272 554 1352 probant,
577 1290 639 1336 non
662 1272 762 1336 soleat
782 1271 960 1336 accuratius
982 1271 1138 1366 explicari.
1183 1273 1300 1338 Verum

220 1374 304 1439 enim
326 1373 466 1438 inuenire
488 1374 640 1452 volumus,
662 1392 724 1438 non
747 1378 906 1454 tamquam
929 1373 1144 1438 adversarium
1165 1373 1299 1455 aliquem

220 1475 414 1540 commorere
458 1477 613 1539 Accurate
634 1480 739 1540 autem
761 1476 919 1556 quondam
940 1493 960 1538 a
981 1474 1016 1539 L.
1040 1474 1216 1556 Torquato,
1243 1477 1298 1541 ho·
1318 1474 1359 1540 10

220 1577 305 1641 mine
326 1576 409 1640 omni
432 1576 574 1661 doctrina
600 1577 738 1655 erudito,
768 1574 897 1641 defensa
919 1583 968 1640 est
989 1575 1117 1658 Epicuri
1143 1577 1299 1641 sententia

221 1678 264 1743 de
285 1677 459 1758 voluptate,
481 1695 501 1742 a
523 1695 634 1759 meque
655 1677 683 1742 ei
705 1695 906 1759 responsum,
936 1695 1005 1741 cum
1028 1676 1060 1742 G.
1084 1678 1239 1758 Triarius,
1266 1679 1297 1761 in

220 1779 333 1860 primis
359 1778 465 1861 gravis
492 1784 525 1844 et
540 1775 662 1844 'doctus
689 1777 888 1858 adulescens,
918 1778 946 1843 ei
973 1778 1179 1859 disputationi
1201 1779 1297 1844 inter·

220 1888 315 1946 esset.
360 1882 409 1944 14.
432 1879 513 1944 Nam
535 1898 605 1945 cnm
626 1883 667 1946 ad
689 1899 738 1945 me
765 1880 795 1944 in
820 1878 992 1945 Cumanum
1019 1880 1178 1945 salutandi
1204 1899 1298 1945 causa
1402 1913 1406 1921 ·

295 2039 315 2083 l.
335 2033 409 2081 t't‘shd
446 2036 468 2082 2.
488 2031 615 2082 modcom
643 2033 665 2081 E
701 2032 917 2096 qoidaaohr'rE
962 2037 1086 2084 8.aom.
1107 2034 1130 2080 R
1164 2040 1195 2082 .4.
1217 2031 1297 2099 [dusci-

216 2099 362 2168 plinosh¹1
383 2099 541 2164 (1ὺοίραὶἰεῦ
577 2106 598 2149 5.
618 2099 757 2150 ordinamur
774 2102 819 2149 El.
857 2104 878 2150 7.
901 2099 1026 2167 [ab(antc
1043 2099 1237 2168 psalomffl]
1267 2103 1298 2151 ab

219 2167 307 2220 liae
344 2173 382 2220 lc.
402 2167 523 2232 mandam
542 2167 577 2218 M.
601 2167 725 2232 Torquato
744 2172 802 2230 (om.
822 2170 889 2229 alli
928 2173 966 2221 12.
991 2168 1019 2217 Τ.
1044 2167 1196 2220 TrianicsC

217 2291 321 2348 floruit
342 2291 437 2364 (Brut.
454 2291 534 2363 175),
558 2290 587 2346 in
611 2290 713 2348 eodem
735 2309 842 2366 genere
866 2290 980 2346 landem
1005 2300 1033 2346 et
1056 2289 1160 2348 Cicero
1183 2291 1298 2366 aliquo·

218 2376 300 2432 tiens
322 2386 529 2432 commemorat
560 2385 589 2432 ct
611 2375 793 2450 Pomponius
816 2375 883 2450 Dig.
906 2377 936 2444 I,
962 2376 995 2445 ί),
1020 2375 1038 2431 2
1062 2380 1077 2445 5
1101 2376 1149 2432 39.
1185 2374 1297 2453 [Neph-

215 2469 322 2533 qurrtur
343 2460 431 2517 etiam
455 2460 489 2528 B,
512 2460 641 2517 correxit
664 2457 785 2536 Aldus]

309 2546 350 2602 hia
377 2543 485 2622 litteris)
513 2545 607 2601 Libris
641 2545 726 2601 multi
755 2545 940 2601 scribendum
970 2555 1127 2619 putarunt,
1158 2547 1296 2619 quemad·

217 2630 340 2687 modum
363 2639 407 2686 est
429 2629 550 2686 Tuscul.
572 2630 635 2696 111,
660 2632 694 2686 o:
724 2630 765 2686 his
793 2640 881 2687 artata
903 2630 980 2685 libris
1002 2633 1123 2704 ecpcaita
1145 2640 1207 2687 eant
1228 2643 1296 2697 cet,

216 2715 321 2789 itaque
348 2715 377 2773 in
401 2713 504 2774 Ursini
527 2711 636 2788 ccd.(?)
666 2725 695 2770 et
718 2714 763 2770 El.
792 2715 889 2789 priore
917 2724 990 2770 erat.
1036 2715 1101 2771 Nec
1123 2714 1186 2771 sine
1208 2733 1298 2772 causa

217 2798 393 2870 offenditur,
428 2799 596 2873 cumipse,
630 2799 681 2873 qui
703 2798 828 2856 alterum
851 2797 996 2866 defendit,
1031 2800 1167 2856 Bromius
1194 2802 1297 2858 littam

218 2885 258 2940 de
280 2884 363 2941 libris
385 2885 415 2940 in
437 2883 607 2940 universnm
631 2883 701 2958 poni
724 2883 811 2952 diest,
835 2902 892 2941 non
912 2883 947 2939 de
964 2892 1044 2941 certo
1062 2883 1189 2957 quodam
1206 2884 1296 2941 libro·

216 2988 285 3026 rum
306 2987 422 3045 genere.
467 2969 588 3025 Rectius
610 2968 748 3039 dixisset,
776 2988 835 3025 non
863 2969 899 3025 de
927 2969 1015 3025 certis
1043 2969 1141 3034 libris;
1170 2987 1237 3025 nam
1260 2970 1296 3025 de

217 3073 327 3127 genere
360 3065 389 3110 ct
422 3053 458 3109 de
491 3054 627 3110 omnibus
660 3053 710 3121 iis,
745 3072 820 3127 quas
850 3054 886 3110 dc
914 3054 1015 3127 aliqua
1041 3073 1073 3110 re
1096 3054 1206 3129 scripta
1228 3056 1295 3122 sint,

219 3139 347 3213 ponitur.
392 3138 529 3213 Nugatur
552 3137 661 3207 Gzius,
695 3157 754 3194 non
785 3138 899 3195 litteras
932 3157 986 3212 pro
1013 3139 1106 3195 libris.
1126 3139 1210 3213 poni,
1245 3139 1295 3195 sed

218 3223 393 3298 significari:
422 3228 450 3279 io
478 3224 566 3279 dicam·
587 3224 707 3296 Schrift3
743 3224 828 3297 qussi
855 3223 885 3279 id
913 3223 993 3279 aliud
1022 3223 1069 3280 sit.
1116 3223 1231 3282 Similia
1258 3243 1296 3280 ex

218 3308 320 3382 alique
341 3317 424 3383 perte
447 3317 516 3364 sunt
537 3308 611 3365 haec
633 3308 681 3377 (de
704 3307 788 3366 Orat.
811 3309 836 3378 I,
859 3308 945 3380 192):
976 3328 1060 3383 aeque
1081 3311 1119 3364 ita
1141 3311 1231 3365 irraltia
1253 3313 1295 3365 lil-

218 3395 283 3450 teris
310 3402 358 3448 aat
385 3393 560 3448 volrirm'rrihas
586 3396 691 3466 mapula
718 3397 883 3450 coadorentur
905 3401 935 3449 et
957 3393 1005 3467 (de
1027 3393 1096 3450 Div.
1120 3395 1166 3464 II,
1191 3395 1237 3468 5):
1267 3404 1296 3451 ut

221 3477 335 3535 Graecia
357 3479 391 3534 de
410 3477 581 3552 philosophia
603 3481 697 3534 liltem'a
719 3498 770 3534 oco
792 3488 898 3551 apcaat.
927 3488 1048 3553 propter
1069 3478 1185 3535 adiecta
1206 3475 1296 3534 cirillia

218 3574 248 3618 et
270 3563 303 3619 de
323 3563 508 3637 philosophia,
531 3558 575 3641 [et
597 3562 647 3636 (ad
669 3564 752 3619 Fam.
775 3563 846 3632 XV,
871 3565 904 3632 4,
932 3563 996 3634 lm:
1028 3567 1054 3618 ia
1076 3567 1148 3619 acroi
1168 3567 1296 3619 varietate

216 3649 367 3704 litterarum
388 3666 518 3717 incoram,
541 3649 624 3704 Brut.
646 3648 717 3717 205,
741 3666 795 3722 pro
812 3647 904 3704 Arch.
928 3645 990 3723 14],
1014 3665 1068 3704 nec
1091 3657 1189 3703 tamen
1213 3667 1295 3723 pror·

216 3749 276 3788 sus.
320 3732 394 3789 Mox
422 3733 562 3806 diaapnlia
585 3733 723 3789 mendose
746 3732 834 3788 etiam
864 3732 895 3787 in
919 3731 995 3806 Spir.
1020 3742 1049 3789 et
1072 3731 1150 3790 Gud.
1176 3734 1192 3788 2
1222 3741 1294 3803 erat,

216 3815 353 3890 idemque
378 3815 532 3892 „Scaliger
553 3817 591 3873 ad
614 3836 695 3874 oram
718 3817 787 3873 libri
810 3817 943 3875 allevit“.

303 3900 375 3976 Cap.
399 3903 436 3970 V,
464 3902 511 3957 13.
561 3902 597 3959 Ul
618 3913 706 3958 atatem
733 3922 751 3957 a
771 3904 914 3974 facillimis
937 3899 1089 3978 ordiamur)
1120 3901 1216 3975 Saepe
1238 3902 1294 3957 hoe

216 3984 322 4043 (icero
345 3995 375 4041 et
397 3985 460 4042 iure
483 3985 562 4047 dicit.
586 3985 757 4042 facillimam
781 4006 844 4043 esse
857 3986 977 4060 Epicuri
996 3985 1192 4060 disciplinam,
1216 3986 1293 4059 quod

216 4069 299 4126 nulla
320 4071 359 4127 sit
381 4070 410 4126 in
434 4089 469 4126 ea
492 4071 655 4131 subtilitas.
678 4071 759 4127 nulla
782 4091 878 4128 rerum
903 4071 1096 4127 verborumve
1120 4071 1292 4127 obscuritas.

216 4154 279 4213 Cir.
304 4159 318 4224 5
342 4155 391 4223 27,
419 4155 508 4212 Tusc.
533 4156 587 4223 IV,
612 4159 628 4212 6
654 4166 683 4212 et
706 4157 737 4212 7.
780 4156 876 4213 Paulo
898 4167 978 4230 post,
1013 4174 1076 4212 cum
1101 4155 1237 4211 ederetur
1259 4155 1293 4211 ab

218 4240 267 4297 hie.
291 4239 320 4296 in
338 4259 396 4315 mg.
408 4238 490 4298 Crat.
514 4250 543 4297 et
566 4260 582 4297 e
605 4241 669 4299 cod.
683 4242 762 4298 Vici.
781 4251 940 4298 annotatur
958 4241 992 4296 ab
1009 4244 1085 4315 ipsis.
1120 4241 1198 4297 Vid..
1217 4259 1292 4314 quae

216 4323 351 4381 dicentur
372 4325 409 4380 ed
431 4327 472 4383 11.
497 4325 546 4381 93.
