3030 5086
488 1303 539 1375 M.
568 1302 737 1376 TULLII
764 1303 1033 1378 CICERONIS

741 1499 789 1564 DE

288 1665 526 1758 FINIBIIS
556 1667 829 1760 BONORIIII
859 1665 923 1758 LI
954 1669 1236 1788 MILORUM

624 1888 733 1955 LIBER
755 1890 899 1956 PRIMUS.

609 2187 918 2255 ARGUMENTUM.

223 2291 329 2390 Initio
351 2323 422 2388 ldrri
444 2323 546 2390 Cicero
563 2323 611 2387 M.
630 2323 769 2388 Brutum
786 2323 943 2408 ahoqueus
965 2325 1121 2390 oousihiurrt
1142 2346 1232 2390 suum
1253 2347 1298 2405 cu,

223 2446 298 2509 arrae
320 2425 435 2490 Graeci
455 2427 492 2491 de
506 2426 700 2508 phdosophia
720 2427 917 2507 scripsissent,
939 2426 1063 2491 Latinis
1084 2427 1190 2493 litteris
1210 2450 1300 2493 ruau-

221 2527 314 2591 daudi
336 2549 358 2591 a
379 2529 634 2610 eituperatorrhus
660 2529 702 2593 sio
723 2527 868 2609 defendit,
896 2534 946 2607 ut,
975 2529 1121 2610 auouiaur
1143 2530 1301 2594 uniuersae

215 2627 425 2711 phrhosophr'ae
444 2630 706 2712 reprehensoribus
727 2632 761 2695 iu
777 2630 940 2697 Hortensio
963 2651 1140 2712 responsura
1161 2632 1208 2709 sit,
1231 2651 1300 2695 cou-

190 2781 192 2784 .
220 2738 271 2796 tra
297 2753 347 2797 eos
372 2738 490 2810 autem,
518 2733 572 2814 aui
591 2732 818 2815 philosophiam
845 2756 908 2800 nou
930 2753 1062 2816 prorsus
1082 2726 1222 2811 reiciunt,
1246 2724 1302 2797 'sed
1366 2727 1369 2731 ’

203 2834 324 2921 ,ηιὶηκε
344 2834 438 2899 shedii
458 2839 488 2898 et
508 2855 616 2914 operae
637 2835 669 2898 iu
691 2857 727 2899 ea
742 2837 921 2917 ponendum
936 2842 1062 2918 putent,
1083 2855 1229 2918 puanare
1248 2835 1301 2898 oia

218 2956 296 3017 opus
316 2936 365 3010 sit,
388 2956 435 3000 eos
456 2937 589 3001 uariare
608 2936 735 3018 refellat,
760 2939 814 3019 aui
840 2938 963 3003 Graeca
984 2940 1098 3019 scripta
1120 2936 1211 3019 tepere
1233 2958 1299 3000 rriu-

217 3037 291 3116 Iiut,
320 3037 432 3102 Lotiue
459 3058 602 3103 correusa
624 3038 721 3103 uoiiut
743 3042 787 3120 (c.
811 3043 925 3124 1-3).
978 3041 1018 3106 Se
1043 3060 1127 3116 ouo,
1156 3039 1300 3120 querrrad·

220 3139 345 3202 nrocturu
367 3139 438 3204 otim
459 3141 502 3204 rei
517 3140 658 3221 publicae
679 3161 727 3206 res
746 3142 875 3224 pererrdo
896 3163 959 3206 uou
982 3142 1123 3222 desierit,
1145 3142 1187 3205 sic
1208 3161 1299 3218 uuuc,

217 3241 355 3324 ueahcchs
377 3243 631 3320 obtrectatoribus,
654 3242 890 3321 elaboraturum,
912 3249 948 3308 ut
964 3245 1039 3308 ciues
1056 3245 1118 3308 siut
1133 3264 1225 3330 opera
1241 3262 1299 3306 sua

217 3343 372 3408 doctiores.
423 3345 487 3409 Nec
514 3346 684 3426 quidquam
711 3365 785 3424 esse,
813 3347 894 3427 arcad
914 3347 1020 3426 potius
1041 3346 1166 3410 scrihere
1187 3344 1299 3421 debeat,

219 3466 315 3527 aream
326 3445 407 3524 hoec,
424 3447 457 3510 in
474 3447 583 3528 quihus
596 3447 787 3530 araussimo,
807 3467 885 3528 quae
896 3447 1120 3527 philosophiam
1137 3447 1297 3523 contiueat,

219 3548 355 3628 areaestio
381 3548 561 3614 desummo
588 3547 664 3613 houo
684 3553 891 3629 pertractetur
918 3550 963 3628 (c.
986 3552 1037 3631 4).
1093 3547 1132 3612 Ut
1153 3553 1255 3611 arcteris
1276 3569 1298 3610 a

216 3647 369 3728 facilioris
385 3651 534 3728 ordimur,
556 3650 594 3714 ab
607 3649 742 3731 Epicuro
757 3650 879 3713 iuitiuut
898 3648 983 3729 facit,
1005 3651 1091 3714 acius
1106 3649 1296 3729 disaphiuaru

218 3757 359 3815 acuerate
380 3752 536 3833 quondam
557 3773 578 3816 a
599 3751 637 3816 L.
663 3752 827 3835 Torquato,
850 3770 918 3814 curre
947 3749 980 3815 0.
1008 3751 1150 3816 Triarius
1171 3751 1295 3829 adesset,

218 3852 303 3932 aprrd
323 3873 354 3917 se
374 3854 407 3916 in
435 3852 574 3917 Cumauo
596 3855 763 3934 expositam
790 3873 849 3918 esse
875 3858 988 3917 uarrat
1008 3859 1036 3917 ct
1058 3858 1164 3917 eontra
1185 3874 1252 3916 earu
1274 3875 1296 3916 a

217 3974 248 4018 se
258 3954 446 4034 dispuctaturrr
459 3955 503 4035 (c.
511 3957 560 4037 5).
584 3956 670 4019 Narro
681 3974 749 4018 curu
758 3955 933 4036 Torquatus
944 3976 959 4018 e
972 3953 1113 4019 Ciceroue
1124 3955 1294 4036 quaesisset,
1345 3940 1349 3949 ¹

218 4077 296 4137 auae
317 4061 391 4120 essct
412 4076 515 4134 causa,
537 4076 591 4120 cerr
614 4059 713 4121 uiirrus
730 4056 901 4137 Epicurum
919 4058 1077 4137 probaret,
1105 4055 1207 4121 Cicero
1229 4058 1293 4120 hre-

218 4159 292 4221 uiter
313 4177 430 4221 ourueu
453 4157 582 4238 Epicuri
596 4158 822 4239 philosophiam
850 4160 892 4222 sic
912 4161 1081 4239 pacrerrit,
1111 4164 1146 4221 ut
1171 4159 1292 4222 deprau-

218 4263 298 4337 stret,
322 4259 397 4340 auid
418 4259 451 4322 iu
466 4259 609 4342 physicis,
631 4260 799 4336 dialecticis,
829 4260 930 4326 ethicis
951 4263 1014 4325 eius
1034 4260 1177 4325 desideret
1197 4265 1225 4324 et
1246 4282 1293 4324 re-

1052 4382 1084 4435 1*
