3030 5086
504 498 548 543 nr
571 497 652 544 unu.
674 498 737 544 nus.
760 499 797 544 ru
819 498 891 546 car.
911 502 934 546 e.
953 500 1018 565 (at.)
1233 483 1299 549 375

219 683 284 746 quo
297 665 401 729 omnia
416 663 584 730 referenda
600 672 681 744 sunt,
698 665 829 731 honeste
845 665 928 732 faeta
944 667 1110 749 ipsumque
1123 668 1298 748 honestum,

293 873 312 918 1.
332 886 377 931 quo
396 884 446 918 om.
466 868 486 919 C
521 868 601 917 omniu
622 869 748 933 reserenda
765 880 819 919 sunt
837 871 895 932 (sint
914 872 947 934 Ε)
971 871 1050 921 omniu
1071 870 1215 939 [MEPMB
1237 875 1299 936 rese·

220 936 296 985 rende
313 946 367 985 suist
385 937 464 986 omnia
483 937 503 986 C
538 938 632 987 donate
642 942 718 1001 sacta
735 954 785 987 om.
805 938 848 990 Or.

220 1126 330 1199 petitus
357 1137 387 1182 et
413 1127 522 1184 amoris
551 1127 595 1183 sui
625 1128 814 1196 omittebant,
846 1128 896 1201 qui
924 1129 1106 1203 singulorum
1135 1129 1298 1186 commodis

219 1211 311 1266 vitam
335 1220 468 1268 recturus
491 1212 656 1271 videbatur.
710 1212 769 1271 Sed
797 1223 830 1270 ut
858 1213 930 1270 haee
960 1214 1167 1271 convenientis
1194 1227 1299 1272 norma

219 1296 346 1370 quadam
369 1295 537 1353 efficeretur
553 1309 583 1354 et
599 1307 759 1372 regeretur,
782 1298 964 1372 cogebantur
981 1309 1103 1356 naturae
1119 1299 1297 1356 couvenien-

220 1382 291 1437 tiam
304 1380 448 1437 advocare
461 1371 627 1456 (ὁμολογεῖν
639 1379 675 1456 τῇ
687 1370 783 1455 φύσει,
802 1377 852 1457 ζῆν
870 1373 1112 1458 ὁμολογουμένως
1128 1381 1165 1457 τῇ
1181 1367 1296 1456 φύσεος

219 1483 296 1540 quae
318 1476 395 1522 esset
417 1475 515 1522 eutem
533 1466 688 1523 universae
707 1476 829 1523 naturae
846 1467 895 1523 lex
913 1477 943 1523 et
960 1467 1107 1541 quomodo
1124 1468 1155 1524 in
1172 1468 1297 1544 singulis

221 1551 510 1625 naturisappareret,
535 1561 692 1625 propterea
703 1551 853 1609 difficilius
871 1552 1077 1627 expediebant,
1101 1553 1180 1627 quod
1202 1553 1298 1622 initio,

219 1653 284 1691 curn
314 1635 350 1692 de
378 1636 423 1692 sui
445 1653 546 1692 amore
569 1636 720 1704 dicebant,
751 1637 878 1694 hominis
900 1647 1035 1692 naturam
1064 1637 1102 1693 ab
1124 1655 1160 1693 ea
1182 1646 1296 1695 tautum

220 1730 304 1795 parte
325 1728 506 1795 spectarent,
530 1738 607 1793 quae
629 1730 692 1778 tota
713 1723 742 1778 in
767 1740 798 1778 se
821 1739 964 1779 conversa
986 1731 1072 1778 esset.
1115 1723 1222 1796 Itaque
1243 1740 1299 1780 nec
1397 1762 1400 1768 -

219 1805 309 1862 oflicii
333 1805 414 1862 notio
437 1807 474 1861 ab
497 1805 553 1861 hac
576 1806 690 1881 origine
707 1817 802 1863 tracta
818 1825 883 1863 eum
904 1824 1019 1863 summa
1039 1807 1091 1863 illu
1114 1807 1179 1882 lego
1201 1808 1297 1864 coale-

219 1891 320 1946 scebat
336 1900 366 1946 et
382 1890 412 1945 in
431 1890 499 1946 boni
518 1890 637 1947 notione
653 1891 800 1949 desideria
811 1900 933 1948 naturae
950 1892 1131 1967 singulorum
1149 1910 1180 1949 se
1198 1903 1299 1967 spreta

219 1993 283 2031 esse
306 1974 481 2031 clamabant.
527 1974 586 2032 Sed
609 1975 713 2034 Cicero
737 1977 798 2046 hic,
826 1986 981 2051 postquam
1011 1976 1199 2034 selectionem
1227 1993 1296 2034 cou-

218 2070 344 2117 stantem
368 2070 623 2134 consentaneamque
644 2073 759 2119 naturae
779 2062 952 2131 nominavit,
975 2061 1081 2119 deinde
1098 2072 1197 2119 tamen
1207 2061 1297 2121 Cato·

219 2164 285 2201 nem
314 2145 427 2202 inducit
454 2146 518 2202 sols
541 2146 593 2201 illa
615 2137 775 2222 ὁμολογίας
796 2147 916 2204 notione
937 2155 1084 2217 utentem3
1112 2147 1150 2203 ed
1173 2147 1297 2204 alteram

218 2229 374 2287 formulam
398 2231 505 2287 transit
528 2233 611 2301 ξ26,
635 2231 707 2288 haec
730 2250 788 2287 non
812 2243 988 2289 connectens
1011 2243 1063 2289 aut
1083 2232 1253 2289 concilians.
1302 2239 1307 2249 '

304 2318 378 2389 qnod
404 2335 463 2372 crem
486 2336 608 2372 -cum
635 2319 718 2389 igitur
738 2314 809 2394 cet.)
832 2316 906 2376 Cum
934 2317 1143 2374 intervenisset
1164 2317 1298 2374 definitio

218 2400 343 2456 relativa
366 2401 511 2457 sententia
533 2402 746 2476 comprehense
767 2405 807 2472 (in
827 2421 865 2469 eo,
888 2404 983 2476 quod),
1006 2402 1111 2461 Cicero
1134 2403 1297 2459 orationem

218 2486 383 2542 institutam
407 2487 449 2542 sie
471 2496 592 2542 revocat
613 2487 685 2555 (cnm
706 2490 815 2559 initur),
845 2496 877 2542 ut
899 2487 987 2544 simul
1008 2487 1178 2562 primariam
1202 2487 1298 2544 notio·

219 2589 284 2626 nem
308 2571 368 2627 alia
389 2565 484 2627 forms
507 2572 745 2645 comprehendat,
769 2590 828 2645 qua
849 2572 879 2628 in
903 2573 960 2627 fine
977 2571 1143 2630 definiendo
1160 2573 1203 2628 uti
1221 2572 1297 2630 sole·

219 2657 303 2712 bant:
327 2657 357 2712 id
379 2657 482 2725 bonnm,
505 2675 558 2729 quo
580 2660 668 2712 omnin
690 2657 833 2730 reserenda
855 2660 908 2713 sint
930 2657 1001 2729 (vid.
1019 2657 1093 2725 adl,
1106 2657 1169 2730 29).
1203 2655 1298 2715 Gaius

217 2759 283 2797 cum
312 2740 353 2797 sic
382 2740 643 2797 demonstrativum
673 2761 690 2797 a
717 2742 843 2798 relativo
871 2741 1036 2799 divellisset
1062 2751 1093 2798 et
1120 2742 1297 2799 sententiam

219 2818 406 2900 peremisset:
421 2829 538 2900 positum
555 2831 590 2882 sit
607 2830 634 2882 in
651 2847 680 2883 eo
697 2828 785 2901 (qnod
796 2858 838 2869 -
846 2829 968 2902 placeo:
985 2847 1046 2884 cum
1061 2837 1126 2895 cet,
1144 2827 1297 2901 ascripsit:

221 2911 348 2976 „Mirum
371 2920 424 2976 est,
448 2911 526 2984 qnod
550 2912 658 2969 totiens
670 2913 739 2969 VV.
753 2913 822 2971 DD.
843 2912 873 2968 in
892 2912 1060 2987 parenthesi
1077 2912 1215 2987 ponenda
1232 2929 1297 2968 cae·

218 2997 359 3053 cutiunt.“
399 2997 495 3054 Omnia
517 2997 661 3053 editiones
683 3007 751 3054 ante
775 2996 898 3066 Gaium,
922 2997 1058 3055 Lambini
1082 3007 1221 3071 excepta,
1246 3015 1297 3053 ex·

159 3148 161 3153 s
218 3090 312 3138 tremo
334 3081 398 3138 loco
421 3081 532 3138 habent
553 3084 598 3154 (ut
615 3082 661 3156 C).
696 3083 749 3139 Bis
771 3088 860 3139 omniu
878 3083 1019 3139 Davisius
1042 3093 1165 3138 annotat
1187 3083 1296 3138 hebere

219 3165 295 3225 CCC
318 3176 348 3222 et
370 3167 478 3236 Meed,
502 3166 662 3243 Oxxxpp,
685 3168 779 3226 Gzius
803 3168 891 3224 etiam
915 3166 993 3241 Spir.
1017 3165 1073 3245 [B]
1096 3177 1126 3224 et
1148 3167 1296 3236 Vindob.;

217 3270 307 3308 cause
329 3271 399 3309 mox
422 3252 586 3326 apparebit.

304 3338 409 3394 honeste
424 3340 505 3410 suctu
527 3341 668 3412 ipsumque
690 3340 827 3394 honestum
847 3369 883 3380 -
903 3338 1076 3412 eapetendnm
1099 3337 1152 3411 eet)
1177 3338 1214 3394 Et
1237 3338 1297 3395 siu-

217 3423 304 3499 gulae
321 3424 462 3479 honestae
479 3422 611 3480 actiones
623 3408 872 3497 (κατορθώματα,
896 3415 927 3478 αἱ
944 3421 1013 3478 κατ’
1037 3413 1145 3497 ἀρετὴν
1162 3407 1297 3497 πράξας)

217 3508 400 3582 expetendae
423 3519 491 3564 sunt
514 3517 635 3582 propter
657 3526 688 3564 se
711 3508 793 3563 etin
816 3507 902 3563 bonis
925 3516 1116 3564 numerantur
1138 3507 1209 3580 (vid.
1228 3525 1297 3563 mox

217 3598 232 3662 ξ
257 3593 296 3648 22
320 3602 350 3648 et
373 3593 421 3649 55.
447 3594 529 3650 Sext.
554 3593 666 3668 Empir.
691 3592 757 3647 adv.
781 3592 923 3650 Mathem.
947 3593 1005 3661 XI,
1021 3593 1070 3662 26,
1094 3592 1181 3668 Diog.
1196 3593 1295 3650 Laert.

217 3679 354 3751 vl1,94)
373 3688 402 3734 et
419 3679 514 3752 ipsum
537 3677 611 3734 illud
634 3678 798 3745 honestum,
821 3679 884 3734 sins
904 3696 962 3751 quo
985 3677 1053 3733 illae
1076 3695 1135 3734 nou
1158 3687 1236 3746 sunt,
1259 3695 1297 3734 ex

217 3781 276 3837 quo
299 3773 449 3836 tamqnam
472 3763 553 3819 fonte
576 3763 711 3819 oriuntur
733 3770 762 3817 et
785 3762 815 3818 in
838 3763 915 3836 quod
938 3771 1089 3836 tamquam
1108 3772 1198 3838 caput
1214 3763 1297 3820 colli·

216 3857 335 3923 guntur.
371 3850 486 3922 Itaque,
509 3867 574 3904 oum
594 3848 666 3904 haec
683 3847 800 3903 honesti
819 3848 900 3904 notio
919 3847 1112 3922 praecelleret
1128 3859 1159 3905 et
1175 3849 1298 3905 honeste

216 3932 296 3990 facta
318 3934 576 4008 complecteretur,
606 3932 711 3990 Cicero
733 3950 790 3989 non
815 3932 909 3988 solum
933 3933 969 3987 ad
993 3934 1097 3989 bonesti
1116 3951 1222 3989 nomen
1245 3950 1297 4006 po·

217 4019 339 4075 steriore
362 4020 427 4075 loco
450 4019 577 4093 positum
601 4018 742 4092 singulari
772 4035 893 4074 numero
919 4018 1039 4073 verbum
1064 4016 1298 4076 accommodavit

219 4108 317 4173 (entur
339 4136 378 4145 -
403 4105 577 4177 seponendum
600 4107 663 4174 est),
693 4103 744 4157 sed
767 4103 871 4172 auam,
900 4121 965 4159 cum
995 4103 1077 4159 illam
1106 4101 1296 4158 sententiam:

217 4208 383 4263 qntumqnam
402 4220 441 4230 —
460 4192 546 4244 oritur
562 4187 795 4262 interposuisset,
819 4197 886 4260 post
908 4199 994 4243 tomen
1011 4205 1049 4243 ex
1066 4186 1229 4243 abundanti
1246 4187 1297 4242 ad·

218 4274 293 4330 didit
309 4276 346 4340 id,
366 4283 398 4329 ut
415 4292 479 4329 earn
493 4273 641 4330 notionem
657 4272 782 4347 legentis
793 4272 893 4329 animo
904 4272 1037 4328 obiceret
1047 4271 1119 4344 (vid.
1132 4271 1170 4328 ad
1182 4272 1220 4342 V,
1234 4272 1296 4345 22).

218 4358 277 4415 Sed
301 4358 429 4415 editores
458 4368 488 4413 et
515 4359 572 4414 iarn
596 4367 665 4415 ente
688 4357 800 4413 librarii
825 4357 898 4413 mire
921 4364 1109 4426 erraverunt3
1139 4374 1297 4414 namnum

217 4462 275 4499 non
298 4443 581 4512 animadverterent,
609 4443 751 4518 epodosin
779 4442 911 4517 incipere
933 4460 958 4499 a·
973 4442 1072 4499 verbis
1094 4442 1201 4500 honeste
1215 4444 1298 4516 sactu
