3030 5086
475 501 517 546 ur
541 501 621 548 usu.
644 501 707 547 ura.
730 501 752 546 u
775 501 849 547 car.
869 505 891 549 o.
912 503 1045 562 (rr-rs.)
1233 484 1295 550 169

220 679 255 735 ut
276 672 340 735 iam
361 679 435 736 ante
451 669 644 746 Aristoteles,
666 670 699 734 in
721 671 800 734 duas
821 668 972 734 tributam
993 687 1065 736 esse
1084 679 1201 750 partes,
1222 669 1295 735 rbe-

220 774 348 838 torieam
381 772 518 855 palmae,
552 771 743 836 dialecticam
776 772 873 854 pugni
905 771 1034 837 similem
1061 790 1133 838 esse
1158 772 1294 853 dicebat,

220 877 303 956 quod
326 874 419 939 latius
441 873 643 955 loquerentur
664 874 816 954 rhetores,
839 873 992 939 dialectici
1012 884 1116 940 autem
1137 893 1295 958 oompres-

220 977 293 1042 sius.
338 977 503 1058 obsequar
525 975 619 1058 igitur
640 977 793 1042 voluntati
820 984 894 1041 tuae
914 976 1092 1058 dicamque,
1119 977 1147 1043 si
1174 985 1294 1060 potero,

222 1078 382 1156 rhetorice,
404 1079 460 1143 sed
482 1077 541 1143 bac
563 1077 717 1143 rhetorica
739 1079 1005 1161 philosophorum,
1028 1099 1089 1144 uon
1112 1087 1221 1145 nostra
1242 1078 1334 1146 illati

220 1179 348 1258 forensi,
373 1199 466 1262 quam
490 1199 617 1247 necesse
638 1189 700 1260 est,
728 1199 798 1246 eum
819 1182 1015 1262 populariter
1036 1183 1197 1263 loquatur,
1224 1201 1295 1249 esse

220 1282 376 1347 interdum
400 1282 493 1364 paulo
516 1281 714 1349 hebetiorem.
751 1285 799 1349 18.
819 1283 880 1350 Sed
898 1283 972 1348 dum
990 1283 1191 1363 dialecticam,
1214 1286 1294 1349 Tor-

220 1393 327 1465 quate,
355 1385 524 1449 contemuit
551 1386 719 1468 Epicurus,
746 1404 828 1468 quae
860 1405 923 1451 uua
950 1387 1089 1451 cundoet
1115 1404 1237 1452 omnem
1264 1396 1296 1453 et

219 1486 442 1568 perspiciendi,
464 1487 539 1567 quid
560 1487 591 1551 iu
614 1506 739 1570 quaque
761 1508 795 1553 re
817 1488 871 1568 sit,
894 1487 1055 1553 scientiam
1076 1494 1108 1553 et
1128 1488 1295 1569 iudicandi,

219 1588 310 1670 quale
332 1588 469 1670 quidque
492 1590 540 1667 sit,
562 1598 595 1654 et
616 1590 738 1656 ratione
760 1608 796 1655 ao
819 1590 871 1654 via
892 1590 1084 1671 disputandi,
1109 1591 1172 1655 ruit
1192 1591 1223 1655 in
1246 1591 1294 1655 di·
1313 1589 1355 1655 10

219 1691 332 1767 cando,
360 1698 395 1755 ut
416 1690 492 1754 mihi
513 1692 639 1773 quidem
661 1691 800 1772 videtur,
830 1710 887 1757 uec
909 1711 959 1772 ea,
982 1711 1063 1774 quae
1084 1693 1197 1758 docere
1218 1693 1293 1770 mult,

292 1883 311 1929 1.
332 1880 369 1927 Ar
370 1877 520 1927 &totelemL
558 1879 692 1929 Ambrosia
710 1884 730 1930 Α
748 1881 789 1929 hic
808 1883 864 1944 εἰς
887 1878 925 1946 19]
963 1879 1023 1930 Post
1039 1889 1122 1945 partes
1140 1881 1198 1929 add.
1218 1879 1295 1931 dicen

218 1944 339 1996 LPllCR
392 1951 406 1994 9
436 1947 521 2012 pupae
552 1947 706 2015 abducit
758 1953 781 2000 3
807 1947 974 2015 [comprendere
992 1948 1037 2014 A'}
1067 1947 1295 2013 comparativae

219 2021 241 2064 b
261 2014 416 2079 loquamurC
454 2020 474 2066 l.
494 2033 545 2065 cunr
555 2016 598 2067 Lc
638 2015 889 2084 10.s[uqmdpuea]
927 2017 1132 2068 acratioueetC
1173 2023 1208 2066 11,
1228 2016 1295 2068 docet

218 2085 275 2148 (pro
260 2083 365 2133 ordoce
352 2084 526 2149 rqbpurlr

219 2241 338 2317 propria
369 2259 426 2298 nou
455 2250 514 2297 tam
544 2241 616 2298 haee
638 2242 744 2299 divisio
767 2253 831 2299 erat
853 2261 941 2317 quam
965 2242 1147 2318 comparatio
1168 2242 1233 2315 illa)
1255 2253 1294 2314 et,

218 2327 297 2400 quod
325 2326 417 2384 sensit
439 2327 597 2384 Wallrerus
625 2328 675 2401 (ad
703 2326 764 2386 cie.
792 2327 831 2385 N.
854 2329 892 2385 D.
916 2328 978 2392 ΙΙΙ,
1003 2328 1048 2401 9),
1077 2328 1150 2385 haee
1178 2327 1293 2385 omnia:

218 2422 247 2468 at
268 2443 309 2454 -
332 2413 488 2468 Aristoteles
510 2412 607 2469 alieno
629 2412 695 2469 loeo
717 2412 816 2488 posita
837 2423 920 2482 sunt;
933 2431 1010 2470 uam
1034 2422 1101 2489 post
1118 2413 1204 2471 Swa'ci
1223 2413 1294 2489 poni

217 2497 377 2557 debebant:
405 2496 516 2554 frustra
538 2497 708 2571 obloquitur
730 2497 833 2557 Gaius.
879 2499 1007 2575 Propter
1028 2516 1150 2574 pravam
1174 2499 1294 2557 distine-

217 2582 326 2640 tionem
350 2583 380 2639 in
403 2582 598 2640 deterioribus
616 2584 699 2640 codd.
716 2583 804 2657 (Pell.
822 2584 960 2658 quinque.
984 2584 1047 2641 sine
1064 2583 1153 2641 dubio
1167 2584 1293 2657 Davisii,

218 2667 273 2725 etsi
301 2676 394 2733 tacet,
428 2666 508 2727 Oxx.
531 2662 633 2743 Εξχψ,
668 2668 747 2728 Gud.
775 2673 913 2743 utroque)
946 2680 976 2727 et.
1008 2669 1074 2726 edd.
1100 2677 1169 2726 ante
1193 2669 1293 2740 Grut,

218 2763 344 2829 excepta
366 2753 555 2824 Manutiaua,
584 2754 702 2811 additur
723 2756 811 2811 dicere
833 2764 899 2829 post
918 2765 1014 2831 partes
1035 2756 1163 2825 (Zenonis
1184 2757 1294 2814 estber

218 2870 255 2882 -
281 2840 389 2911 clarere).
434 2837 597 2911 (Omittunt
624 2839 711 2896 etiam
741 2839 818 2915 Spir.
847 2836 901 2920 [B]
935 2850 965 2898 et
991 2839 1055 2898 eod.
1084 2840 1162 2897 Viet.
1199 2839 1294 2899 Gaius

217 2924 313 2980 audiri
347 2928 451 2998 putat.)
506 2925 629 2982 Poterat
657 2925 744 2982 etiam
779 2925 808 2982 in
843 2926 895 2983 illa
928 2926 1116 2983 distinetione
1144 2923 1294 2984 offendere

218 3009 417 3066 nominativus
429 3011 585 3067 Aristoteles
601 3029 659 3066 nou
679 3011 765 3085 plane
784 3013 1022 3068 accommodatus
1043 3011 1233 3088 grammatice
1256 3012 1293 3068 ad

218 3104 409 3159 structuram
432 3096 483 3151 sed
506 3096 584 3152 hune
606 3095 795 3152 defenderent
817 3096 927 3153 similia
950 3097 1102 3172 exempla,
1126 3105 1159 3153 ut
1181 3098 1235 3159 IV
1261 3099 1293 3155 6:
1393 3118 1396 3124 ’

219 3190 248 3236 ut
272 3180 357 3237 Stoici
386 3189 415 3236 et
445 3180 477 3236 9:
511 3192 734 3255 quumveteres,
769 3182 1038 3251 Acad.11,124:
1071 3182 1295 3240 utXenorrotea

218 3265 334 3336 (Lamb.
363 3267 536 3340 Xenocrffotr)
571 3267 607 3322 de
635 3266 737 3325 Divin
762 3268 871 3335 1,72
905 3269 994 3326 Tuae.
1019 3269 1057 3327 V
1081 3266 1136 3334 49,
1171 3265 1229 3326 Off.
1252 3269 1294 3338 11,

219 3351 269 3407 50.
317 3351 362 3407 De
389 3369 421 3407 re
450 3352 593 3409 videndus
622 3352 704 3409 Sext
728 3352 813 3427 Emp.
842 3353 907 3409 adv.
937 3353 1030 3410 Math.
1053 3353 1100 3421 ΙΙ,
1124 3353 1156 3409 7:
1189 3337 1294 3426 Zpuarv
1399 3398 1403 3403 .

219 3425 408 3499 ὁΚιττιεις
440 3428 616 3534 &perp-tiele,
657 3424 716 3506 ὅτῳ
756 3430 889 3509 trapr'pa
928 3427 1138 3530 διαλεκτικὴ
1123 3432 1294 3528 ρητορσκῆς,

218 3512 394 3613 puerperiae
425 3538 477 3612 erp
510 3522 596 3594 χεῖρα
629 3539 677 3576 και
710 3510 800 3577 balta
833 3510 1020 3590 ἐξαπλωσας,
1057 3515 1128 3594 ἔφη·
1172 3508 1293 3593 Τουτῳ,

218 3621 296 3658 κατα
334 3593 387 3673 μὲν
425 3622 477 3674 την
516 3595 687 3703 συστροφὴν
730 3594 765 3660 τὸ
805 3594 1013 3700 στρογγυλον
1024 3625 1072 3663 και
1111 3594 1205 3682 βραχυ
1242 3603 1295 3700 τῆς

218 3766 276 3824 λων
308 3759 343 3826 τὸ
376 3763 473 3829 aiere
506 3769 558 3845 τῆς
532 3763 740 3849 [ῥητορικῆς
768 3761 921 3846 δυναμεως
951 3763 1162 3845 αἰνιττόμενος.
1207 3773 1294 3831 Alios

219 3865 350 3912 veterum
374 3858 455 3915 locos
477 3857 518 3915 ibi
541 3857 660 3933 collegit
683 3859 845 3916 Fabricius

301 3946 388 4015 puqai
401 3943 525 4017 seruilem)
513 3938 619 4021 )[1ta
611 3962 640 3999 rn
654 3945 714 4001 Erl.
726 3963 790 4001 esse
803 3942 905 4012 Gaius,
924 3944 1038 4019 priores
1055 3962 1112 4000 mer
1104 3942 1294 4010 collatores,

220 4025 356 4083 Halmius
379 4028 581 4094 affirmabant;
610 4048 687 4086 nune
715 4048 752 4086 ex
780 4048 815 4086 eo
838 4029 875 4085 ad
899 4033 987 4104 puqm‘
1007 4037 1166 4086 annotatur
1184 4032 1294 4103 prrpaa'a,

219 4121 251 4167 ut
273 4131 310 4167 ex
325 4113 391 4172 AB.
417 4114 595 4182 Davisianis,
620 4113 698 4172 Oxx.
718 4115 799 4190 ΕΙΙχ,
823 4113 891 4173 Gaii
913 4114 1044 4189 reliquis.
1075 4109 1180 4192 1874]
1213 4117 1294 4171 Ante

219 4196 374 4254 Dari-ium
404 4200 547 4257 edebatur
570 4219 676 4274 pupae,
710 4200 809 4256 neseio
842 4218 860 4256 a
888 4217 947 4273 quo
974 4200 1102 4276 primum
1129 4199 1294 4270 invectum

219 4292 263 4337 est
286 4283 343 4338 iam
367 4285 396 4341 in
421 4286 466 4343 ed.
490 4287 607 4342 Veneta
633 4286 722 4342 1494.

309 4369 355 4426 18.
388 4372 482 4427 docere
510 4373 578 4429 uult.
605 4403 641 4413 -
666 4370 816 4443 distrirpvr't)
839 4369 890 4429 Sic
912 4369 1002 4427 etiam
1025 4369 1089 4427 Pal.
1116 4373 1130 4426 l
1160 4380 1189 4428 el
1213 4368 1292 4447 Spir.

219 4448 288 4532 [B],
317 4454 508 4530 edideratque
531 4456 589 4512 iam
615 4455 732 4524 Lamb,
755 4455 823 4512 dein
845 4454 949 4525 Grut3
976 4455 1006 4513 in
1030 4454 1094 4514 cod.
1119 4455 1196 4515 Mor.
1220 4465 1294 4525 erat,
