3030 5086
494 528 538 573 nr
561 527 642 574 unu.
664 527 728 573 um.
750 526 785 572 m
809 527 881 574 cnr.
904 530 940 577 ιο.
960 527 1022 589 (se).
1227 508 1289 574 401

215 699 248 762 in
271 696 384 762 animis
405 694 495 774 fiant,
524 695 552 759 si
579 700 634 759 aut
661 714 720 760 usu
747 694 863 776 siquid
890 695 1045 775 cognitum
1074 695 1116 759 sit
1142 698 1198 759 aut
1218 712 1293 759 con·

217 799 374 863 iunctione
395 804 449 862 aut
468 795 668 861 similitudine
685 802 741 861 aut
756 796 919 861 rodanone
936 796 1075 875 rationis,
1096 796 1156 861 hoc
1172 802 1294 877 quarto,

216 901 302 982 quod
325 906 496 965 extremum
517 897 617 978 posui,
639 897 714 962 boni
730 897 842 963 notitia
863 896 945 962 iacta
966 903 1022 963 est
1056 896 1132 962 Cum
1155 897 1236 962 enim
1254 897 1293 962 ab

215 1002 256 1066 iis
280 1001 386 1074 rebus,
415 1018 495 1080 quae
522 1007 596 1063 sunt
623 999 792 1064 secundum
815 1003 974 1079 namnam,
1003 999 1145 1065 ascendit
1171 999 1293 1064 animus

294 1227 311 1269 Ι.
330 1219 416 1269 animis
425 1219 493 1281 finnt
502 1220 569 1282 fiant
587 1237 631 1269 usu
649 1217 749 1283 aliquod
765 1220 787 1268 E
832 1224 854 1270 ³.
874 1218 938 1283 qnod
954 1228 989 1269 est
1006 1226 1130 1269 extremum
1150 1219 1171 1271 C
1211 1220 1293 1269 bonum

217 1304 307 1340 omnes
345 1288 443 1355 [noticia
461 1286 495 1355 Α]
533 1287 595 1337 nobo
614 1287 703 1337 uuor.
741 1295 765 1338 ⁴.
783 1287 819 1336 Ιίε
838 1284 881 1338 LC

220 1514 252 1552 se
274 1495 424 1552 continere
447 1495 542 1552 debet.
584 1495 676 1551 Error
698 1492 811 1550 librarii
834 1493 1037 1568 coniungentis
1059 1503 1193 1550 enatura
1216 1502 1245 1550 et
1268 1494 1294 1551 ei

220 1579 470 1637 accommodantis
492 1580 615 1636 absoluto
638 1578 810 1654 perspicuus
833 1588 886 1634 est.
936 1577 1000 1635 Nec
1023 1577 1052 1634 in
1075 1578 1130 1634 hec
1152 1578 1294 1654 interpre-

221 1664 333 1723 tatione
355 1663 499 1721 formulae
517 1663 650 1723 Graecae
668 1663 777 1734 durior,
800 1681 886 1737 quem
911 1680 986 1737 quae
1008 1661 1130 1725 ferenda
1152 1664 1199 1733 sit,
1224 1664 1296 1720 haec

219 1749 388 1807 coniunctio
401 1749 493 1806 videri
512 1749 613 1806 debet:
633 1759 761 1806 enatura
778 1749 906 1818 absoluto,
929 1746 1037 1804 intere
1054 1755 1084 1804 et
1100 1748 1221 1806 absoluto
1237 1749 1297 1806 elio

222 1834 397 1910 interposito
409 1833 548 1903 ablativo,
567 1851 632 1891 cum
651 1852 687 1890 ex
705 1833 851 1891 sententia
862 1832 998 1908 proxime
1016 1833 1168 1907 superiore
1185 1833 1295 1908 perspi·

221 1939 309 1978 cuum
327 1919 495 1988 situatum
512 1920 661 1976 absolutum
678 1937 765 1975 unam
784 1936 848 1975 esse
865 1917 1015 1975 notionem
1032 1935 1067 1974 sc
1083 1936 1137 1992 pro
1154 1936 1213 1975 una
1225 1937 1297 1977 voce

223 2004 302 2105 poni.
336 2003 368 2062 Si
381 2002 527 2061 Cicero
503 2022 546 2060 suc
562 2003 700 2061 dixisset.
724 2023 757 2061 ec
778 2023 816 2074 eo,
839 2005 913 2077 quod
934 2012 1001 2093 esset
1022 2012 1122 2059 ααιιινα
1138 2004 1296 2071 absolutum.

223 2090 320 2147 minue
343 2089 472 2144 breviter
493 2097 620 2163 apteque
638 2089 782 2145 vertisset.
817 2087 929 2166 [Magis
946 2079 1110 2162 perspicua,
1130 2088 1181 2145 sed
1200 2097 1296 2146 tamen

223 2173 352 2232 eiusdem
376 2171 489 2230 formae
512 2173 584 2229 hsec
606 2184 688 2230 sunt:
711 2173 747 2230 ad
766 2174 848 2231 Fam.
868 2173 942 2242 XII,
961 2172 1010 2234 30
1025 2173 1057 2229 7·
1079 2191 1138 2230 cum
1155 2164 1297 2246 ignominia
1326 2166 1331 2176 '

222 2261 326 2334 dignm
349 2258 385 2313 de
397 2259 472 2315 Fato
485 2259 551 2314 5:
540 2278 568 2314 m
591 2259 706 2315 brumali
726 2260 769 2315 die
789 2261 876 2327 natis;
898 2256 975 2314 Phil.
988 2257 1030 2325 11,
1047 2259 1154 2314 114:
1142 2277 1169 2314 tn
1188 2277 1297 2333 reputem

222 2353 395 2420 appetentem.
440 2343 517 2399 Nam
540 2349 643 2417 poetas
665 2342 778 2399 omitto.
822 2341 884 2402 cfr.
907 2341 986 2399 Adv.
1010 2341 1083 2400 crit.
1106 2342 1138 2398 11
1160 2361 1190 2417 p.
1211 2339 1298 2421 514.]

313 2429 433 2502 Cumque
461 2447 551 2484 certum
578 2431 695 2484 notiones
722 2427 791 2501 cet.)
820 2426 950 2484 Eandem
975 2426 1147 2483 varietatem
1177 2427 1299 2502 originis

224 2515 374 2573 notionum
395 2521 626 2569 commemorent
645 2511 754 2572 Sextus
772 2512 883 2587 Empir.
901 2511 967 2567 ndv.
985 2511 1125 2569 Mathem.
1139 2512 1196 2582 ΙΙΙ,
1210 2514 1250 2570 40
1269 2520 1300 2569 et

224 2601 282 2668 lx,
296 2599 356 2656 393
370 2615 432 2671 sqq.
456 2606 495 2667 et,
518 2597 567 2671 qui
593 2596 691 2671 plnres
714 2597 827 2672 speeies
849 2596 935 2653 novis
951 2596 1160 2671 partitionibus
1179 2595 1299 2655 effectes

224 2691 385 2752 enumeret,
399 2681 547 2757 Diogenes
558 2683 629 2741 VII.
643 2683 725 2739 52-
729 2682 778 2738 53.
814 2681 947 2740 Sextus
938 2681 1028 2778 igitur
1045 2681 1156 2781 priore
1160 2682 1266 2740 loco
1242 2701 1298 2741 erc:

225 2755 376 2826 Καθόλου
392 2784 425 2822 τε
441 2764 501 2822 πᾶν
516 2758 551 2824 τὸ
563 2755 724 2862 νοούμενον
735 2756 812 2822 κατοὶ
829 2750 882 2822 δυο
899 2783 971 2830 τσνς
987 2782 1125 2840 πρωτονς
1142 2759 1313 2838 ε’πινοεῖταιΙ

225 2840 364 2928 τρόπους·
388 2871 405 2926 η
427 2868 484 2925 γαρ
507 2840 585 2906 κατὰ
606 2843 800 2945 περίπτωσιν
807 2843 912 2924 ἐναργῆ
935 2850 1031 2946 (hanc
1045 2849 1140 2908 altero
1163 2843 1280 2909 loco''
1253 2869 1297 2907 e·

225 2927 347 2991 πέλασιν
374 2930 433 2988 τῶν
461 2928 588 3028 ἐναργῶν
612 2920 800 3028 appellat)
778 2953 799 3028 p
827 2925 905 2988 κατὰ
932 2924 984 3008 τὴν
1013 2923 1071 2991 ἀπὸ
1093 2931 1151 2990 τῶν
1175 2928 1300 3011 ε’ναργων

225 3005 468 3111 pseudocomites?
492 3005 604 3091 ταύτην
619 3007 749 3092 τρισσήν
773 3039 790 3092 η
810 3035 866 3093 ynp
886 3007 1066 3088 ὁμοιατικῶς
1085 3003 1102 3092 ἢ
1122 3011 1298 3076 ε’πισονθετ-

225 3097 283 3166 κῶς
304 3088 321 3173 ἢ
344 3093 579 3198 deuteromonio
615 3101 709 3158 Addit
731 3103 836 3158 deinde
859 3100 1003 3175 exempla
1038 3102 1152 3169 Cicero
1176 3113 1208 3160 ut
1228 3103 1299 3161 Dio·

226 3203 324 3260 genes,
347 3185 471 3260 primam
489 3185 663 3243 divisionem
681 3186 803 3243 duorum
822 3203 1001 3243 summorum
1018 3206 1157 3262 generum
1176 3187 1299 3256 omittit3

226 3261 416 3343 περίπτωσιν,
440 3269 468 3326 id
492 3279 549 3338 εει,
573 3289 670 3328 rerum
695 3270 728 3327 in
747 3288 850 3328 sensus
872 3271 1021 3327 incursum
1046 3273 1141 3331 minus
1163 3281 1299 3329 accurate

227 3360 257 3408 et
256 3353 432 3444 perspicue
461 3374 538 3411 usum
561 3356 770 3431 interpretatus
793 3365 851 3426 est,
882 3354 987 3413 melius
1009 3361 1212 3414 coniunctionem
1236 3349 1297 3414 ε’πι-

227 3423 368 3493 σύνθεσιν
385 3439 485 3514 (Diog.
503 3424 664 3513 σύνθεσιν),
678 3459 763 3534 quae
786 3450 839 3512 εει,
862 3458 927 3496 curn
945 3441 1021 3497 duae
1043 3434 1207 3513 φαντασίαι
1230 3459 1298 3499 con·

226 3520 349 3591 flentur,
377 3526 575 3581 similitudmem
598 3509 775 3598 ὁμοιοτητα,
804 3536 837 3583 ut
864 3542 929 3581 curn
958 3544 996 3582 ex
1019 3524 1174 3600 imagine
1169 3524 1300 3583 Socratis

227 3604 320 3704 ipsius
333 3606 463 3665 Socratis
476 3609 556 3665 notio
569 3607 742 3683 concipitur,
756 3600 917 3684 ἀναλογίαν
928 3620 1025 3666 autem
1043 3611 1206 3667 coluuionem
1217 3615 1300 3668 ratio-

228 3692 278 3746 nis.
312 3687 562 3768 Comparandus'
554 3712 611 3750 rem
625 3693 755 3750 Senecae
772 3693 880 3752 locus'
871 3712 900 3750 m
913 3696 967 3769 Ep.
980 3696 1046 3764 120,
1055 3696 1083 3766 4,
1107 3694 1157 3774 urbi
1175 3696 1300 3768 quaerit,

226 3777 359 3848 quomodo
380 3780 420 3834 ad
440 3797 488 3834 nos
505 3781 596 3852 prn'mo
620 3779 681 3834 boni
701 3779 855 3854 honestique
871 3783 964 3837 αοείείσ
978 3782 1136 3855 peruenerit.
1173 3778 1300 3852 Quidam,

228 3859 334 3932 inquit,
357 3864 432 3918 aiunt
453 3882 502 3919 nos
524 3866 550 3919 ιἰι
572 3866 690 3919 notitiam
713 3866 891 3933 incidisse,
914 3867 988 3938 quod
1008 3874 1046 3921 est
1063 3865 1224 3933 incredibile,
1247 3869 1301 3922 oir-

228 3947 292 4000 tutn's
313 3948 397 4002 σίιίιιί
417 3951 527 4021 speciem
549 3967 615 4004 casu
638 3953 794 4006 occurrisse.
829 3949 913 4005 Nobis
935 3951 1039 4005 videtur
1060 3951 1208 4006 observatio
1224 3953 1302 4009 colle·

223 4031 298 4103 pisse
319 4041 344 4085 et
363 4050 451 4088 rernm
468 4052 547 4107 saepe
556 4035 697 4107 factorum
714 4037 783 4090 inter
798 4053 827 4090 se
842 4035 964 4099 cotton‘o,·
984 4053 1034 4108 per
1049 4037 1201 4108 analogium
1219 4040 1306 4093 nostri

228 4116 385 4172 intellectum
413 4126 437 4173 et
465 4118 600 4175 honestum
630 4129 654 4174 et
682 4118 776 4174 bonum
798 4127 907 4193 putam.
955 4118 1018 4192 (Sic
1044 4128 1123 4176 recte
1153 4118 1303 4195 Schweig-

229 4198 389 4259 haeuserus
413 4220 429 4257 e
452 4202 615 4260 codicibus.
637 4207 730 4271 nostri
753 4203 782 4259 id
801 4212 854 4271 est,
879 4202 971 4261 Stoici
990 4215 1088 4279 putant
1110 4206 1204 4261 bonum
1227 4206 1304 4262 intel·

229 4285 323 4342 lectum
346 4306 403 4344 esse
424 4290 570 4361 onolopn'o.)
603 4287 712 4384 [Visu
712 4288 747 4344 de
770 4281 922 4364 φαντασίᾳ
938 4307 997 4346 non
1010 4289 1203 4349 Ciceroniene
1225 4289 1303 4347 dice-

230 4377 325 4440 retur3
349 4389 402 4428 nee
424 4389 478 4447 pro
500 4359 675 4447 περιπτώσει
698 4363 814 4446 ἐναργεῖ
832 4372 970 4430 substitui
993 4367 1146 4447 φαντασία
1163 4372 1303 4453 poterat]

317 4457 366 4514 Ιιοι
388 4467 494 4531 quarto,
517 4459 591 4530 quod
607 4468 752 4515 ereremum
767 4460 855 4529 posui,
878 4458 939 4514 boni
953 4457 1058 4532 notinb)
1076 4457 1127 4518 sio
1143 4459 1304 4518 Lambinus

1065 4574 1102 4629 te
