3030 5086
276 446 338 508 714
664 464 709 508 me
732 464 862 512 ciuiuus
885 465 956 511 son.

278 629 336 712 [iu]
355 630 548 711 legendoque
566 649 754 710 moveamur,
777 650 846 696 cum
863 631 921 712 pic,
941 650 1009 695 cum
1026 631 1131 711 amice,
1149 652 1218 698 cum
1239 648 1363 711 magno

275 733 377 796 auimo
406 731 522 813 aliquid
551 729 665 795 factum
694 733 928 812 cognoscimus?
982 735 1032 800 63.
1061 733 1143 813 Quid
1170 734 1289 816 loquor
1317 732 1363 797 de

276 832 378 909 uobiS,
407 833 458 913 qui
481 834 522 896 ad
545 833 668 897 laudem
692 836 785 898 etad
808 836 902 899 decus
926 834 1004 913 noti,
1035 835 1188 915 suscepti,
1218 832 1362 900 instituti

274 934 402 999 sumus?
447 935 505 1013 Qui
534 937 684 999 clamores
707 935 792 1014 vulgi
818 946 912 1017 atque
938 934 1152 1017 immeritorum
1176 936 1362 1002 excitantur

236 1036 306 1104 bin
329 1035 469 1114 theatris
492 1056 560 1100 cum
583 1036 636 1101 illa
657 1036 816 1101 dicuutur:

316 1138 392 1218 Ego
416 1156 494 1201 sum
518 1141 697 1217 OrosteS,

273 1247 442 1319 contraque
464 1239 503 1303 ob
526 1240 639 1303 altero:

315 1342 427 1405 Immo
451 1340 644 1404 enimvero
668 1359 735 1421 ego
758 1358 852 1419 sum,
875 1340 1042 1421 iuquam,
1066 1341 1245 1407 Orestes!

273 1442 349 1506 Cum
369 1450 471 1506 nutem
490 1442 582 1505 etiem
600 1442 700 1506 exitus
716 1443 756 1507 ab
772 1451 906 1523 utroque
924 1443 1019 1506 datur
1035 1442 1218 1507 conturbato
1239 1460 1358 1507 erran·

215 1546 256 1612 10
273 1543 358 1624 tique
386 1543 463 1624 rogi:
497 1543 613 1607 Ambo
642 1562 732 1625 ergo
760 1561 835 1608 una
862 1544 1038 1608 necorier
1065 1561 1286 1624 precamur,
1313 1578 1356 1591 -

344 1735 363 1779 1.
383 1729 406 1777 in
425 1746 473 1780 orn.
495 1730 551 1786 CR,
577 1731 629 1778 sine
649 1732 720 1780 uncis
739 1730 781 1781 Or.
841 1735 863 1778 2.
882 1728 1021 1793 air'quodE
1073 1728 1158 1793 loquar
1177 1744 1280 1788 omnes,
1308 1728 1356 1781 Or.

272 1803 293 1844 ³.
314 1798 357 1861 qui
372 1798 407 1846 ud
424 1806 479 1862 ipro
496 1808 517 1847 et
531 1798 574 1863 ud)
586 1799 607 1846 E
643 1806 664 1848 4.
685 1799 743 1862 quid
756 1798 870 1847 clamores
885 1798 928 1847 LO
964 1803 985 1845 9.
1005 1797 1075 1847 etiam
1090 1798 1170 1849 omC
1208 1803 1248 1847 to.
1265 1798 1356 1847 ambos

272 1866 557 1929 1,1¹(mg.ans0)ct10r.
596 1884 774 1931 sisnanoyununr
793 1869 849 1930 (pro
867 1882 916 1914 urso
935 1866 1052 1931 necarier)
1073 1867 1095 1914 E
1117 1866 1165 1915 sibi
1179 1883 1251 1915 unam
1271 1884 1354 1917 necem

271 1934 423 1997 inprecontur
441 1936 510 1997 ng.
547 1952 594 1983 nno
613 1935 690 1984 uicere
710 1934 852 1991 cretton,
871 1934 911 1983 hic
930 1949 986 1982 cum
1006 1943 1067 1983 note
1085 1935 1168 1983 mendi

274 2108 281 2121 ‘
358 2108 407 2162 63.
435 2106 509 2175 Quid
531 2110 625 2181 loquor
646 2110 679 2163 ilo
701 2106 788 2181 nobis)
807 2106 952 2181 Reprimit
969 2106 1041 2163 Piso
1064 2124 1180 2164 cursum
1199 2106 1265 2164 eius
1284 2124 1356 2164 ors·

271 2192 374 2259 tionis,
405 2192 433 2248 in
458 2211 515 2266 quo
539 2193 595 2248 ium
620 2204 679 2249 est.
714 2211 823 2268 negans
848 2194 928 2266 (apte
951 2191 987 2247 nd
1010 2191 1174 2249 nobilitatis
1195 2192 1356 2249 Romanae

270 2282 399 2348 sonsum)
413 2277 448 2332 de
466 2296 496 2332 so
514 2289 541 2332 et
560 2277 605 2334 sui
623 2277 768 2333 similibus
786 2295 859 2352 opus
877 2295 941 2333 osse
959 2275 1025 2332 dici.
1059 2277 1164 2351 Itaque
1181 2276 1301 2352 scripsi,
1321 2286 1354 2334 ut

270 2362 522 2437 Morgeustcrnins
535 2372 562 2419 ot
576 2362 755 2419 Mettirioeus
768 2362 855 2418 scribi
869 2361 1037 2418 voluerant:
1055 2363 1124 2435 qnid
1134 2364 1249 2435 loquor!
1270 2362 1353 2419 Nam

270 2450 338 2521 qnid
359 2450 475 2519 loquor?
502 2447 537 2502 de
560 2446 660 2503 futuro
683 2459 814 2520 tempore
838 2447 958 2515 dicitur,
988 2465 1052 2502 cum
1081 2456 1132 2503 eut
1154 2464 1262 2503 uorum
1286 2464 1352 2503 rem

269 2532 447 2607 attingentes
470 2532 648 2601 dubitamus,
672 2532 964 2589 courmomornndnue
988 2532 1042 2601 sit,
1066 2541 1116 2588 sut
1139 2531 1174 2587 de
1198 2548 1248 2601 es,
1273 2550 1352 2605 quae

269 2617 326 2673 inm
352 2626 502 2684 tructntur,
527 2618 622 2673 sintne
646 2617 729 2691 plura
754 2617 886 2685 dicendo,
911 2626 941 2673 ut
962 2636 1014 2691 pro
1035 2615 1107 2675 Sull.
1123 2618 1177 2675 64:
1201 2616 1260 2674 Sed
1281 2618 1355 2691 quiri

269 2722 315 2773 eqo
337 2703 370 2757 ‹ie
393 2703 441 2758 boc
459 2703 565 2775 ploro
588 2704 740 2777 disputem?
784 2702 891 2758 Notum
915 2721 976 2758 rem
1000 2701 1149 2759 declarent
1172 2702 1251 2758 inter
1273 2701 1352 2758 ulios

269 2787 450 2844 Mattiriucus
473 2796 500 2843 et
525 2786 690 2844 Beneokius
713 2787 749 2843 ed
773 2786 891 2845 Cutilin.
910 2788 964 2856 lv,
987 2789 1039 2853 lo;
1068 2786 1140 2843 illud
1168 2787 1350 2845 addendum.

268 2872 317 2929 ubi
342 2872 383 2928 ito
406 2872 500 2928 oratio
524 2873 580 2928 ium
604 2884 709 2947 coepta
732 2873 898 2929 inhibemur
920 2882 950 2929 et.
971 2872 1161 2947 reprimetur,
1191 2884 1223 2929 ut
1247 2872 1349 2930 statim

268 2958 368 3014 eodem
382 2958 537 3031 complexu
552 2958 706 3014 verborum
720 2958 905 3034 adiungatur,
923 2958 991 3031 quid
1010 2957 1108 3033 potius
1125 2956 1181 3014 dici
1199 2957 1294 3034 possit
1314 2974 1349 3015 ac

269 3043 382 3110 debent,
402 3042 442 3098 ibi
460 3042 488 3098 iu
509 3043 562 3098 hnc
581 3043 743 3117 posteriore
760 3057 844 3117 purte
862 3044 948 3099 toloni
967 3061 1030 3100 esso
1048 3042 1138 3100 futuri
1156 3042 1301 3119 temporis
1319 3053 1347 3099 et

269 3222 359 3270 rutur.
407 3214 497 3269 Recto
521 3213 609 3287 igitur
632 3214 738 3271 ‹iicitur
760 3215 849 3270 Tunc.
872 3214 990 3271 1.108:
1014 3214 1071 3271 Sed
1091 3215 1159 3287 qnid
1180 3216 1347 3286 sinyuiorum

268 3301 402 3373 opiniones
413 3301 634 3357 unimcnioertnm.
653 3302 786 3355 orationum
801 3302 891 3355 curios
903 3319 1006 3355 errores
1014 3301 1167 3374 perspicere
1178 3318 1236 3355 cuin
1249 3292 1350 3356 liceat!

269 3394 296 3440 et
321 3384 355 3439 de
380 3384 462 3441 Oret.
487 3384 625 3454 111,‘29:
655 3386 711 3441 Seri
733 3387 801 3457 qnid
822 3404 868 3459 eqo
890 3395 977 3441 veteru
1000 3387 1169 3458 conquiram.
1197 3403 1257 3440 cuin
1280 3384 1351 3440 inibi

268 3472 344 3526 licent
367 3473 406 3525 oti
424 3471 608 3543 praesentibus
631 3472 758 3545 erempiis
786 3481 867 3545 atquo
888 3473 973 3526 vivi'si
1016 3470 1093 3526 Nom
1123 3477 1248 3543 utroque
1277 3469 1346 3526 loco

267 3554 433 3630 corrigitur.
457 3556 534 3628 <ruod
559 3555 615 3611 iam
639 3555 702 3611 fieri
726 3566 860 3631 coeptum
885 3566 937 3611 est.
972 3553 1046 3631 [Qui
1065 3556 1103 3611 ud
1125 3553 1211 3610 etiem
1236 3550 1290 3631 Β.]

357 3641 423 3695 (itm
440 3651 525 3696 aretem
545 3645 621 3696 etium
640 3640 808 3716 enitescet.)
824 3639 992 3697 Profectum
1011 3648 1053 3695 est
1072 3638 1183 3712 aliquid
1201 3638 1238 3695 nd
1256 3638 1347 3695 huius

267 3725 323 3781 loci
342 3725 544 3781 tractationem
563 3725 608 3793 iis,
633 3745 707 3800 (luae
725 3726 760 3782 ud
774 3727 814 3788 ΙΙ,
828 3727 867 3783 79
886 3725 961 3793 dixi3
985 3733 1106 3799 apparot
1124 3723 1212 3794 enim,
1235 3723 1347 3798 inquo

267 3821 332 3886 post
358 3811 538 3885 Scaligerum
564 3812 646 3868 multi
670 3812 840 3871 haeserunt.
865 3820 891 3867 et
915 3828 990 3883 quae
1013 3809 1064 3865 iliu
1086 3809 1274 3867 conturbatio
1299 3827 1347 3867 er·

266 3915 373 3970 rorqne
396 3897 473 3970 regis
497 3897 533 3953 sit
552 3904 579 3952 et
598 3898 693 3970 qumis
708 3897 805 3953 exitus
823 3897 848 3952 oi
867 3896 1046 3962 ostendatur,
1069 3914 1128 3969 quo
1145 3913 1176 3951 ss
1193 3894 1347 3970 expedint.

265 3984 402 4057 Ipsorum
425 3981 545 4038 l'ecuvii
564 3984 718 4038 verborum
737 3981 859 4038 formum
885 3981 1020 4037 meliores
1042 3981 1126 4039 codd.
1150 3980 1206 4037 nisi
1231 3980 1261 4037 in
1284 3999 1348 4037 una

266 4067 372 4123 vocula
395 4068 444 4123 cix
468 4067 585 4123 dubiem
610 4067 788 4140 relinquunt.
835 4066 884 4124 Sic
907 4066 983 4122 cuim
1007 4066 1158 4122 scribitur:
1186 4066 1266 4121 umbo
1288 4066 1348 4137 (sic

266 4153 354 4208 etiem
380 4151 457 4225 Spir.
483 4150 548 4229 [B],
572 4152 634 4209 cod.
659 4151 763 4219 Gron„
786 4152 850 4208 Pul.
864 4154 894 4225 6)
916 4171 977 4225 eruo
999 4170 1199 4224 curraneyonum
1222 4146 1347 4231 ([etism

266 4233 321 4314 Βς]
350 4237 405 4292 cod
439 4236 531 4293 Gron.
554 4257 777 4310 onironcqomum,
807 4236 885 4312 Spir.
909 4241 1119 4309 sterioniqonum.
1142 4236 1212 4294 Bas.
1237 4256 1348 4295 murrina

266 4325 399 4397 nouerim)
413 4342 565 4396 precamur.
601 4324 634 4378 lu
659 4323 713 4379 hoc
737 4335 866 4379 monstro
891 4323 982 4378 lutere
1007 4343 1058 4378 uno
1082 4324 1174 4379 necari
1194 4324 1261 4397 (pro
1284 4340 1349 4397 quo

268 4405 407 4464 facillimo
431 4425 529 4463 erroro
553 4408 692 4483 scriptum
717 4417 760 4464 cst
783 4410 895 4481 rieqorr').
919 4416 1029 4464 certum
1048 4417 1106 4477 est;
1129 4425 1225 4482 neque
1245 4426 1351 4483 precor
