3030 5086
434 486 478 531 an
501 485 581 531 nan.
604 485 667 530 urs.
689 486 725 530 111
748 485 821 532 cau.
841 489 880 536 aa.
898 485 1031 546 (rs-rs.)
1206 466 1272 532 475

190 663 325 720 tremum
347 654 430 717 vitae
453 653 536 717 diem
558 659 659 717 morte
680 652 856 732 coniecerit,
878 654 962 734 quod
984 652 1035 716 ille
1057 670 1139 716 unus
1162 670 1272 734 asep-

191 764 255 822 tem
282 755 476 837 sapientibus
504 773 566 819 non
594 755 754 834 sapienter
784 754 933 820 Croesum
961 755 1087 818 monuit.
1139 755 1222 820 Nam
1244 754 1272 820 si

194 859 303 922 beatus
330 875 477 938 umquam
506 855 630 944 fuisset,
661 857 783 921 beatam
810 857 906 921 vitam
934 875 1035 938 usque
1064 858 1106 921 ad
1135 857 1221 922 illum
1251 876 1272 921 a

192 961 274 1042 Cyro
302 966 476 1024 extructum
504 976 613 1038 rogum
641 958 830 1038 pertulisset
887 960 978 1037 Quod
1008 960 1035 1023 si
1063 959 1109 1023 ita
1138 965 1200 1037 est,
1235 967 1271 1024 ut

193 1080 294 1142 neque
321 1061 486 1142 quisquam
514 1059 572 1123 nisi
600 1060 702 1124 bonus
724 1060 773 1124 vir
802 1067 833 1124 et
860 1078 968 1124 omnes
996 1059 1069 1124 boui
1092 1061 1174 1125 beati
1198 1060 1310 1141 sint,5

192 1164 267 1244 quid
290 1161 486 1243 philosophia
509 1160 608 1240 magis
638 1162 798 1226 solendum
826 1170 883 1226 aut
910 1162 985 1243 quid
1013 1168 1061 1226 est
1084 1161 1199 1229 vntute
1221 1164 1270 1228 di·
1373 1165 1377 1175 '

191 1264 315 1329 unius?

262 1441 290 1482 ⁴„
301 1432 437 1497 prunam
455 1433 576 1482 uruca
628 1438 650 1483 s.
672 1420 755 1499 [omna
772 1431 802 1499 a]
858 1439 881 1482 a.
901 1442 944 1482 ate
962 1432 1065 1497 quotu

192 1590 290 1659 vellet
313 1590 391 1663 quod
414 1599 482 1663 post
503 1589 576 1645 illud
599 1591 718 1646 ultimum
741 1589 933 1646 abundarent.
978 1591 1024 1647 Ne
1047 1601 1129 1648 morte
1151 1591 1270 1665 quidem

191 1685 255 1731 erat
277 1693 329 1730 cur
352 1675 493 1731 Davisius
516 1674 606 1731 deleri
630 1675 759 1744 iuberet,
782 1692 840 1747 quo
863 1675 964 1731 addito
986 1677 1106 1751 gravius
1130 1675 1271 1750 exprimi·

192 1770 240 1817 tur
262 1779 362 1816 eorum
386 1760 542 1827 sententia,
565 1760 615 1833 qui
633 1760 734 1833 utique
753 1768 874 1815 mortem
893 1761 1044 1835 expectari
1063 1761 1180 1830 volunt;
1204 1763 1271 1832 (nee

191 1849 273 1902 uitam
290 1845 375 1914 dixit,
398 1845 450 1900 sad
472 1856 636 1902 extremum
654 1845 731 1901 vitae
755 1847 845 1917 diem).
880 1845 924 1901 De
948 1847 1092 1903 sententia
1110 1856 1143 1904 et
1152 1846 1271 1904 Solonis

190 1931 270 1986 dicto
293 1930 351 1985 vid.
374 1931 411 1985 ad
434 1931 480 1997 ΙΙ,
506 1932 555 1988 87.
602 1930 661 1986 Pro
690 1940 719 1986 at
746 1941 801 1986 tum
829 1929 917 1987 etiam
946 1930 1024 2006 Spin.
1048 1929 1104 2009 [Β]
1131 1936 1269 2005 virtutum,

193 2015 273 2073 Gud.
298 2017 314 2070 2
338 2019 392 2070 nisa'
411 2025 505 2071 tutum.
570 2027 573 2033 '

274 2100 440 2175 pertulisset)
454 2100 503 2158 sie
516 2101 590 2171 Pal„
599 2103 624 2170 l,
643 2119 700 2175 ing.
713 2098 805 2169 Crat,
818 2100 882 2157 cod.
897 2101 983 2168 Mon,
996 2100 1042 2157 ΕΙ.
1054 2102 1108 2174 (2),
1123 2102 1200 2177 Spir.
1213 2098 1267 2183 [B]

191 2186 378 2258 restituitque
397 2185 546 2242 Davisius.
592 2187 680 2241 Beata
702 2189 757 2242 vitu
780 2204 837 2242 non
856 2189 999 2260 profertur
1020 2198 1169 2260 tamquam
1193 2189 1272 2245 ultra

191 2289 261 2327 suos
284 2271 435 2339 terminos,
459 2271 509 2327 sed
527 2273 676 2345 perfertur.
699 2271 729 2327 id
752 2281 805 2340 ast,
829 2271 973 2327 retinetur
995 2281 1024 2328 et
1046 2272 1180 2331 habetur.
1216 2273 1270 2332 Se·

194 2374 265 2411 neca
288 2356 342 2430 Ep.
368 2357 418 2422 50,
443 2357 476 2411 8:
505 2357 593 2413 Semel
614 2358 711 2412 traditi
730 2357 805 2413 nobis
827 2357 888 2412 boni
904 2367 1037 2431 perpetua
1056 2363 1192 2432 possessio
1213 2368 1270 2425 est,·

190 2460 241 2496 nou
265 2443 413 2497 dediscitur
434 2446 529 2497 uirtus.
