3030 5086
483 404 529 450 nn
551 403 632 451 unu.
656 404 719 451 nm.
742 404 752 449 1
776 404 848 452 cnr.
869 407 890 454 r.
911 405 1043 464 (un-us.)
1197 443 1201 451 .
1257 386 1301 487 55

217 562 300 654 pere
321 571 408 637 malit
427 590 522 653 quam
544 573 690 637 deserere
706 572 800 637 nllanr
818 571 911 637 oflicii
933 582 1064 653 partem,
1086 573 1127 637 ad
1149 591 1196 650 ea,
1219 590 1301 654 quae

218 673 282 739 hoc
308 692 370 740 non
399 674 500 739 minus
522 674 697 752 declarent,
725 677 780 739 sed
802 675 948 741 videntur
969 675 1101 753 leviora,
1130 675 1299 740 veniamus.

221 778 275 842 25.
309 775 391 857 Quid
413 774 482 853 tibi,
511 777 685 856 Torquate,
715 776 792 857 quid
820 777 890 840 huie
913 776 1036 840 Triario
1058 775 1195 854 litterae,
1223 776 1300 856 quid

219 878 373 943 historiae
400 877 597 958 cognitioque
618 895 738 955 rerum,
765 878 839 957 quid
861 885 1026 959 poetarum
1049 877 1204 956 evolutio,
1225 877 1299 958 quid

220 992 313 1044 tanta
346 989 393 1044 tot
418 997 566 1043 versuum
595 980 744 1044 memoria
771 979 942 1061 voluptatis
970 978 1083 1044 aflert?
1131 979 1197 1043 Nec
1223 978 1339 1045 mihi5

218 1082 300 1146 illud
320 1081 449 1145 dixeris:
472 1080 559 1145 Haeo
580 1080 660 1145 enim
683 1081 755 1161 ipsa
775 1080 851 1145 mihi
873 1091 947 1145 sunt
968 1081 1131 1162 voluptati,
1154 1090 1186 1145 et
1208 1087 1299 1146 eraut

219 1183 276 1248 illa
299 1183 476 1263 Torquatis.
519 1182 697 1263 Numquam
719 1183 777 1248 hoc
798 1184 843 1247 ita
865 1181 1003 1248 defendit
1019 1183 1176 1263 Epicurus
1198 1201 1300 1264 neque

293 1376 307 1418 2
337 1369 468 1436 [coutamur
486 1385 550 1419 corr.
569 1385 601 1419 ex
618 1368 741 1418 uideamus
760 1368 789 1436 Α]
829 1373 851 1418 7.
875 1368 996 1432 Torquati
1014 1367 1130 1435 [A]EPM

220 1544 251 1600 in
276 1542 419 1602 Cicerone
441 1560 582 1611 naevum,
611 1553 640 1598 at
669 1560 756 1615 quam
787 1543 894 1621 multoe
921 1554 950 1598 et
973 1543 1002 1598 in
1026 1543 1081 1599 hoc
1104 1560 1194 1617 opere
1217 1550 1246 1599 et
1268 1543 1298 1598 in

219 1628 302 1685 omni
331 1628 386 1684 hoc
414 1645 521 1702 genere
549 1629 612 1683 eius
634 1628 810 1702 scriptorum
834 1646 892 1683 non
916 1627 1066 1684 viderunt!
1112 1626 1173 1686 Cir.
1196 1628 1234 1683 ad
1256 1628 1298 1696 11,

222 1715 264 1770 35
287 1724 415 1786 atquae
437 1712 473 1769 de
497 1724 559 1770 toto
581 1732 687 1788 genere
710 1714 740 1768 in
765 1711 949 1786 praefatione
977 1726 1078 1770 nostra
1106 1714 1137 1771 11
1161 1718 1176 1783 ξ
1199 1715 1218 1769 4
1247 1731 1299 1768 ex·

219 1800 321 1872 posita
342 1808 420 1856 sunt.

309 1887 425 1939 omittam
451 1916 485 1924 -
511 1886 660 1955 partiamus)
688 1882 811 1939 Numeri
841 1883 963 1938 mutatio
991 1881 1021 1938 in
1050 1883 1152 1939 eadem
1176 1882 1298 1957 periodo

219 1986 281 2026 non
305 1969 346 2025 ita
368 1967 553 2041 infrequens,
582 1968 637 2024 etsi
666 1968 703 2025 ad
731 1978 847 2024 nostras
875 1985 961 2024 aures
985 1965 1176 2025 offensionem
1200 1968 1298 2025 habet.

219 2054 292 2111 Vid.
315 2058 330 2123 ς
352 2057 376 2109 l.
421 2054 548 2120 Vereor,
578 2063 611 2108 ut
637 2063 716 2109 recte
740 2052 809 2109 olim
835 2053 1024 2121 mutaverim,
1053 2053 1132 2128 quod
1160 2053 1300 2110 scribitur

219 2159 278 2215 pro
307 2138 425 2213 Ligario
449 2139 504 2193 ⁶20:
535 2138 591 2194 Sed
619 2149 647 2194 ut
674 2142 792 2194 omittam
819 2157 978 2194 eomrnunem
1007 2158 1132 2197 causant.
1161 2141 1299 2195 verriumus

217 2227 261 2280 ad
287 2234 414 2281 suestram.
463 2224 560 2280 Utrum
588 2225 695 2279 nudem
722 2226 859 2280 ametimos
888 2233 958 2289 cet,
992 2242 1170 2298 quamquam
1199 2223 1240 2279 ibi
1270 2233 1299 2280 et

218 2309 252 2367 in
276 2308 448 2366 brevissima
475 2309 608 2365 oratione
636 2320 664 2365 et
692 2309 888 2365 membrorum
917 2309 1095 2382 aequalitate
1124 2309 1224 2366 durior·
1255 2318 1300 2365 est

221 2395 356 2451 mutatio.

308 2480 357 2535 25.
385 2481 453 2552 quid
475 2480 601 2535 historiae
622 2481 786 2553 captatioque
807 2476 910 2556 rerum)
929 2478 1005 2534 Mire
1019 2478 1153 2535 Bromius
1171 2478 1297 2545 dubitat,

219 2583 280 2639 qno
303 2582 371 2621 casu
394 2566 520 2620 ln'storiue
543 2565 669 2637 positum
693 2564 746 2632 sit,
776 2572 806 2619 et
829 2582 863 2619 eo
887 2563 1048 2631 delabitur,
1072 2574 1105 2620 ut
1127 2563 1297 2639 genetivum

219 2668 285 2706 esse
314 2649 399 2718 velit,
434 2659 465 2705 ut
493 2649 518 2705 si
547 2649 675 2706 dicatur:
709 2650 835 2705 hasteriae
862 2651 974 2720 eoprrz'tr'o
1000 2651 1165 2723 nequitiaque
1192 2668 1297 2709 rerum.

221 2735 299 2809 quod
321 2733 392 2792 ferri
416 2734 497 2790 nullo
522 2734 607 2790 modo
629 2745 734 2808 potest.
780 2734 856 2790 Ecce
879 2746 975 2790 autem
1000 2733 1185 2791 Goerenzius
1208 2737 1297 2807 coqui-

221 2824 315 2877 te'onem
336 2839 425 2877 renem
449 2819 666 2894 philosophiam
689 2837 754 2875 esse
776 2818 896 2887 statuit;
919 2837 982 2875 earn
1007 2838 1066 2875 una
1088 2819 1209 2875 notione
1231 2837 1296 2876 cum

220 2905 345 2962 historia
371 2905 508 2979 coniungi
538 2923 725 2983 non0posse;
754 2904 854 2977 itaque
882 2903 991 2960 delevit
1019 2905 1146 2960 historiae
1174 2914 1203 2960 et
1231 2923 1298 2977 qrae3

220 3009 289 3047 nam
312 3010 364 3065 que
387 2990 512 3065 ,glossis
534 2990 689 3065 iungendis
709 2989 888 3054 inservire“;
906 3009 929 3044 -o
944 2989 1133 3045 barbariem!
1157 3001 1187 3045 et
1210 3008 1297 3062 quam

221 3076 297 3132 mira
324 3084 479 3132 narrantur
507 3075 542 3130 de
571 3074 713 3131 librariis!
759 3074 864 3132 Cicero
888 3075 1040 3147 Torquato
1064 3075 1211 3149 Epicureo
1239 3093 1297 3131 non

219 3161 303 3218 iliam
325 3161 522 3236 cognitionem
551 3179 645 3216 rerum
675 3160 792 3215 tribuit.
821 3178 909 3232 quam
938 3160 1124 3234 philosophia
1153 3160 1299 3234 promittit

219 3248 262 3320 (et
286 3246 362 3302 belle
387 3246 453 3302 huic
476 3246 725 3319 superaddidisset
750 3251 902 3319 poetarum
926 3246 1135 3316 evolutionem,
1160 3263 1299 3301 versuum

217 3330 434 3403 memoriami).
469 3331 519 3387 sed
547 3330 819 3404 encyclopaediearn
850 3330 945 3394 illam,
975 3349 1050 3403 qnae
1078 3331 1107 3386 in
1136 3330 1300 3387 liberaliter

217 3417 355 3473 instituto
379 3417 497 3472 homine
520 3435 584 3471 esse
607 3416 691 3473 solet.
717 3434 841 3488 eamque
864 3414 893 3470 in
917 3415 1024 3471 litteris
1046 3415 1209 3490 partiendis
1231 3434 1299 3472 curn

217 3501 344 3558 historia
365 3501 531 3576 cirniungit.
562 3501 647 3574 quod·
669 3519 705 3556 ex
731 3518 835 3574 prosae
858 3501 1001 3557 orationis
1024 3501 1142 3575 scriptis
1165 3501 1300 3558 hauritur

217 3605 377 3660 rerumque
401 3605 505 3662 magna
529 3605 596 3660 pars
619 3606 655 3641 ex
679 3586 802 3642 historia
825 3585 959 3643 surnitur.
984 3586 1075 3655 (Plin.
1089 3586 1183 3661 Epist.
1205 3588 1228 3657 1,
1243 3589 1299 3644 22:

223 3672 360 3740 erurttrrm
383 3692 481 3728 remam.
505 3681 633 3743 quantum
656 3675 843 3746 eaernpforum,
867 3682 997 3744 prioratum
1014 3675 1183 3746 urttr'qut'tatt's
1202 3674 1298 3744 teneti)

218 3758 360 3813 Historiae
383 3757 457 3812 dixit
480 3756 516 3811 de
539 3755 662 3830 singulis
686 3757 826 3814 historiae
847 3756 989 3832 partibus,
1013 3765 1045 3812 ut
1063 3759 1101 3827 V,
1116 3759 1165 3814 64.
1200 3757 1300 3814 Aliter

216 3841 359 3898 historiae
382 3860 401 3896 a
423 3840 607 3914 Quintiliano
631 3843 655 3907 I,
680 3844 708 3906 8,
737 3845 773 3898 18
797 3851 825 3898 et
848 3842 944 3916 poetis
967 3843 1113 3900 dicuntur.

305 3927 381 3983 Haec
403 3931 470 3982 enirn
492 3929 565 4000 ipsu)
596 3928 663 3983 Non
693 3937 752 3983 tam
782 3927 894 4002 ellipsis
923 3937 968 3983 est
997 3928 1027 3983 in
1056 3929 1112 3984 hoe
1135 3926 1298 4001 particulae

216 4030 285 4069 usu.
309 4012 386 4086 quod
411 4022 497 4086 negat
522 4012 656 4068 llandins
679 4014 709 4069 Il
734 4033 762 4087 p.
779 4013 854 4080 394,
879 4031 966 4085 quam
990 4012 1147 4068 coniuncta
1168 4009 1298 4067 affirma·

215 4098 310 4154 tionis
348 4110 377 4154 et
415 4116 521 4154 causae
555 4097 820 4172 explicationisque
859 4097 976 4154 additae
1016 4097 1207 4173 significatio3
1247 4097 1298 4153 sed

218 4193 318 4238 tamen
342 4182 414 4239 haee
437 4183 466 4238 in
490 4183 636 4257 particula
656 4182 722 4257 ipsa
744 4183 831 4246 inest,
854 4182 905 4238 illa
924 4202 960 4239 ex
980 4183 1035 4239 hac
1052 4183 1156 4240 oritur.
1189 4183 1301 4240 Exem-

218 4267 279 4343 piia
302 4269 367 4324 add.
392 4269 476 4326 Brut.
504 4270 574 4326 152.
