3030 5086
214 471 318 537 Llllll
652 468 855 535 Pnanunmo.

221 658 352 723 aliorum
374 651 699 723 commemorationem
722 675 815 722 verae
836 656 939 722 landis
960 640 1183 723 iucundissima
1199 674 1297 739 praa·

222 766 376 831 dicatione
392 765 595 830 concluderet
639 761 688 829 Ea
709 765 838 843 debetur
860 784 980 829 summo
1002 766 1070 830 inre
1091 765 1190 831 amico
1214 782 1298 843 meo,

222 873 275 955 qui
297 892 331 938 se
353 873 508 940 interdum
530 871 712 952 discipulum
736 871 844 937 haberi
865 872 939 951 vult,
963 875 998 937 Α.
1017 872 1046 937 S.
1061 871 1298 955 Wesenbergio‚

223 981 347 1047 scholae
365 971 567 1062 Viburgensis
586 981 742 1060 magistro.
775 981 856 1045 Nam
878 980 905 1045 is
928 999 997 1044 cnm
1019 979 1111 1060 forte
1133 1000 1195 1062 quo
1213 989 1298 1047 tem·

221 1108 299 1170 pore
330 1088 408 1154 haec
440 1089 533 1154 editio
567 1087 746 1171 typothetae
779 1089 859 1153 tradi
894 1096 1005 1169 coepta
1037 1099 1099 1169 est,
1135 1088 1298 1155 Hauniam

222 1197 366 1275 venisset,
389 1206 577 1279 rogatusque
599 1215 619 1260 a
640 1215 690 1261 me
706 1213 764 1276 pro
781 1205 889 1260 nostra
905 1195 1116 1262 familiaritate
1134 1205 1226 1277 esset
1250 1204 1299 1274 ut,

222 1305 248 1368 si
271 1304 345 1385 quid
367 1304 408 1368 ad
430 1303 488 1369 hos
509 1302 605 1368 libros
626 1311 809 1368 antrotatum
826 1304 962 1382 haberet,
985 1323 1104 1370 mecum
1123 1303 1298 1371 communi·

221 1421 315 1490 caret
333 1420 498 1492 postquam
516 1411 642 1476 domum
660 1411 759 1490 rediit
777 1430 848 1491 non,
865 1430 946 1493 qnae
961 1412 1022 1476 iam
1040 1411 1177 1487 haberet,
1197 1411 1297 1490 misit,

221 1521 276 1584 sed
300 1538 368 1584 mea
390 1537 485 1584 cansa
506 1520 551 1584 ita
572 1537 607 1584 se
629 1518 757 1583 contulit
777 1519 820 1584 ad
842 1519 899 1584 hos
921 1519 1018 1586 libros
1046 1520 1165 1585 intento
1186 1520 1297 1586 animo

222 1628 447 1706 retractandos,
463 1636 498 1691 nt
514 1626 588 1691 nihil
605 1626 670 1691 fere
682 1625 879 1708 relinqueret
897 1629 937 1693 de
954 1645 1015 1709 qno
1032 1647 1094 1692 non
1106 1629 1299 1694 sententiam

222 1743 312 1800 acute
334 1740 365 1799 ot
387 1736 557 1816 prudenter
579 1735 710 1813 diceret,
739 1743 924 1816 argumenta
952 1735 1072 1800 erudite
1100 1744 1132 1800 et
1158 1736 1299 1801 scienter

221 1843 426 1924 conquireret
443 1861 542 1924 eaque
553 1842 657 1907 omnia
668 1841 792 1920 sensim,
810 1861 877 1907 meo
896 1861 991 1924 opere
1003 1843 1200 1923 procedente
1218 1840 1299 1908 milri

222 1951 268 2016 sio
294 1950 437 2023 tradidit,
467 1961 514 2028 ut,
542 1950 696 2031 quomodo
718 1950 842 2028 vellem,
870 1957 983 2016 uterer.
1033 1950 1075 2015 Et
1101 1968 1296 2031 quamquam
1391 1992 1395 1997 -

222 2066 297 2124 nota
318 2058 391 2131 mihi
414 2068 483 2123 erat
500 2057 590 2122 amici
606 2065 753 2122 accurata
769 2057 910 2123 doctrina
932 2064 965 2123 et
986 2065 1103 2123 rectum
1127 2059 1167 2124 de
1183 2064 1298 2125 nostra

222 2175 290 2231 arte
311 2166 471 2243 indicium,
498 2164 673 2230 admiratus
700 2176 803 2230 tamen
826 2183 909 2246 sum,
937 2184 1031 2247 quam
1059 2166 1298 2246 saepefatam

222 2275 331 2356 exiguo
353 2273 538 2355 praesertim
560 2281 716 2355 apparatu
738 2275 825 2354 (nam
848 2291 887 2338 ne
906 2272 1075 2338 Gruterum
1093 2273 1218 2355 quidem
1235 2272 1298 2341 ha·

222 2381 328 2460 bebat)
350 2389 406 2445 aut
426 2399 534 2446 verum
563 2380 666 2461 ipsum
695 2380 871 2446 felicissime
897 2380 1068 2446 invenisset
1094 2388 1150 2446 aut
1177 2393 1297 2447 rectam

223 2489 304 2553 viam
331 2489 398 2553 eins
425 2488 599 2553 inveniendi
626 2488 790 2554 institisset
816 2507 979 2570 meamque
1006 2489 1194 2554 sententiam
1218 2506 1297 2555 oon·

224 2615 319 2662 sensu
341 2595 551 2675 confirmaret,
573 2597 731 2661 interdum
752 2596 845 2662 etiam
867 2598 908 2662 ad
930 2616 969 2661 ea
990 2597 1189 2675 attendisset,
1213 2614 1299 2679 quae

224 2723 273 2770 me
294 2702 455 2787 fugissent.
501 2706 602 2786 Atque
624 2703 709 2781 haec,
732 2703 762 2768 in
785 2704 897 2785 quibus
919 2711 993 2769 sunt
1009 2704 1112 2783 etiam,
1135 2722 1216 2786 quae
1234 2722 1299 2771 non

223 2813 265 2877 ad
289 2813 345 2876 lros
363 2810 446 2876 solos
464 2810 561 2876 libros
578 2811 764 2892 pertineant,
787 2823 822 2876 ut
839 2830 898 2892 par
914 2818 991 2891 erat
1014 2812 1169 2879 inventori
1187 2812 1299 2891 tribni;
1386 2817 1391 2824 '

224 2919 277 2984 ubi
294 2920 324 2984 in
342 2920 459 2997 eadem,
476 2927 570 3000 atque
587 2937 654 2998 ego,
671 2918 831 2998 inciderat
849 2927 969 2984 tant-um
986 2920 1018 2984 in
1035 2919 1130 2986 rebus
1147 2919 1298 3001 insignio·

224 3027 318 3106 ribus,
340 3038 372 3092 et
387 3024 629 3092 confirmationis
646 3044 741 3091 causa
758 3036 789 3091 et
805 3028 888 3108 quod
905 3026 1071 3093 iucundum
1088 3039 1165 3107 erat,
1185 3045 1299 3094 nomeu

224 3135 291 3201 eius
313 3134 457 3217 ascripsi,
485 3153 599 3215 neque,
627 3134 652 3199 si
680 3135 803 3215 qnando
826 3133 951 3215 aliquod
974 3135 1147 3217 exemplum
1170 3153 1207 3199 en
1229 3135 1299 3201 eius

224 3242 320 3323 copiis
353 3241 480 3307 adiunxi
514 3242 604 3321 mels,
637 3243 720 3323 qnod
748 3260 808 3307 non
836 3259 910 3306 raro
938 3240 1053 3307 factum
1080 3250 1143 3321 est,
1177 3243 1298 3322 monui;

225 3368 325 3431 neque
347 3350 428 3415 enim
449 3349 502 3415 illa
522 3351 590 3431 lege
606 3349 746 3414 vivimus.
781 3351 884 3430 Atque
901 3350 994 3417 etiarn
1011 3348 1102 3416 nbia
1123 3368 1173 3415 me
1195 3350 1298 3418 disce·

128 3514 136 3522 .
224 3458 326 3535 debat
344 3458 474 3523 manime
490 3458 573 3538 quod
590 3457 732 3523 codicum
750 3456 911 3522 meliorum
928 3457 1104 3523 testimonia
1122 3476 1183 3522 non
1196 3464 1299 3538 norat,

223 3584 375 3647 perquam
397 3584 491 3647 saepe
513 3565 588 3630 utile
609 3565 685 3631 mihi
700 3562 758 3630 fuit
774 3564 889 3644 videre,
912 3564 988 3647 quid
1009 3565 1157 3645 prudenti
1180 3564 1300 3635 homini

224 3672 254 3736 in
284 3673 565 3743 mentemreniret.
610 3672 672 3739 Sed
700 3672 772 3737 mihi
800 3672 830 3736 in
860 3681 927 3738 tota
954 3673 1014 3738 hac
1042 3692 1077 3737 re
1104 3674 1163 3738 etsi
1191 3683 1300 3743 cetera

225 3783 348 3864 egregie
364 3780 536 3862 placebant
560 3788 662 3847 tamen
680 3781 754 3847 illnd
771 3780 862 3862 longe
879 3781 1091 3862 gratissimum
1111 3781 1177 3862 fnit,
1200 3783 1298 3864 qnod,

224 3907 285 3970 qno
309 3898 448 3976 tempore
470 3907 538 3953 cum
560 3890 767 3969 perversitate
784 3888 979 3971 quorundam
997 3888 1198 3955 conflictabar
1215 3897 1247 3959 et
1264 3890 1298 3957 in

223 4014 338 4075 genere
359 3995 513 4062 scribendi
535 4016 634 4077 paene
657 4016 780 4063 moroso
804 3995 1011 4078 defetigabor,
1034 3996 1146 4062 licebat
1167 3997 1197 4062 in
1221 4016 1297 4063 sva·

225 4104 350 4168 vissimo
373 4104 527 4169 amicitiae
549 4104 661 4170 affectu
682 4106 888 4185 acquiescere.

310 4212 395 4276 Haec
412 4211 514 4288 habui,
533 4231 612 4293 qnae
629 4214 668 4276 de
685 4212 761 4276 meis
779 4212 915 4287 consiliis
933 4211 1144 4294 institutisque
1163 4213 1299 4279 dicenda

226 4320 413 4384 viderentur.
447 4319 578 4399 Reliqua
599 4320 659 4383 iam
680 4320 779 4384 oratio
797 4319 930 4400 deipsis
949 4319 1106 4385 Ciceronis
1124 4321 1210 4386 libris
1228 4321 1298 4386 erit.
