3030 5086
217 482 324 549 XVIII
652 490 854 549 PRAEFATIO.

218 671 249 735 in
272 670 336 735 Eri.
360 687 430 735 esse
452 671 631 755 perspicue:
659 674 696 734 ot
721 666 787 735 atta
802 692 883 752 pars
904 673 1068 749 ooadtoto,
1097 674 1151 738 sed
1176 680 1296 737 tantum

218 783 254 842 ot
285 776 350 842 aba
376 779 517 860 protulit.
572 778 651 860 (Otr.
681 779 775 859 1‚20
800 781 1009 863 peomctrt'oot,
1043 781 1086 847 34
1112 785 1206 861 atquo
1232 784 1297 842 tur-

220 886 350 968 bentur.)
394 884 446 950 Ad
467 887 561 967 11,13
580 905 649 952 cum
667 887 814 954 Davisius
833 907 895 953 aon
919 893 1003 954 recte
1024 888 1217 966 credidisset,
1240 889 1296 952 ad-

220 996 355 1082 dendum
373 1012 444 1059 esse
461 985 570 1072 ἡδονή
587 1001 661 1076 post
681 993 806 1072 Graece,
829 993 1020 1062 Goerenaius
1037 996 1068 1061 in
1085 996 1148 1061 Erl.
1168 1004 1198 1061 et
1216 997 1297 1078 Spir.

219 1102 252 1168 id
269 1102 452 1168 vocabulum
469 1101 590 1167 Latinis
607 1102 719 1167 litteris
742 1103 891 1184 scriptum
915 1122 985 1169 esso
1006 1103 1099 1184 plane
1122 1104 1297 1168 somniavit

220 1212 340 1276 Eadem
363 1209 570 1290 perversitate
591 1211 632 1288 II,
650 1211 692 1275 24
713 1230 784 1290 non,
808 1219 842 1276 ut
859 1212 1016 1276 Gruterus
1035 1216 1067 1276 et
1084 1211 1229 1276 Davisius
1251 1210 1267 1276 Ι
1285 1247 1297 1258 -

221 1326 337 1397 serant,
360 1322 443 1382 tacet
464 1318 504 1382 de
526 1316 662 1399 opaca,
684 1321 769 1400 quod
791 1325 865 1400 post
885 1319 919 1382 ia
942 1338 1001 1400 qao
1023 1320 1146 1385 codices
1168 1321 1298 1398 addunt,
1401 1356 1405 1362 -

221 1429 277 1493 sed
303 1442 395 1499 „suos
411 1424 444 1489 id
461 1425 626 1506 ignorare
646 1425 762 1491 scribit.
795 1427 861 1491 Iam
879 1426 956 1492 illud
973 1427 1065 1508 quale
1082 1428 1191 1504 dicam,
1214 1428 1299 1507 quod

220 1536 262 1615 11,
273 1535 324 1613 rt,
341 1551 410 1598 cum
424 1532 579 1598 Gruterus
597 1533 691 1599 ePal.
707 1537 720 1597 l
736 1540 767 1599 ct
779 1535 888 1615 Scalig.
906 1535 1088 1615 protulisset
1098 1533 1299 1614 profitendae,

220 1644 315 1725 idque
337 1641 485 1706 Davisius
507 1641 675 1723 probasset
696 1643 805 1707 addito
828 1643 873 1707 El.
895 1645 910 1706 1
937 1643 977 1724 (si
1000 1643 1094 1706 modo
1117 1643 1205 1722 prior
1226 1630 1299 1722 fuit)

221 1749 409 1826 testimonio,
422 1747 613 1813 Goerenzius
625 1749 720 1814 audet
730 1750 876 1828 scribere,
895 1769 1015 1831 „neque
1027 1750 1195 1814 Gruterum
1209 1749 1300 1830 quid-

222 1855 1300 1941 quamdePal.lmouercaecanosillosbinosavulgatadiscedere··?

222 1966 263 2030 Et
284 1963 421 2029 habebat
442 1963 586 2028 omnibus
607 1964 719 2029 litteris
741 1966 950 2046 perscriptum
968 1966 998 2029 in
1019 1966 1103 2037 „suis
1121 1965 1180 2029 illis
1199 1965 1297 2030 binis“

218 2070 416 2154 profitendae.
451 2069 528 2151 (cfr.
541 2071 597 2151 III,
610 2073 651 2137 53
670 2071 743 2134 buco
759 2073 885 2154 posito.)
919 2073 990 2151 Sed,
1013 2093 1051 2137 ne
1074 2071 1227 2137 infinitum
1250 2073 1300 2151 sit,

223 2199 318 2246 unum
341 2179 505 2244 socordiae
527 2197 595 2243 cum
619 2181 688 2261 pari
706 2180 838 2245 stultitia
855 2180 1035 2245 coniunctae
1053 2181 1228 2262 exemplum
1245 2183 1300 2245 ad·
1401 2187 1405 2193 ’

224 2289 306 2366 dam,
324 2306 384 2368 quo
402 2285 477 2351 nihil
494 2287 593 2368 magis
611 2287 773 2351 ridiculum
786 2287 955 2369 excogitari
972 2292 1084 2367 potest
1117 2287 1198 2350 Nam
1209 2287 1247 2365 V,
1258 2288 1297 2350 41

222 2397 255 2462 in
278 2395 414 2460 editione
423 2393 601 2474 eBiporrtina
623 2413 731 2459 errore
754 2395 903 2476 scriptum
927 2400 989 2460 est:
1011 2394 1045 2473 st',
1068 2399 1103 2457 ot
1123 2394 1209 2457 lutrio
1226 2392 1300 2470 utet,

225 2540 263 2550 —
283 2502 308 2566 si
331 2504 403 2584 (pro
425 2503 469 2581 sc)
492 2500 618 2581 qor'sqoc
640 2507 829 2583 coqoosoerct.
864 2503 943 2566 llum
966 2521 1104 2567 errorem
1128 2520 1196 2566 cum
1217 2502 1299 2567 Goe-

223 2612 348 2676 renzius
378 2608 558 2690 repetisset,
586 2610 676 2690 quasi
705 2610 794 2674 acurio
822 2612 920 2676 altero
948 2610 1136 2691 semiaperto
1164 2608 1242 2673 vidit
1269 2610 1300 2672 in

225 2717 331 2783 codice
354 2716 419 2781 Erl.
442 2735 513 2782 esse
533 2735 571 2793 sc,
595 2735 652 2781 nec
674 2722 778 2810 tamen
801 2719 972 2800 evigilavit,
994 2724 1029 2781 ut
1050 2718 1084 2781 id
1106 2718 1135 2781 in
1160 2716 1302 2780 omnibus

225 2825 383 2891 codicibus
406 2831 437 2888 et
453 2824 667 2904 superioribus
684 2826 872 2891 editionibus
895 2844 964 2891 esse
985 2842 1043 2890 uec
1064 2825 1132 2890 sinc
1153 2844 1190 2889 eo
1207 2823 1301 2888 ullam

225 2951 295 2998 esse
318 2931 503 2996 sententiam
526 2932 805 3011 animadverteret,
833 2934 903 3012 sed,
926 2932 1031 3013 qualia
1052 2933 1208 3014 permulta
1229 2950 1302 3014 gra-

226 3040 353 3105 vissime
375 3038 433 3103 Dei
457 3038 563 3103 Somni
586 3040 712 3104 oracula
734 3041 807 3119 edit,
830 3045 941 3105 narrat
962 3046 1045 3105 recto
1065 3039 1164 3121 repeti
1180 3039 1206 3103 si
1223 3037 1303 3118 (siti

227 3166 367 3230 coquosco
385 3144 548 3227 prostare
566 3150 728 3230 coquosco),
751 3148 809 3212 hoc
826 3147 1019 3213 confundens
1037 3166 1105 3213 cum
1123 3147 1304 3212 condicione

227 3255 377 3337 propiore
391 3253 530 3318 subiecta
542 3254 714 3319 condicioni
727 3255 914 3335 generaliori
926 3255 1001 3336 (vid.
1013 3256 1054 3320 ad
1066 3256 1106 3334 II,
1120 3256 1204 3336 112).
1238 3255 1304 3318 Iam

227 3381 319 3445 quem
338 3363 383 3426 sic
400 3361 431 3425 ia
448 3360 633 3443 Erlangeusi
652 3363 758 3426 codice
775 3381 884 3428 errare
901 3363 1052 3442 videmus,
1074 3382 1165 3444 quem
1183 3362 1252 3443 ipse
1274 3361 1303 3425 in

228 3469 372 3535 manibus
394 3467 538 3533 habebat.
561 3470 635 3551 quid
658 3469 730 3534 huic
752 3471 904 3535 accidisse
926 3477 1073 3552 putamus
1091 3470 1122 3534 in
1141 3469 1305 3552 scripturis

229 3577 343 3643 codicis
362 3575 519 3656 Spirensis
536 3584 568 3641 et
583 3576 782 3657 Basileensis,
805 3577 919 3658 quibus
938 3584 1106 3659 antequam
1125 3577 1169 3640 uti
1189 3584 1305 3657 posset,

230 3685 310 3750 ratio
334 3683 481 3748 habende
497 3682 591 3748 fuerit
607 3691 769 3751 contextus
787 3685 970 3763 Manutisni,
993 3704 1125 3766 quocum
1142 3684 1184 3748 illi
1203 3683 1307 3749 collati

230 3792 357 3859 esseut?
384 3792 464 3855 illud
482 3811 576 3856 unum
593 3802 759 3874 praeterea
775 3792 981 3858 animadverti
999 3792 1099 3872 vclim,
1116 3812 1211 3872 saepe
1226 3810 1307 3868 eum,

230 3920 300 3966 cum
322 3918 397 3966 vere
424 3899 611 3979 scripturam
639 3901 775 3981 aliquam
804 3920 841 3966 ex
869 3920 931 3965 uuo
959 3901 1120 3965 duobusve
1149 3899 1307 3964 codicibus

230 4007 375 4090 prolerre
396 4016 511 4088 posset,
534 4005 614 4072 falso
632 4027 733 4072 octoas
749 4027 828 4085 atos,
850 4006 960 4071 otoltos
978 4008 1163 4089 appellasse
1186 4013 1222 4069 ut
1238 4024 1307 4068 cum

230 4115 378 4197 proprias
402 4115 538 4179 melioris
560 4113 697 4180 familiae
719 4115 892 4196 scripturas
914 4123 1149 4194 commemorat,
1173 4132 1254 4195 quae
1276 4113 1306 4176 iu

232 4224 295 4287 Erl.
319 4230 352 4287 et
373 4223 462 4302 spir,
485 4224 642 4287 interdum
665 4223 697 4287 in
721 4242 782 4287 uno
805 4230 970 4303 praeterea
992 4231 1090 4288 erant.
1124 4221 1234 4302 Neque
1251 4238 1307 4299 ego

117 4403 119 4408 ἢ
232 4331 264 4395 iu
288 4330 431 4395 omuibus
453 4331 628 4396 huiusmodi
651 4330 727 4395 locis
750 4330 923 4395 cautionem
946 4330 1086 4412 ascripsi,
1109 4348 1177 4394 cum
1201 4329 1242 4392 ad
1262 4327 1308 4392 rei
