<?xml version="1.0" encoding="UTF-8"?>
<!DOCTYPE html PUBLIC "-//W3C//DTD XHTML 1.0 Transitional//EN"
    "http://www.w3.org/TR/xhtml1/DTD/xhtml1-transitional.dtd">
<html xmlns="http://www.w3.org/1999/xhtml" xml:lang="en" lang="en">
 <head>
  <title>
</title>
<meta http-equiv="Content-Type" content="text/html;charset=utf-8" />
  <meta name='ocr-system' content='tesseract 3.04.00' />
  <meta name='ocr-capabilities' content='ocr_page ocr_carea ocr_par ocr_line ocrx_word'/>
</head>
<body>
  <div class='ocr_page' id='page_1' title='image "./mtulliiciceroni35cicegoog_0663.png"; bbox 0 0 3030 5086; ppageno 0'>
   <div class='ocr_carea' id='block_1_1' title="bbox 253 495 933 566">
    <p class='ocr_par' dir='ltr' id='par_1_1' title="bbox 253 495 933 566">
     <span class='ocr_line' id='line_1_1' title="bbox 253 495 933 566; baseline -0.001 -1"><span class='ocrx_word' id='word_1_1' title='bbox 253 498 317 565; x_wconf 80' lang='lat'>568</span> <span class='ocrx_word' id='word_1_2' title='bbox 590 495 592 498; x_wconf 44' lang='lat'><strong>⁴</strong></span> <span class='ocrx_word' id='word_1_3' title='bbox 640 518 686 563; x_wconf 82' lang='lat' dir='ltr'>ns</span> <span class='ocrx_word' id='word_1_4' title='bbox 708 516 838 566; x_wconf 76' lang='lat' dir='ltr'>simus</span> <span class='ocrx_word' id='word_1_5' title='bbox 860 516 933 564; x_wconf 80' lang='lat' dir='ltr'>sou.</span> 
     </span>
    </p>
   </div>
   <div class='ocr_carea' id='block_1_2' title="bbox 216 685 1329 1380">
    <p class='ocr_par' dir='ltr' id='par_1_2' title="bbox 216 685 1329 1380">
     <span class='ocr_line' id='line_1_2' title="bbox 253 685 1328 768; baseline 0 -18"><span class='ocrx_word' id='word_1_6' title='bbox 253 686 328 750; x_wconf 95' lang='lat' dir='ltr'>dum</span> <span class='ocrx_word' id='word_1_7' title='bbox 350 692 494 751; x_wconf 88' lang='lat' dir='ltr'>naturam</span> <span class='ocrx_word' id='word_1_8' title='bbox 515 685 586 765; x_wconf 85' lang='lat' dir='ltr'>sint,</span> <span class='ocrx_word' id='word_1_9' title='bbox 608 686 824 751; x_wconf 79' lang='lat' dir='ltr'><strong>aestimatione</strong></span> <span class='ocrx_word' id='word_1_10' title='bbox 839 686 944 767; x_wconf 87' lang='lat' dir='ltr'>aliqua</span> <span class='ocrx_word' id='word_1_11' title='bbox 962 685 1066 768; x_wconf 82' lang='lat' dir='ltr'>digna,</span> <span class='ocrx_word' id='word_1_12' title='bbox 1087 704 1187 768; x_wconf 88' lang='lat' dir='ltr'>eaque</span> <span class='ocrx_word' id='word_1_13' title='bbox 1202 703 1262 767; x_wconf 88' lang='lat' dir='ltr'>pro</span> <span class='ocrx_word' id='word_1_14' title='bbox 1280 703 1328 765; x_wconf 89' lang='lat' dir='ltr'>eo,</span> 
     </span>
     <span class='ocr_line' id='line_1_3' title="bbox 254 786 1329 871; baseline 0.002 -20"><span class='ocrx_word' id='word_1_15' title='bbox 254 793 404 868; x_wconf 91' lang='lat' dir='ltr'>quantum</span> <span class='ocrx_word' id='word_1_16' title='bbox 426 786 459 852; x_wconf 94' lang='lat' dir='ltr'>in</span> <span class='ocrx_word' id='word_1_17' title='bbox 481 806 604 869; x_wconf 90' lang='lat' dir='ltr'>quoque</span> <span class='ocrx_word' id='word_1_18' title='bbox 627 787 667 853; x_wconf 90' lang='lat' dir='ltr'>sit</span> <span class='ocrx_word' id='word_1_19' title='bbox 683 789 841 871; x_wconf 88' lang='lat' dir='ltr'>ponderis,</span> <span class='ocrx_word' id='word_1_20' title='bbox 864 807 934 854; x_wconf 88' lang='lat' dir='ltr'>esse</span> <span class='ocrx_word' id='word_1_21' title='bbox 949 788 1161 868; x_wconf 83' lang='lat' dir='ltr'>aestimanda3</span> <span class='ocrx_word' id='word_1_22' title='bbox 1184 805 1329 870; x_wconf 84' lang='lat' dir='ltr'>quaeque</span> 
     </span>
     <span class='ocr_line' id='line_1_4' title="bbox 254 889 1328 972; baseline 0.002 -18"><span class='ocrx_word' id='word_1_23' title='bbox 254 890 424 954; x_wconf 84' lang='lat' dir='ltr'>secundum</span> <span class='ocrx_word' id='word_1_24' title='bbox 446 898 590 955; x_wconf 89' lang='lat' dir='ltr'>naturam</span> <span class='ocrx_word' id='word_1_25' title='bbox 612 890 688 969; x_wconf 88' lang='lat' dir='ltr'>sint,</span> <span class='ocrx_word' id='word_1_26' title='bbox 716 891 830 972; x_wconf 89' lang='lat' dir='ltr'>partim</span> <span class='ocrx_word' id='word_1_27' title='bbox 858 889 934 955; x_wconf 90' lang='lat' dir='ltr'>nibil</span> <span class='ocrx_word' id='word_1_28' title='bbox 960 890 1076 956; x_wconf 90' lang='lat' dir='ltr'>habere</span> <span class='ocrx_word' id='word_1_29' title='bbox 1102 890 1134 955; x_wconf 92' lang='lat' dir='ltr'>in</span> <span class='ocrx_word' id='word_1_30' title='bbox 1163 908 1233 956; x_wconf 88' lang='lat' dir='ltr'>sese</span> <span class='ocrx_word' id='word_1_31' title='bbox 1260 889 1328 956; x_wconf 86' lang='lat' dir='ltr'>eius</span> 
     </span>
     <span class='ocr_line' id='line_1_5' title="bbox 252 991 1329 1074; baseline 0.002 -19"><span class='ocrx_word' id='word_1_32' title='bbox 252 991 468 1074; x_wconf 81' lang='lat' dir='ltr'>appetitionis,</span> <span class='ocrx_word' id='word_1_33' title='bbox 496 992 536 1057; x_wconf 90' lang='lat' dir='ltr'>de</span> <span class='ocrx_word' id='word_1_34' title='bbox 558 1010 621 1074; x_wconf 88' lang='lat' dir='ltr'>qua</span> <span class='ocrx_word' id='word_1_35' title='bbox 643 1011 738 1073; x_wconf 81' lang='lat' dir='ltr'>saepe</span> <span class='ocrx_word' id='word_1_36' title='bbox 759 992 822 1057; x_wconf 84' lang='lat' dir='ltr'>iam</span> <span class='ocrx_word' id='word_1_37' title='bbox 844 992 992 1071; x_wconf 84' lang='lat' dir='ltr'>diximus,</span> <span class='ocrx_word' id='word_1_38' title='bbox 1014 1010 1096 1073; x_wconf 90' lang='lat' dir='ltr'>quae</span> <span class='ocrx_word' id='word_1_39' title='bbox 1117 1010 1174 1057; x_wconf 89' lang='lat' dir='ltr'>nec</span> <span class='ocrx_word' id='word_1_40' title='bbox 1196 993 1329 1057; x_wconf 89' lang='lat' dir='ltr'>honesta</span> 
     </span>
     <span class='ocr_line' id='line_1_6' title="bbox 216 1093 1327 1177; baseline -0.005 -16"><span class='ocrx_word' id='word_1_41' title='bbox 216 1099 236 1161; x_wconf 89' lang='lat'>5</span> <span class='ocrx_word' id='word_1_42' title='bbox 254 1111 312 1160; x_wconf 89' lang='lat' dir='ltr'>neo</span> <span class='ocrx_word' id='word_1_43' title='bbox 332 1093 501 1160; x_wconf 88' lang='lat' dir='ltr'>laudabilia</span> <span class='ocrx_word' id='word_1_44' title='bbox 517 1094 669 1175; x_wconf 86' lang='lat' dir='ltr'>dicantur,</span> <span class='ocrx_word' id='word_1_45' title='bbox 691 1095 815 1176; x_wconf 89' lang='lat' dir='ltr'>partim,</span> <span class='ocrx_word' id='word_1_46' title='bbox 838 1113 918 1177; x_wconf 89' lang='lat' dir='ltr'>quae</span> <span class='ocrx_word' id='word_1_47' title='bbox 935 1094 1125 1176; x_wconf 88' lang='lat' dir='ltr'>voluptatem</span> <span class='ocrx_word' id='word_1_48' title='bbox 1142 1094 1281 1159; x_wconf 80' lang='lat' dir='ltr'>habeant</span> <span class='ocrx_word' id='word_1_49' title='bbox 1295 1093 1327 1157; x_wconf 95' lang='lat' dir='ltr'>in</span> 
     </span>
     <span class='ocr_line' id='line_1_7' title="bbox 252 1190 1328 1277; baseline -0.001 -15"><span class='ocrx_word' id='word_1_50' title='bbox 252 1196 336 1262; x_wconf 90' lang='lat' dir='ltr'>omni</span> <span class='ocrx_word' id='word_1_51' title='bbox 358 1190 525 1275; x_wconf 80' lang='lat' dir='ltr'>animante,</span> <span class='ocrx_word' id='word_1_52' title='bbox 548 1197 604 1262; x_wconf 89' lang='lat' dir='ltr'>sed</span> <span class='ocrx_word' id='word_1_53' title='bbox 626 1197 657 1260; x_wconf 90' lang='lat' dir='ltr'>in</span> <span class='ocrx_word' id='word_1_54' title='bbox 679 1196 803 1262; x_wconf 92' lang='lat' dir='ltr'>homine</span> <span class='ocrx_word' id='word_1_55' title='bbox 825 1198 976 1262; x_wconf 86' lang='lat' dir='ltr'>rationem</span> <span class='ocrx_word' id='word_1_56' title='bbox 1000 1197 1109 1275; x_wconf 89' lang='lat' dir='ltr'>etinm;</span> <span class='ocrx_word' id='word_1_57' title='bbox 1131 1215 1169 1262; x_wconf 81' lang='lat' dir='ltr'>ex</span> <span class='ocrx_word' id='word_1_58' title='bbox 1191 1214 1230 1261; x_wconf 89' lang='lat' dir='ltr'>ea</span> <span class='ocrx_word' id='word_1_59' title='bbox 1245 1212 1328 1277; x_wconf 86' lang='lat' dir='ltr'>quae</span> 
     </span>
     <span class='ocr_line' id='line_1_8' title="bbox 253 1297 1328 1380; baseline -0.002 -16"><span class='ocrx_word' id='word_1_60' title='bbox 253 1299 315 1365; x_wconf 88' lang='lat' dir='ltr'>sint</span> <span class='ocrx_word' id='word_1_61' title='bbox 336 1306 420 1380; x_wconf 82' lang='lat' dir='ltr'>apta,</span> <span class='ocrx_word' id='word_1_62' title='bbox 443 1317 483 1363; x_wconf 87' lang='lat' dir='ltr'>ea</span> <span class='ocrx_word' id='word_1_63' title='bbox 503 1297 644 1377; x_wconf 89' lang='lat' dir='ltr'>honesta,</span> <span class='ocrx_word' id='word_1_64' title='bbox 667 1317 706 1364; x_wconf 85' lang='lat' dir='ltr'>ea</span> <span class='ocrx_word' id='word_1_65' title='bbox 727 1298 866 1380; x_wconf 84' lang='lat' dir='ltr'>pulchra,</span> <span class='ocrx_word' id='word_1_66' title='bbox 889 1318 926 1364; x_wconf 85' lang='lat' dir='ltr'>ea</span> <span class='ocrx_word' id='word_1_67' title='bbox 947 1298 1125 1378; x_wconf 87' lang='lat' dir='ltr'>laudabilis,</span> <span class='ocrx_word' id='word_1_68' title='bbox 1147 1298 1200 1363; x_wconf 94' lang='lat' dir='ltr'>illa</span> <span class='ocrx_word' id='word_1_69' title='bbox 1221 1303 1328 1363; x_wconf 86' lang='lat' dir='ltr'>autem</span> 
     </span>
    </p>
   </div>
   <div class='ocr_carea' id='block_1_3' title="bbox 254 1501 1330 1636">
    <p class='ocr_par' dir='ltr' id='par_1_3' title="bbox 254 1501 1330 1636">
     <span class='ocr_line' id='line_1_9' title="bbox 323 1501 1330 1568; baseline 0.002 -18"><span class='ocrx_word' id='word_1_70' title='bbox 323 1507 345 1554; x_wconf 90' lang='grc'>1.</span> <span class='ocrx_word' id='word_1_71' title='bbox 364 1501 527 1552; x_wconf 67' lang='lat' dir='ltr'>mammiano</span> <span class='ocrx_word' id='word_1_72' title='bbox 547 1530 575 1540; x_wconf 92' lang='lat'>-</span> <span class='ocrx_word' id='word_1_73' title='bbox 597 1503 839 1553; x_wconf 69' lang='lat' dir='ltr'>acommodatum.</span> <span class='ocrx_word' id='word_1_74' title='bbox 860 1502 880 1552; x_wconf 86' lang='lat' dir='ltr'>P</span> <span class='ocrx_word' id='word_1_75' title='bbox 915 1508 937 1554; x_wconf 57' lang='grc' dir='ltr'>ἲ.</span> <span class='ocrx_word' id='word_1_76' title='bbox 957 1519 1051 1568; x_wconf 71' lang='lat' dir='ltr'>quoque</span> <span class='ocrx_word' id='word_1_77' title='bbox 1069 1518 1154 1553; x_wconf 84' lang='lat' dir='ltr'>omnes</span> <span class='ocrx_word' id='word_1_78' title='bbox 1190 1509 1214 1552; x_wconf 78' lang='grc'>8.</span> <span class='ocrx_word' id='word_1_79' title='bbox 1231 1504 1330 1568; x_wconf 61' lang='lat' dir='ltr'>mque</span> 
     </span>
     <span class='ocr_line' id='line_1_10' title="bbox 254 1570 1031 1636; baseline 0 -15"><span class='ocrx_word' id='word_1_80' title='bbox 254 1570 446 1636; x_wconf 69' lang='lat' dir='ltr'>oppett&#39;tabm&#39;aL</span> <span class='ocrx_word' id='word_1_81' title='bbox 482 1576 504 1623; x_wconf 80' lang='lat'>5.</span> <span class='ocrx_word' id='word_1_82' title='bbox 523 1570 648 1621; x_wconf 63' lang='lat' dir='ltr'>labenti}</span> <span class='ocrx_word' id='word_1_83' title='bbox 684 1575 708 1625; x_wconf 83' lang='grc'>6.</span> <span class='ocrx_word' id='word_1_84' title='bbox 727 1588 757 1620; x_wconf 77' lang='lat' dir='ltr'>ex</span> <span class='ocrx_word' id='word_1_85' title='bbox 774 1574 808 1622; x_wconf 80' lang='lat' dir='ltr'>eis</span> <span class='ocrx_word' id='word_1_86' title='bbox 825 1571 876 1634; x_wconf 77' lang='lat' dir='ltr'>(ib)</span> <span class='ocrx_word' id='word_1_87' title='bbox 895 1570 1031 1622; x_wconf 80' lang='lat' dir='ltr'>LPCROr.</span> 
     </span>
    </p>
   </div>
   <div class='ocr_carea' id='block_1_4' title="bbox 245 1743 1357 4556">
    <p class='ocr_par' dir='ltr' id='par_1_4' title="bbox 251 1743 1332 2845">
     <span class='ocr_line' id='line_1_11' title="bbox 252 1743 1329 1815; baseline 0 -13"><span class='ocrx_word' id='word_1_88' title='bbox 252 1744 310 1815; x_wconf 91' lang='lat' dir='ltr'>Ill,</span> <span class='ocrx_word' id='word_1_89' title='bbox 325 1744 374 1802; x_wconf 76' lang='lat'>50.</span> <span class='ocrx_word' id='word_1_90' title='bbox 408 1744 465 1802; x_wconf 89' lang='lat' dir='ltr'>Hic</span> <span class='ocrx_word' id='word_1_91' title='bbox 482 1744 642 1802; x_wconf 83' lang='lat' dir='ltr'>consistere</span> <span class='ocrx_word' id='word_1_92' title='bbox 654 1744 759 1804; x_wconf 89' lang='lat' dir='ltr'>Cicero</span> <span class='ocrx_word' id='word_1_93' title='bbox 777 1745 891 1814; x_wconf 80' lang='lat' dir='ltr'>debuit3</span> <span class='ocrx_word' id='word_1_94' title='bbox 911 1746 963 1802; x_wconf 91' lang='lat' dir='ltr'>sed</span> <span class='ocrx_word' id='word_1_95' title='bbox 981 1745 1196 1802; x_wconf 86' lang='lat' dir='ltr'>inconsiderate</span> <span class='ocrx_word' id='word_1_96' title='bbox 1214 1743 1329 1803; x_wconf 82' lang='lat' dir='ltr'>eddidit</span> 
     </span>
     <span class='ocr_line' id='line_1_12' title="bbox 252 1830 1329 1907; baseline 0.001 -20"><span class='ocrx_word' id='word_1_97' title='bbox 252 1830 319 1887; x_wconf 89' lang='lat' dir='ltr'>illa:</span> <span class='ocrx_word' id='word_1_98' title='bbox 341 1849 411 1905; x_wconf 82' lang='lat' dir='ltr'>quoe</span> <span class='ocrx_word' id='word_1_99' title='bbox 432 1849 480 1887; x_wconf 81' lang='lat' dir='ltr'>aec</span> <span class='ocrx_word' id='word_1_100' title='bbox 501 1831 610 1887; x_wconf 63' lang='lat' dir='ltr'>bornato</span> <span class='ocrx_word' id='word_1_101' title='bbox 632 1840 699 1894; x_wconf 77' lang='lat' dir='ltr'>cet,</span> <span class='ocrx_word' id='word_1_102' title='bbox 722 1849 798 1905; x_wconf 83' lang='lat' dir='ltr'>quse</span> <span class='ocrx_word' id='word_1_103' title='bbox 820 1831 948 1888; x_wconf 90' lang='lat' dir='ltr'>noudum</span> <span class='ocrx_word' id='word_1_104' title='bbox 971 1831 1008 1887; x_wconf 89' lang='lat' dir='ltr'>ad</span> <span class='ocrx_word' id='word_1_105' title='bbox 1031 1830 1106 1887; x_wconf 90' lang='lat' dir='ltr'>hsnc</span> <span class='ocrx_word' id='word_1_106' title='bbox 1130 1839 1241 1905; x_wconf 88' lang='lat' dir='ltr'>partem</span> <span class='ocrx_word' id='word_1_107' title='bbox 1262 1849 1329 1907; x_wconf 85' lang='lat' dir='ltr'>per-</span> 
     </span>
     <span class='ocr_line' id='line_1_13' title="bbox 252 1914 1330 1992; baseline 0.002 -21"><span class='ocrx_word' id='word_1_108' title='bbox 252 1914 406 1989; x_wconf 80' lang='lat' dir='ltr'>tinebant.)</span> <span class='ocrx_word' id='word_1_109' title='bbox 451 1915 509 1985; x_wconf 82' lang='lat' dir='ltr'>Ea,</span> <span class='ocrx_word' id='word_1_110' title='bbox 538 1933 614 1991; x_wconf 88' lang='lat' dir='ltr'>quae</span> <span class='ocrx_word' id='word_1_111' title='bbox 642 1916 714 1973; x_wconf 84' lang='lat' dir='ltr'>satis</span> <span class='ocrx_word' id='word_1_112' title='bbox 737 1934 872 1992; x_wconf 82' lang='lat' dir='ltr'>magnam</span> <span class='ocrx_word' id='word_1_113' title='bbox 900 1915 1132 1973; x_wconf 81' lang='lat' dir='ltr'>aestimationem</span> <span class='ocrx_word' id='word_1_114' title='bbox 1161 1915 1273 1973; x_wconf 86' lang='lat' dir='ltr'>habent</span> <span class='ocrx_word' id='word_1_115' title='bbox 1299 1924 1330 1973; x_wconf 89' lang='lat' dir='ltr'>et</span> 
     </span>
     <span class='ocr_line' id='line_1_14' title="bbox 252 2001 1328 2078; baseline 0 -20"><span class='ocrx_word' id='word_1_116' title='bbox 252 2001 463 2077; x_wconf 84' lang='lat' dir='ltr'>appetitionem</span> <span class='ocrx_word' id='word_1_117' title='bbox 486 2003 557 2072; x_wconf 86' lang='lat' dir='ltr'>(non</span> <span class='ocrx_word' id='word_1_118' title='bbox 580 2019 701 2077; x_wconf 87' lang='lat' dir='ltr'>prorsus</span> <span class='ocrx_word' id='word_1_119' title='bbox 722 2001 861 2078; x_wconf 83' lang='lat' dir='ltr'>exiguam</span> <span class='ocrx_word' id='word_1_120' title='bbox 890 2013 918 2058; x_wconf 85' lang='lat' dir='ltr'>et</span> <span class='ocrx_word' id='word_1_121' title='bbox 941 2002 1108 2075; x_wconf 81' lang='lat' dir='ltr'>obscuram)</span> <span class='ocrx_word' id='word_1_122' title='bbox 1130 2011 1328 2072; x_wconf 83' lang='lat' dir='ltr'>commovent,</span> 
     </span>
     <span class='ocr_line' id='line_1_15' title="bbox 251 2086 1328 2162; baseline 0.001 -19"><span class='ocrx_word' id='word_1_123' title='bbox 251 2086 282 2143; x_wconf 92' lang='lat' dir='ltr'>in</span> <span class='ocrx_word' id='word_1_124' title='bbox 305 2086 411 2144; x_wconf 90' lang='lat' dir='ltr'>ceteris</span> <span class='ocrx_word' id='word_1_125' title='bbox 433 2087 631 2144; x_wconf 87' lang='lat' dir='ltr'>animantibus</span> <span class='ocrx_word' id='word_1_126' title='bbox 654 2096 767 2145; x_wconf 89' lang='lat' dir='ltr'>tantum</span> <span class='ocrx_word' id='word_1_127' title='bbox 791 2088 971 2162; x_wconf 87' lang='lat' dir='ltr'>voluptatem</span> <span class='ocrx_word' id='word_1_128' title='bbox 996 2087 1119 2156; x_wconf 84' lang='lat' dir='ltr'>habent3</span> <span class='ocrx_word' id='word_1_129' title='bbox 1150 2086 1237 2144; x_wconf 90' lang='lat' dir='ltr'>homo</span> <span class='ocrx_word' id='word_1_130' title='bbox 1261 2104 1328 2145; x_wconf 91' lang='lat' dir='ltr'>cum</span> 
     </span>
     <span class='ocr_line' id='line_1_16' title="bbox 252 2167 1330 2248; baseline -0.001 -19"><span class='ocrx_word' id='word_1_131' title='bbox 252 2190 288 2229; x_wconf 85' lang='lat' dir='ltr'>ee</span> <span class='ocrx_word' id='word_1_132' title='bbox 309 2189 374 2229; x_wconf 89' lang='lat' dir='ltr'>cum</span> <span class='ocrx_word' id='word_1_133' title='bbox 398 2171 512 2229; x_wconf 87' lang='lat' dir='ltr'>ratione</span> <span class='ocrx_word' id='word_1_134' title='bbox 535 2172 648 2248; x_wconf 85' lang='lat' dir='ltr'>seligit,</span> <span class='ocrx_word' id='word_1_135' title='bbox 676 2173 771 2230; x_wconf 86' lang='lat' dir='ltr'>virtus</span> <span class='ocrx_word' id='word_1_136' title='bbox 798 2174 893 2230; x_wconf 87' lang='lat' dir='ltr'>oritur</span> <span class='ocrx_word' id='word_1_137' title='bbox 920 2183 949 2230; x_wconf 89' lang='lat' dir='ltr'>et</span> <span class='ocrx_word' id='word_1_138' title='bbox 978 2167 1099 2229; x_wconf 86' lang='lat' dir='ltr'>honeste</span> <span class='ocrx_word' id='word_1_139' title='bbox 1122 2171 1215 2241; x_wconf 71' lang='lat' dir='ltr'>facta,</span> <span class='ocrx_word' id='word_1_140' title='bbox 1244 2173 1330 2248; x_wconf 83' lang='lat' dir='ltr'>ipsae</span> 
     </span>
     <span class='ocr_line' id='line_1_17' title="bbox 251 2257 1330 2334; baseline 0.001 -20"><span class='ocrx_word' id='word_1_141' title='bbox 251 2257 320 2315; x_wconf 86' lang='lat' dir='ltr'>illae</span> <span class='ocrx_word' id='word_1_142' title='bbox 342 2275 390 2314; x_wconf 88' lang='lat' dir='ltr'>res</span> <span class='ocrx_word' id='word_1_143' title='bbox 412 2276 471 2315; x_wconf 92' lang='lat' dir='ltr'>nou</span> <span class='ocrx_word' id='word_1_144' title='bbox 489 2258 563 2314; x_wconf 86' lang='lat' dir='ltr'>flunt</span> <span class='ocrx_word' id='word_1_145' title='bbox 585 2259 735 2328; x_wconf 89' lang='lat' dir='ltr'>honestae,</span> <span class='ocrx_word' id='word_1_146' title='bbox 759 2258 811 2315; x_wconf 91' lang='lat' dir='ltr'>sed</span> <span class='ocrx_word' id='word_1_147' title='bbox 833 2259 863 2316; x_wconf 92' lang='lat' dir='ltr'>in</span> <span class='ocrx_word' id='word_1_148' title='bbox 881 2257 1058 2315; x_wconf 86' lang='lat' dir='ltr'>naturalium</span> <span class='ocrx_word' id='word_1_149' title='bbox 1075 2276 1183 2334; x_wconf 79' lang='lat' dir='ltr'>genere</span> <span class='ocrx_word' id='word_1_150' title='bbox 1200 2266 1330 2315; x_wconf 84' lang='lat' dir='ltr'>manent.</span> 
     </span>
     <span class='ocr_line' id='line_1_18' title="bbox 252 2342 1330 2419; baseline -0.001 -19"><span class='ocrx_word' id='word_1_151' title='bbox 252 2343 370 2417; x_wconf 83' lang='lat' dir='ltr'>(Itaque</span> <span class='ocrx_word' id='word_1_152' title='bbox 392 2342 439 2400; x_wconf 91' lang='lat' dir='ltr'>hic</span> <span class='ocrx_word' id='word_1_153' title='bbox 462 2343 545 2401; x_wconf 92' lang='lat' dir='ltr'>locus</span> <span class='ocrx_word' id='word_1_154' title='bbox 567 2351 631 2400; x_wconf 90' lang='lat' dir='ltr'>erat</span> <span class='ocrx_word' id='word_1_155' title='bbox 653 2342 726 2401; x_wconf 90' lang='lat' dir='ltr'>illis:</span> <span class='ocrx_word' id='word_1_156' title='bbox 749 2362 819 2418; x_wconf 80' lang='lat' dir='ltr'>quae</span> <span class='ocrx_word' id='word_1_157' title='bbox 841 2362 888 2402; x_wconf 79' lang='lat' dir='ltr'>neo</span> <span class='ocrx_word' id='word_1_158' title='bbox 910 2345 1020 2401; x_wconf 67' lang='lat' dir='ltr'>donato</span> <span class='ocrx_word' id='word_1_159' title='bbox 1042 2353 1108 2411; x_wconf 80' lang='lat' dir='ltr'>cet,</span> <span class='ocrx_word' id='word_1_160' title='bbox 1132 2351 1161 2399; x_wconf 91' lang='lat' dir='ltr'>et</span> <span class='ocrx_word' id='word_1_161' title='bbox 1183 2343 1253 2400; x_wconf 89' lang='lat' dir='ltr'>addi</span> <span class='ocrx_word' id='word_1_162' title='bbox 1277 2361 1330 2419; x_wconf 89' lang='lat' dir='ltr'>po·</span> 
     </span>
     <span class='ocr_line' id='line_1_19' title="bbox 253 2418 1332 2504; baseline 0.002 -20"><span class='ocrx_word' id='word_1_163' title='bbox 253 2438 342 2496; x_wconf 86' lang='lat' dir='ltr'>terat,</span> <span class='ocrx_word' id='word_1_164' title='bbox 366 2427 447 2496; x_wconf 86' lang='lat' dir='ltr'>haec,</span> <span class='ocrx_word' id='word_1_165' title='bbox 471 2447 529 2484; x_wconf 91' lang='lat' dir='ltr'>non</span> <span class='ocrx_word' id='word_1_166' title='bbox 552 2428 705 2504; x_wconf 89' lang='lat' dir='ltr'>superiora</span> <span class='ocrx_word' id='word_1_167' title='bbox 727 2428 793 2500; x_wconf 86' lang='lat' dir='ltr'>illa,</span> <span class='ocrx_word' id='word_1_168' title='bbox 816 2431 882 2486; x_wconf 85' lang='grc' dir='ltr'><strong>κατ’</strong></span> <span class='ocrx_word' id='word_1_169' title='bbox 906 2418 1007 2504; x_wconf 73' lang='grc' dir='ltr'>ἐξοχήν</span> <span class='ocrx_word' id='word_1_170' title='bbox 1029 2428 1177 2486; x_wconf 89' lang='lat' dir='ltr'>naturalia</span> <span class='ocrx_word' id='word_1_171' title='bbox 1199 2427 1275 2499; x_wconf 89' lang='lat' dir='ltr'>dici,</span> <span class='ocrx_word' id='word_1_172' title='bbox 1299 2438 1332 2486; x_wconf 91' lang='lat' dir='ltr'>ut</span> 
     </span>
     <span class='ocr_line' id='line_1_20' title="bbox 252 2513 1331 2590; baseline 0.002 -20"><span class='ocrx_word' id='word_1_173' title='bbox 252 2531 317 2570; x_wconf 89' lang='lat' dir='ltr'>cnm</span> <span class='ocrx_word' id='word_1_174' title='bbox 341 2513 450 2570; x_wconf 86' lang='lat' dir='ltr'>virtuto</span> <span class='ocrx_word' id='word_1_175' title='bbox 472 2525 692 2589; x_wconf 85' lang='lat' dir='ltr'>comparentur;</span> <span class='ocrx_word' id='word_1_176' title='bbox 716 2532 783 2570; x_wconf 91' lang='lat' dir='ltr'>nam</span> <span class='ocrx_word' id='word_1_177' title='bbox 806 2513 906 2590; x_wconf 82' lang='lat' dir='ltr'>priora</span> <span class='ocrx_word' id='word_1_178' title='bbox 928 2513 988 2575; x_wconf 80' lang='lat' dir='ltr'>illa</span> <span class='ocrx_word' id='word_1_179' title='bbox 1012 2513 1066 2571; x_wconf 87' lang='lat' dir='ltr'>etsi</span> <span class='ocrx_word' id='word_1_180' title='bbox 1089 2513 1237 2571; x_wconf 86' lang='lat' dir='ltr'>naturalia</span> <span class='ocrx_word' id='word_1_181' title='bbox 1259 2513 1331 2584; x_wconf 84' lang='lat' dir='ltr'>siut,</span> 
     </span>
     <span class='ocr_line' id='line_1_21' title="bbox 252 2597 1331 2676; baseline 0.002 -21"><span class='ocrx_word' id='word_1_182' title='bbox 252 2617 310 2655; x_wconf 91' lang='lat' dir='ltr'>non</span> <span class='ocrx_word' id='word_1_183' title='bbox 334 2600 481 2656; x_wconf 86' lang='lat' dir='ltr'>numerari</span> <span class='ocrx_word' id='word_1_184' title='bbox 504 2608 625 2675; x_wconf 88' lang='lat' dir='ltr'>propter</span> <span class='ocrx_word' id='word_1_185' title='bbox 647 2600 860 2676; x_wconf 85' lang='lat' dir='ltr'>exiguitatem.)</span> <span class='ocrx_word' id='word_1_186' title='bbox 905 2597 999 2657; x_wconf 81' lang='lat' dir='ltr'>Gaius</span> <span class='ocrx_word' id='word_1_187' title='bbox 1020 2599 1093 2656; x_wconf 87' lang='lat' dir='ltr'>hoec</span> <span class='ocrx_word' id='word_1_188' title='bbox 1115 2599 1228 2669; x_wconf 89' lang='lat' dir='ltr'>omnia,</span> <span class='ocrx_word' id='word_1_189' title='bbox 1253 2617 1331 2674; x_wconf 84' lang='lat' dir='ltr'>quae</span> 
     </span>
     <span class='ocr_line' id='line_1_22' title="bbox 252 2682 1332 2760; baseline 0 -17"><span class='ocrx_word' id='word_1_190' title='bbox 252 2682 357 2743; x_wconf 88' lang='lat' dir='ltr'>Cicero</span> <span class='ocrx_word' id='word_1_191' title='bbox 380 2683 451 2741; x_wconf 89' lang='lat' dir='ltr'>dicit</span> <span class='ocrx_word' id='word_1_192' title='bbox 473 2683 509 2742; x_wconf 91' lang='lat' dir='ltr'>de</span> <span class='ocrx_word' id='word_1_193' title='bbox 532 2685 685 2742; x_wconf 87' lang='lat' dir='ltr'>sententiis</span> <span class='ocrx_word' id='word_1_194' title='bbox 709 2685 907 2760; x_wconf 82' lang='lat' dir='ltr'>superiorum,</span> <span class='ocrx_word' id='word_1_195' title='bbox 934 2703 969 2751; x_wconf 87' lang='lat' dir='ltr'>,e</span> <span class='ocrx_word' id='word_1_196' title='bbox 993 2684 1159 2744; x_wconf 88' lang='lat' dir='ltr'>Stoicorum</span> <span class='ocrx_word' id='word_1_197' title='bbox 1182 2685 1332 2743; x_wconf 79' lang='lat' dir='ltr'>sententia</span> 
     </span>
     <span class='ocr_line' id='line_1_23' title="bbox 251 2767 493 2845; baseline 0 -19"><span class='ocrx_word' id='word_1_198' title='bbox 251 2767 375 2828; x_wconf 84' lang='lat' dir='ltr'>referri“</span> <span class='ocrx_word' id='word_1_199' title='bbox 400 2777 493 2845; x_wconf 87' lang='lat' dir='ltr'>putat.</span> 
     </span>
    </p>

    <p class='ocr_par' dir='ltr' id='par_1_5' title="bbox 251 2850 1332 3187">
     <span class='ocr_line' id='line_1_24' title="bbox 336 2850 1331 2935; baseline 0.002 -23"><span class='ocrx_word' id='word_1_200' title='bbox 336 2857 486 2930; x_wconf 80' lang='lat' dir='ltr'>omniaque,</span> <span class='ocrx_word' id='word_1_201' title='bbox 509 2874 579 2929; x_wconf 83' lang='lat' dir='ltr'>qaas</span> <span class='ocrx_word' id='word_1_202' title='bbox 602 2886 642 2898; x_wconf 89' lang='lat'>-</span> <span class='ocrx_word' id='word_1_203' title='bbox 664 2855 731 2930; x_wconf 80' lang='lat' dir='ltr'>sint)</span> <span class='ocrx_word' id='word_1_204' title='bbox 755 2855 804 2915; x_wconf 88' lang='lat' dir='ltr'>Sic</span> <span class='ocrx_word' id='word_1_205' title='bbox 827 2855 915 2912; x_wconf 89' lang='lat' dir='ltr'>etiam</span> <span class='ocrx_word' id='word_1_206' title='bbox 939 2850 1004 2935; x_wconf 90' lang='lat' dir='ltr'>[B,]</span> <span class='ocrx_word' id='word_1_207' title='bbox 1028 2856 1111 2913; x_wconf 84' lang='lat' dir='ltr'>Parr.</span> <span class='ocrx_word' id='word_1_208' title='bbox 1125 2856 1153 2926; x_wconf 80' lang='lat'>2,</span> <span class='ocrx_word' id='word_1_209' title='bbox 1167 2855 1195 2919; x_wconf 84' lang='grc'>3,</span> <span class='ocrx_word' id='word_1_210' title='bbox 1219 2855 1331 2926; x_wconf 55' lang='lat' dir='ltr'>Med,</span> 
     </span>
     <span class='ocr_line' id='line_1_25' title="bbox 252 2934 1332 3015; baseline 0.003 -18"><span class='ocrx_word' id='word_1_211' title='bbox 252 2934 321 3014; x_wconf 82' lang='grc' dir='ltr'>Εξψ</span> <span class='ocrx_word' id='word_1_212' title='bbox 343 2940 532 3015; x_wconf 85' lang='lat' dir='ltr'>restituitque</span> <span class='ocrx_word' id='word_1_213' title='bbox 555 2941 712 3010; x_wconf 85' lang='lat' dir='ltr'>Davisius;</span> <span class='ocrx_word' id='word_1_214' title='bbox 734 2941 830 3008; x_wconf 78' lang='lat' dir='ltr'>Mau,</span> <span class='ocrx_word' id='word_1_215' title='bbox 854 2940 972 3009; x_wconf 82' lang='lat' dir='ltr'>Lamb,</span> <span class='ocrx_word' id='word_1_216' title='bbox 995 2939 1098 3009; x_wconf 78' lang='lat' dir='ltr'>Grut,</span> <span class='ocrx_word' id='word_1_217' title='bbox 1123 2939 1217 2999; x_wconf 82' lang='lat' dir='ltr'>Gzius</span> <span class='ocrx_word' id='word_1_218' title='bbox 1240 2941 1332 3000; x_wconf 84' lang='lat' dir='ltr'>tacito</span> 
     </span>
     <span class='ocr_line' id='line_1_26' title="bbox 251 3022 1332 3106; baseline 0.002 -23"><span class='ocrx_word' id='word_1_219' title='bbox 251 3034 321 3083; x_wconf 83' lang='lat' dir='ltr'>sunt.</span> <span class='ocrx_word' id='word_1_220' title='bbox 357 3026 434 3083; x_wconf 91' lang='lat' dir='ltr'>Tum</span> <span class='ocrx_word' id='word_1_221' title='bbox 457 3026 487 3083; x_wconf 92' lang='lat' dir='ltr'>in</span> <span class='ocrx_word' id='word_1_222' title='bbox 511 3025 612 3083; x_wconf 87' lang='lat' dir='ltr'>codice</span> <span class='ocrx_word' id='word_1_223' title='bbox 634 3027 794 3103; x_wconf 86' lang='lat' dir='ltr'>archetypo</span> <span class='ocrx_word' id='word_1_224' title='bbox 817 3025 874 3083; x_wconf 87' lang='lat' dir='ltr'>fuit</span> <span class='ocrx_word' id='word_1_225' title='bbox 896 3029 922 3082; x_wconf 80' lang='lat' dir='ltr'>iu</span> <span class='ocrx_word' id='word_1_226' title='bbox 945 3044 1053 3101; x_wconf 76' lang='lat' dir='ltr'>quaque</span> <span class='ocrx_word' id='word_1_227' title='bbox 1072 3022 1151 3106; x_wconf 81' lang='lat' dir='ltr'>([B,]</span> <span class='ocrx_word' id='word_1_228' title='bbox 1174 3024 1243 3085; x_wconf 78' lang='lat' dir='ltr'>Gaii</span> <span class='ocrx_word' id='word_1_229' title='bbox 1267 3045 1332 3085; x_wconf 83' lang='lat' dir='ltr'>orn·</span> 
     </span>
     <span class='ocr_line' id='line_1_27' title="bbox 251 3111 967 3187; baseline 0.003 -20"><span class='ocrx_word' id='word_1_230' title='bbox 251 3111 347 3180; x_wconf 89' lang='lat' dir='ltr'>nibus,</span> <span class='ocrx_word' id='word_1_231' title='bbox 369 3131 395 3187; x_wconf 79' lang='grc' dir='ltr'>χ,</span> <span class='ocrx_word' id='word_1_232' title='bbox 419 3111 484 3169; x_wconf 83' lang='lat' dir='ltr'>add.</span> <span class='ocrx_word' id='word_1_233' title='bbox 507 3111 601 3186; x_wconf 74' lang='lat' dir='ltr'>vett).</span> <span class='ocrx_word' id='word_1_234' title='bbox 646 3111 785 3171; x_wconf 85' lang='lat' dir='ltr'>Correxit</span> <span class='ocrx_word' id='word_1_235' title='bbox 806 3112 967 3170; x_wconf 87' lang='lat' dir='ltr'>Manutius.</span> 
     </span>
    </p>

    <p class='ocr_par' dir='ltr' id='par_1_6' title="bbox 245 3195 1357 4127">
     <span class='ocr_line' id='line_1_28' title="bbox 332 3195 1332 3276; baseline 0.004 -24"><span class='ocrx_word' id='word_1_236' title='bbox 332 3199 444 3272; x_wconf 74' lang='lat' dir='ltr'>partein,</span> <span class='ocrx_word' id='word_1_237' title='bbox 467 3195 551 3276; x_wconf 83' lang='lat' dir='ltr'>quoe)</span> <span class='ocrx_word' id='word_1_238' title='bbox 574 3199 720 3272; x_wconf 86' lang='lat' dir='ltr'>Apertum</span> <span class='ocrx_word' id='word_1_239' title='bbox 744 3207 797 3267; x_wconf 88' lang='lat' dir='ltr'>est,</span> <span class='ocrx_word' id='word_1_240' title='bbox 820 3207 889 3272; x_wconf 89' lang='lat' dir='ltr'>post</span> <span class='ocrx_word' id='word_1_241' title='bbox 910 3196 998 3253; x_wconf 87' lang='lat' dir='ltr'>illud:</span> <span class='ocrx_word' id='word_1_242' title='bbox 1016 3200 1120 3271; x_wconf 82' lang='lat' dir='ltr'>partim</span> <span class='ocrx_word' id='word_1_243' title='bbox 1142 3199 1209 3254; x_wconf 80' lang='lat' dir='ltr'>nibil</span> <span class='ocrx_word' id='word_1_244' title='bbox 1230 3198 1332 3256; x_wconf 80' lang='lat' dir='ltr'>babere</span> 
     </span>
     <span class='ocr_line' id='line_1_29' title="bbox 251 3281 1335 3358; baseline 0.005 -20"><span class='ocrx_word' id='word_1_245' title='bbox 251 3291 303 3339; x_wconf 86' lang='lat' dir='ltr'>aut</span> <span class='ocrx_word' id='word_1_246' title='bbox 325 3281 380 3339; x_wconf 88' lang='lat' dir='ltr'>hoc</span> <span class='ocrx_word' id='word_1_247' title='bbox 398 3282 481 3356; x_wconf 89' lang='lat' dir='ltr'>sequi</span> <span class='ocrx_word' id='word_1_248' title='bbox 498 3282 649 3340; x_wconf 86' lang='lat' dir='ltr'>debuisse:</span> <span class='ocrx_word' id='word_1_249' title='bbox 668 3285 772 3358; x_wconf 79' lang='lat' dir='ltr'>partim</span> <span class='ocrx_word' id='word_1_250' title='bbox 791 3283 896 3353; x_wconf 79' lang='lat' dir='ltr'>labere,</span> <span class='ocrx_word' id='word_1_251' title='bbox 920 3292 950 3339; x_wconf 87' lang='lat' dir='ltr'>et</span> <span class='ocrx_word' id='word_1_252' title='bbox 967 3292 1028 3339; x_wconf 91' lang='lat' dir='ltr'>tum</span> <span class='ocrx_word' id='word_1_253' title='bbox 1046 3282 1165 3358; x_wconf 83' lang='lat' dir='ltr'>adiungi</span> <span class='ocrx_word' id='word_1_254' title='bbox 1183 3283 1335 3343; x_wconf 85' lang='lat' dir='ltr'>uberioris</span> 
     </span>
     <span class='ocr_line' id='line_1_30' title="bbox 251 3367 1357 3442; baseline 0.004 -19"><span class='ocrx_word' id='word_1_255' title='bbox 251 3367 459 3424; x_wconf 79' lang='lat' dir='ltr'>declarationis</span> <span class='ocrx_word' id='word_1_256' title='bbox 481 3385 586 3426; x_wconf 89' lang='lat' dir='ltr'>causa:</span> <span class='ocrx_word' id='word_1_257' title='bbox 614 3387 685 3442; x_wconf 79' lang='lat' dir='ltr'>quoe</span> <span class='ocrx_word' id='word_1_258' title='bbox 707 3369 834 3437; x_wconf 80' lang='lat' dir='ltr'>babeant,</span> <span class='ocrx_word' id='word_1_259' title='bbox 863 3368 890 3426; x_wconf 93' lang='lat' dir='ltr'>h.</span> <span class='ocrx_word' id='word_1_260' title='bbox 916 3386 940 3424; x_wconf 90' lang='lat' dir='ltr'>e.</span> <span class='ocrx_word' id='word_1_261' title='bbox 964 3373 1002 3425; x_wconf 82' lang='lat' dir='ltr'>ito</span> <span class='ocrx_word' id='word_1_262' title='bbox 1025 3379 1055 3424; x_wconf 86' lang='lat' dir='ltr'>ut</span> <span class='ocrx_word' id='word_1_263' title='bbox 1077 3369 1191 3425; x_wconf 79' lang='lat' dir='ltr'>doleant</span> <span class='ocrx_word' id='word_1_264' title='bbox 1212 3370 1357 3442; x_wconf 61' lang='lat' dir='ltr'>(quom-⁴</span> 
     </span>
     <span class='ocr_line' id='line_1_31' title="bbox 252 3451 1333 3529; baseline 0.003 -21"><span class='ocrx_word' id='word_1_265' title='bbox 252 3470 339 3525; x_wconf 88' lang='lat' dir='ltr'>qnam</span> <span class='ocrx_word' id='word_1_266' title='bbox 368 3451 473 3511; x_wconf 88' lang='lat' dir='ltr'>Cicero</span> <span class='ocrx_word' id='word_1_267' title='bbox 501 3472 559 3511; x_wconf 90' lang='lat' dir='ltr'>non</span> <span class='ocrx_word' id='word_1_268' title='bbox 589 3464 653 3510; x_wconf 87' lang='lat' dir='ltr'>erat</span> <span class='ocrx_word' id='word_1_269' title='bbox 681 3454 723 3510; x_wconf 88' lang='lat' dir='ltr'>ita</span> <span class='ocrx_word' id='word_1_270' title='bbox 751 3452 927 3529; x_wconf 86' lang='lat' dir='ltr'>scripturus:</span> <span class='ocrx_word' id='word_1_271' title='bbox 955 3454 1066 3521; x_wconf 67' lang='lat' dir='ltr'>babere,</span> <span class='ocrx_word' id='word_1_272' title='bbox 1094 3472 1166 3527; x_wconf 80' lang='lat' dir='ltr'>quoe</span> <span class='ocrx_word' id='word_1_273' title='bbox 1192 3454 1333 3528; x_wconf 79' lang='lat' dir='ltr'>debonat),</span> 
     </span>
     <span class='ocr_line' id='line_1_32' title="bbox 251 3537 1334 3615; baseline 0.003 -21"><span class='ocrx_word' id='word_1_274' title='bbox 251 3546 315 3608; x_wconf 86' lang='lat' dir='ltr'>aut,</span> <span class='ocrx_word' id='word_1_275' title='bbox 350 3538 375 3595; x_wconf 91' lang='lat' dir='ltr'>si</span> <span class='ocrx_word' id='word_1_276' title='bbox 408 3537 508 3596; x_wconf 85' lang='lat' dir='ltr'>statim</span> <span class='ocrx_word' id='word_1_277' title='bbox 537 3558 590 3615; x_wconf 89' lang='lat' dir='ltr'>pro</span> <span class='ocrx_word' id='word_1_278' title='bbox 617 3539 799 3615; x_wconf 84' lang='lat' dir='ltr'>oppetitione</span> <span class='ocrx_word' id='word_1_279' title='bbox 827 3538 968 3615; x_wconf 86' lang='lat' dir='ltr'>specialia</span> <span class='ocrx_word' id='word_1_280' title='bbox 997 3539 1049 3596; x_wconf 86' lang='lat' dir='ltr'>illa</span> <span class='ocrx_word' id='word_1_281' title='bbox 1071 3538 1334 3611; x_wconf 87' lang='lat' dir='ltr'>substituerentur,</span> 
     </span>
     <span class='ocr_line' id='line_1_33' title="bbox 251 3622 1334 3700; baseline 0.005 -21"><span class='ocrx_word' id='word_1_282' title='bbox 251 3622 324 3680; x_wconf 84' lang='lat' dir='ltr'>hoe:</span> <span class='ocrx_word' id='word_1_283' title='bbox 343 3627 446 3699; x_wconf 82' lang='lat' dir='ltr'>partim</span> <span class='ocrx_word' id='word_1_284' title='bbox 467 3626 627 3700; x_wconf 82' lang='lat' dir='ltr'>voluptatem</span> <span class='ocrx_word' id='word_1_285' title='bbox 650 3625 746 3681; x_wconf 80' lang='lat' dir='ltr'>dobere</span> <span class='ocrx_word' id='word_1_286' title='bbox 768 3634 823 3682; x_wconf 89' lang='lat' dir='ltr'>cet.</span> <span class='ocrx_word' id='word_1_287' title='bbox 870 3624 1069 3700; x_wconf 83' lang='lat' dir='ltr'>Neglegenter</span> <span class='ocrx_word' id='word_1_288' title='bbox 1091 3624 1195 3683; x_wconf 85' lang='lat' dir='ltr'>Cicero</span> <span class='ocrx_word' id='word_1_289' title='bbox 1218 3624 1334 3683; x_wconf 83' lang='lat' dir='ltr'>oratio·</span> 
     </span>
     <span class='ocr_line' id='line_1_34' title="bbox 250 3709 1330 3785; baseline 0.006 -20"><span class='ocrx_word' id='word_1_290' title='bbox 250 3726 317 3766; x_wconf 90' lang='lat' dir='ltr'>nem</span> <span class='ocrx_word' id='word_1_291' title='bbox 341 3719 444 3779; x_wconf 89' lang='lat' dir='ltr'>mutat,</span> <span class='ocrx_word' id='word_1_292' title='bbox 467 3709 551 3783; x_wconf 90' lang='lat' dir='ltr'>quasi</span> <span class='ocrx_word' id='word_1_293' title='bbox 574 3719 643 3767; x_wconf 87' lang='lat' dir='ltr'>ante</span> <span class='ocrx_word' id='word_1_294' title='bbox 666 3710 787 3767; x_wconf 86' lang='lat' dir='ltr'>dixerit:</span> <span class='ocrx_word' id='word_1_295' title='bbox 808 3714 910 3785; x_wconf 83' lang='lat' dir='ltr'>partim</span> <span class='ocrx_word' id='word_1_296' title='bbox 932 3730 997 3779; x_wconf 79' lang='lat' dir='ltr'>esse,</span> <span class='ocrx_word' id='word_1_297' title='bbox 1020 3711 1180 3785; x_wconf 73' lang='lat' dir='ltr'>quaesibi!</span> <span class='ocrx_word' id='word_1_298' title='bbox 1201 3710 1330 3771; x_wconf 65' lang='lat' dir='ltr'>balmen.</span> 
     </span>
     <span class='ocr_line' id='line_1_35' title="bbox 250 3793 1334 3871; baseline 0.005 -21"><span class='ocrx_word' id='word_1_299' title='bbox 250 3793 297 3851; x_wconf 90' lang='lat' dir='ltr'>Ne</span> <span class='ocrx_word' id='word_1_300' title='bbox 326 3794 400 3851; x_wconf 92' lang='lat' dir='ltr'>illud</span> <span class='ocrx_word' id='word_1_301' title='bbox 428 3794 546 3869; x_wconf 89' lang='lat' dir='ltr'>quidem</span> <span class='ocrx_word' id='word_1_302' title='bbox 575 3795 605 3851; x_wconf 90' lang='lat' dir='ltr'>in</span> <span class='ocrx_word' id='word_1_303' title='bbox 628 3799 642 3865; x_wconf 82' lang='lat'>§</span> <span class='ocrx_word' id='word_1_304' title='bbox 662 3796 700 3852; x_wconf 76' lang='lat'>56</span> <span class='ocrx_word' id='word_1_305' title='bbox 730 3807 866 3852; x_wconf 88' lang='lat' dir='ltr'>accurate</span> <span class='ocrx_word' id='word_1_306' title='bbox 895 3796 1035 3871; x_wconf 87' lang='lat' dir='ltr'>scriptum</span> <span class='ocrx_word' id='word_1_307' title='bbox 1063 3805 1141 3852; x_wconf 88' lang='lat' dir='ltr'>erat:</span> <span class='ocrx_word' id='word_1_308' title='bbox 1175 3798 1334 3871; x_wconf 80' lang='lat' dir='ltr'>insipientes</span> 
     </span>
     <span class='ocr_line' id='line_1_36' title="bbox 250 3881 1333 3955; baseline 0.004 -19"><span class='ocrx_word' id='word_1_309' title='bbox 250 3881 318 3937; x_wconf 86' lang='lat' dir='ltr'>alios</span> <span class='ocrx_word' id='word_1_310' title='bbox 339 3883 377 3937; x_wconf 84' lang='lat' dir='ltr'>ito</span> <span class='ocrx_word' id='word_1_311' title='bbox 400 3899 470 3946; x_wconf 82' lang='lat' dir='ltr'>esse,</span> <span class='ocrx_word' id='word_1_312' title='bbox 497 3891 526 3937; x_wconf 82' lang='lat' dir='ltr'>ut</span> <span class='ocrx_word' id='word_1_313' title='bbox 548 3889 604 3938; x_wconf 89' lang='lat' dir='ltr'>cet.</span> <span class='ocrx_word' id='word_1_314' title='bbox 627 3913 682 3949; x_wconf 86' lang='lat'>—,</span> <span class='ocrx_word' id='word_1_315' title='bbox 711 3884 793 3950; x_wconf 84' lang='lat' dir='ltr'>alios,</span> <span class='ocrx_word' id='word_1_316' title='bbox 823 3884 872 3955; x_wconf 84' lang='lat' dir='ltr'>qai</span> <span class='ocrx_word' id='word_1_317' title='bbox 893 3891 963 3949; x_wconf 80' lang='lat' dir='ltr'>cet,</span> <span class='ocrx_word' id='word_1_318' title='bbox 991 3881 1041 3938; x_wconf 88' lang='lat' dir='ltr'>sed</span> <span class='ocrx_word' id='word_1_319' title='bbox 1072 3881 1188 3938; x_wconf 91' lang='lat' dir='ltr'>mollius</span> <span class='ocrx_word' id='word_1_320' title='bbox 1218 3890 1333 3954; x_wconf 84' lang='lat' dir='ltr'>tamen,</span> 
     </span>
     <span class='ocr_line' id='line_1_37' title="bbox 250 3964 1334 4042; baseline 0.006 -20"><span class='ocrx_word' id='word_1_321' title='bbox 250 3964 329 4039; x_wconf 92' lang='lat' dir='ltr'>quod</span> <span class='ocrx_word' id='word_1_322' title='bbox 356 3965 518 4023; x_wconf 82' lang='lat' dir='ltr'>infinitivus</span> <span class='ocrx_word' id='word_1_323' title='bbox 546 3966 626 4039; x_wconf 82' lang='lat' dir='ltr'>(esse)</span> <span class='ocrx_word' id='word_1_324' title='bbox 655 3977 734 4023; x_wconf 85' lang='lat' dir='ltr'>recte</span> <span class='ocrx_word' id='word_1_325' title='bbox 761 3966 880 4024; x_wconf 87' lang='lat' dir='ltr'>auditur</span> <span class='ocrx_word' id='word_1_326' title='bbox 908 3967 1001 4023; x_wconf 88' lang='lat' dir='ltr'>altero</span> <span class='ocrx_word' id='word_1_327' title='bbox 1028 3967 1103 4024; x_wconf 93' lang='lat' dir='ltr'>loco.</span> <span class='ocrx_word' id='word_1_328' title='bbox 1153 3967 1334 4042; x_wconf 83' lang='lat' dir='ltr'>(Lambinus</span> 
     </span>
     <span class='ocr_line' id='line_1_38' title="bbox 245 4049 1198 4127; baseline 0.002 -20"><span class='ocrx_word' id='word_1_329' title='bbox 245 4053 349 4126; x_wconf 77' lang='lat' dir='ltr'>purtim</span> <span class='ocrx_word' id='word_1_330' title='bbox 372 4052 479 4121; x_wconf 81' lang='lat' dir='ltr'>dolere,</span> <span class='ocrx_word' id='word_1_331' title='bbox 501 4071 572 4126; x_wconf 82' lang='lat' dir='ltr'>quae</span> <span class='ocrx_word' id='word_1_332' title='bbox 594 4061 658 4121; x_wconf 78' lang='lat' dir='ltr'>cet,</span> <span class='ocrx_word' id='word_1_333' title='bbox 682 4052 824 4109; x_wconf 88' lang='lat' dir='ltr'>Davisius</span> <span class='ocrx_word' id='word_1_334' title='bbox 843 4056 945 4127; x_wconf 83' lang='lat' dir='ltr'>partim</span> <span class='ocrx_word' id='word_1_335' title='bbox 968 4049 1012 4122; x_wconf 77' lang='lat'>”,</span> <span class='ocrx_word' id='word_1_336' title='bbox 1035 4071 1106 4127; x_wconf 82' lang='lat' dir='ltr'>quoe</span> <span class='ocrx_word' id='word_1_337' title='bbox 1128 4054 1198 4126; x_wconf 89' lang='lat' dir='ltr'>cet.)</span> 
     </span>
    </p>

    <p class='ocr_par' dir='ltr' id='par_1_7' title="bbox 249 4136 1333 4556">
     <span class='ocr_line' id='line_1_39' title="bbox 335 4136 1333 4214; baseline 0.003 -20"><span class='ocrx_word' id='word_1_338' title='bbox 335 4156 369 4194; x_wconf 83' lang='lat' dir='ltr'>ec</span> <span class='ocrx_word' id='word_1_339' title='bbox 397 4156 429 4194; x_wconf 84' lang='lat' dir='ltr'>ea</span> <span class='ocrx_word' id='word_1_340' title='bbox 457 4156 528 4212; x_wconf 79' lang='lat' dir='ltr'>quoe</span> <span class='ocrx_word' id='word_1_341' title='bbox 554 4141 608 4195; x_wconf 81' lang='lat' dir='ltr'>sint</span> <span class='ocrx_word' id='word_1_342' title='bbox 634 4138 714 4214; x_wconf 84' lang='lat' dir='ltr'>opta)</span> <span class='ocrx_word' id='word_1_343' title='bbox 738 4136 845 4196; x_wconf 90' lang='lat' dir='ltr'>Gratia</span> <span class='ocrx_word' id='word_1_344' title='bbox 867 4138 1003 4195; x_wconf 86' lang='lat' dir='ltr'>habenda</span> <span class='ocrx_word' id='word_1_345' title='bbox 1024 4137 1116 4194; x_wconf 88' lang='lat' dir='ltr'>codici</span> <span class='ocrx_word' id='word_1_346' title='bbox 1141 4137 1333 4213; x_wconf 82' lang='lat' dir='ltr'>Erlangensi,</span> 
     </span>
     <span class='ocr_line' id='line_1_40' title="bbox 249 4221 1333 4299; baseline 0.004 -20"><span class='ocrx_word' id='word_1_347' title='bbox 249 4221 300 4296; x_wconf 89' lang='lat' dir='ltr'>qui</span> <span class='ocrx_word' id='word_1_348' title='bbox 323 4221 429 4293; x_wconf 86' lang='lat' dir='ltr'>effecit,</span> <span class='ocrx_word' id='word_1_349' title='bbox 455 4241 491 4279; x_wconf 94' lang='lat' dir='ltr'>ne</span> <span class='ocrx_word' id='word_1_350' title='bbox 514 4222 618 4281; x_wconf 88' lang='lat' dir='ltr'>Cicero</span> <span class='ocrx_word' id='word_1_351' title='bbox 642 4232 759 4299; x_wconf 87' lang='lat' dir='ltr'>praeter</span> <span class='ocrx_word' id='word_1_352' title='bbox 781 4242 863 4280; x_wconf 90' lang='lat' dir='ltr'>suam</span> <span class='ocrx_word' id='word_1_353' title='bbox 887 4223 974 4281; x_wconf 89' lang='lat' dir='ltr'>etiam</span> <span class='ocrx_word' id='word_1_354' title='bbox 998 4223 1185 4280; x_wconf 85' lang='lat' dir='ltr'>librariorum</span> <span class='ocrx_word' id='word_1_355' title='bbox 1208 4223 1333 4299; x_wconf 85' lang='lat' dir='ltr'>culpam</span> 
     </span>
     <span class='ocr_line' id='line_1_41' title="bbox 249 4304 1333 4389; baseline 0.005 -25"><span class='ocrx_word' id='word_1_356' title='bbox 249 4307 402 4367; x_wconf 88' lang='lat' dir='ltr'>sustineat.</span> <span class='ocrx_word' id='word_1_357' title='bbox 427 4304 567 4389; x_wconf 81' lang='lat' dir='ltr'>[Accedit</span> <span class='ocrx_word' id='word_1_358' title='bbox 579 4304 628 4388; x_wconf 91' lang='lat' dir='ltr'>B.]</span> <span class='ocrx_word' id='word_1_359' title='bbox 651 4310 742 4366; x_wconf 86' lang='lat' dir='ltr'>Recte</span> <span class='ocrx_word' id='word_1_360' title='bbox 759 4309 808 4380; x_wconf 90' lang='lat' dir='ltr'>(ad</span> <span class='ocrx_word' id='word_1_361' title='bbox 820 4307 972 4368; x_wconf 89' lang='lat' dir='ltr'>Ciceronis</span> <span class='ocrx_word' id='word_1_362' title='bbox 990 4311 1129 4382; x_wconf 87' lang='lat' dir='ltr'>mentem)</span> <span class='ocrx_word' id='word_1_363' title='bbox 1147 4327 1184 4366; x_wconf 89' lang='lat' dir='ltr'>ex</span> <span class='ocrx_word' id='word_1_364' title='bbox 1201 4309 1333 4369; x_wconf 85' lang='lat' dir='ltr'>rationis</span> 
     </span>
     <span class='ocr_line' id='line_1_42' title="bbox 249 4394 1332 4471; baseline 0.002 -20"><span class='ocrx_word' id='word_1_365' title='bbox 249 4411 304 4451; x_wconf 87' lang='lat' dir='ltr'>usu</span> <span class='ocrx_word' id='word_1_366' title='bbox 332 4394 362 4451; x_wconf 91' lang='lat' dir='ltr'>in</span> <span class='ocrx_word' id='word_1_367' title='bbox 390 4394 557 4471; x_wconf 84' lang='lat' dir='ltr'>appetendo</span> <span class='ocrx_word' id='word_1_368' title='bbox 585 4404 615 4452; x_wconf 88' lang='lat' dir='ltr'>et</span> <span class='ocrx_word' id='word_1_369' title='bbox 642 4394 793 4471; x_wconf 83' lang='lat' dir='ltr'>seligendo</span> <span class='ocrx_word' id='word_1_370' title='bbox 816 4395 910 4452; x_wconf 86' lang='lat' dir='ltr'>virtus</span> <span class='ocrx_word' id='word_1_371' title='bbox 938 4395 1010 4452; x_wconf 89' lang='lat' dir='ltr'>oriri</span> <span class='ocrx_word' id='word_1_372' title='bbox 1038 4394 1146 4453; x_wconf 87' lang='lat' dir='ltr'>dicitur</span> <span class='ocrx_word' id='word_1_373' title='bbox 1173 4394 1251 4466; x_wconf 81' lang='grc' dir='ltr'>(ΙΙΙ,</span> <span class='ocrx_word' id='word_1_374' title='bbox 1279 4396 1332 4469; x_wconf 79' lang='lat'>12,</span> 
     </span>
     <span class='ocr_line' id='line_1_43' title="bbox 250 4479 1332 4556; baseline 0.003 -20"><span class='ocrx_word' id='word_1_375' title='bbox 250 4479 290 4537; x_wconf 80' lang='lat'>20</span> <span class='ocrx_word' id='word_1_376' title='bbox 314 4481 391 4555; x_wconf 80' lang='lat' dir='ltr'>cet).</span> <span class='ocrx_word' id='word_1_377' title='bbox 440 4480 476 4537; x_wconf 91' lang='lat' dir='ltr'>Iu</span> <span class='ocrx_word' id='word_1_378' title='bbox 510 4497 545 4537; x_wconf 86' lang='lat' dir='ltr'>aa</span> <span class='ocrx_word' id='word_1_379' title='bbox 573 4480 733 4556; x_wconf 86' lang='lat' dir='ltr'>scriptura,</span> <span class='ocrx_word' id='word_1_380' title='bbox 767 4498 854 4555; x_wconf 87' lang='lat' dir='ltr'>quam</span> <span class='ocrx_word' id='word_1_381' title='bbox 883 4480 1024 4539; x_wconf 87' lang='lat' dir='ltr'>hactenus</span> <span class='ocrx_word' id='word_1_382' title='bbox 1051 4481 1132 4539; x_wconf 87' lang='lat' dir='ltr'>edita</span> <span class='ocrx_word' id='word_1_383' title='bbox 1158 4488 1217 4548; x_wconf 87' lang='lat' dir='ltr'>est,</span> <span class='ocrx_word' id='word_1_384' title='bbox 1253 4480 1332 4539; x_wconf 84' lang='lat' dir='ltr'>mire</span> 
     </span>
    </p>
   </div>
   <div class='ocr_carea' id='block_1_5' title="bbox 0 0 1520 5086">
    <p class='ocr_par' dir='ltr' id='par_1_8' title="bbox 0 0 1520 5086">
     <span class='ocr_line' id='line_1_44' title="bbox 0 0 1520 5086; baseline 0 0"><span class='ocrx_word' id='word_1_385' title='bbox 0 0 1520 5086; x_wconf 95' lang='lat' dir='ltr'> </span> 
     </span>
    </p>
   </div>
  </div>
 </body>
</html>
