3030 5086
267 478 330 543 318
659 496 704 542 oe
726 495 858 544 srureus
881 496 953 543 nou.

267 665 392 730 veriora
424 664 488 729 sint
516 683 609 745 quam
637 670 744 729 uestra
770 664 926 745 dogmata.
976 663 1078 745 Vulgo
1108 664 1189 729 eninr
1217 664 1343 730 dicitur:

267 767 430 832 Iucundi
457 767 533 830 acti
562 766 732 845 labores3
762 784 819 831 nec
845 766 926 831 male
947 765 1115 846 Euripides
1137 766 1344 847 (concludam,

267 868 294 933 si
309 876 431 949 potero,
447 867 573 944 Latine;
591 866 747 932 Graecum
764 867 844 932 enirn
863 867 944 932 hunc
955 886 1080 933 versum
1092 868 1191 933 nostis
1208 869 1344 950 omnes);

310 970 447 1036 Suavis
469 968 643 1034 laborum
667 976 726 1035 est
747 971 1052 1050 praeteritorum
1073 970 1263 1034 memoria.

228 1070 329 1139 ised
357 1073 398 1136 ad
426 1072 507 1136 bona
532 1071 704 1153 praeterita
727 1072 899 1136 redeamus.
945 1075 1033 1152 Quae
1061 1071 1088 1136 si
1115 1071 1247 1136 avobis
1269 1071 1345 1136 talia

267 1173 459 1254 dicerentur,
493 1173 636 1254 qualibus
664 1173 696 1238 C.
720 1173 839 1237 Marius
872 1172 918 1237 uti
951 1180 1090 1254 poterat,
1125 1180 1160 1238 ut
1186 1173 1343 1265 expulsus

267 1293 371 1356 egens,
393 1276 424 1340 in
446 1275 563 1356 palude
585 1276 746 1340 demersus
768 1283 968 1358 tropaeorum
991 1274 1209 1340 recordatione
1225 1275 1344 1340 levaret

267 1377 406 1442 dolorem
429 1396 528 1455 suunt,
551 1378 693 1443 audirem
715 1383 747 1441 et
768 1377 861 1457 plane
883 1378 1056 1457 probarem.
1101 1376 1167 1442 Nec
1188 1376 1271 1442 enim
1286 1376 1342 1442 ab·

267 1478 345 1543 solvi
369 1478 459 1543 beata
481 1479 545 1542 vita
568 1477 718 1560 sepientis
740 1497 841 1559 neque
868 1479 909 1542 ad
932 1478 1046 1543 exitum
1068 1477 1197 1560 perduci
1218 1479 1344 1560 poterit,

209 1583 250 1648 lo
267 1581 294 1645 si
316 1582 419 1662 prima
448 1598 589 1662 quaeque
616 1581 694 1645 bene
721 1581 761 1645 ab
790 1598 827 1644 eo
857 1580 998 1645 consulta
1025 1587 1120 1661 atque
1141 1580 1224 1645 facta
1244 1580 1344 1661 ipsius

337 1772 359 1818 2.
378 1766 478 1817 iucunde
495 1781 581 1816 omnes
630 1771 653 1818 8.
672 1766 746 1816 nostis
764 1782 815 1819 om.
834 1767 856 1816 Ε
900 1773 923 1820 4.
942 1767 1055 1817 memoria
1073 1775 1107 1816 est
1122 1766 1343 1832 praetcrdcrumss

266 1837 349 1886 suauis
367 1845 401 1885 cat
419 1835 465 1885 lab.
484 1845 561 1898 praet.
581 1852 644 1886 mem.
658 1834 752 1885 LPMG
770 1840 853 1886 suauu's
871 1845 906 1886 cet
920 1853 959 1901 pr.
980 1835 1027 1887 lab.
1046 1837 1145 1887 mcm.B
1180 1841 1203 1886 5.
1221 1835 1344 1885 efflamus

267 1904 347 1967 ng.
385 1909 407 1954 6.
426 1902 536 1968 ᾳιιαῖίεῦ
555 1902 673 1969 [cuiculi]
690 1903 772 1968 prauis
787 1908 841 1969 [pro
856 1902 924 1968 ΟΜ]
962 1908 983 1955 7.
1000 1903 1143 1969 paludemL
1180 1902 1303 1972 [dimersus
1313 1903 1342 1970 Α]

352 2060 523 2134 concludam)
547 2059 690 2131 numeris,
721 2069 754 2118 ut
775 2061 919 2119 Horatius
946 2063 1102 2119 concludere
1128 2080 1235 2119 versum
1257 2059 1341 2118 dixit.

267 2145 342 2206 cum
364 2150 448 2202 noetis
470 2163 558 2202 ornnes
580 2144 686 2203 Cicero
709 2144 799 2216 dixit,
830 2145 939 2204 oblitus
962 2146 1092 2217 videtur,
1120 2154 1193 2220 quot
1216 2145 1344 2203 sermoni

266 2231 409 2288 interesse
432 2230 580 2300 tinxisset3
609 2249 676 2286 narn
706 2231 784 2305 quod
807 2229 900 2289 Gzius
927 2231 1059 2306 intellegi
1082 2231 1160 2288 vult:
1187 2249 1234 2288 cos
1256 2250 1344 2288 omues

268 2316 412 2392 Epicurei,
445 2333 498 2372 cur
525 2315 570 2373 illi
597 2334 715 2372 versum
743 2334 814 2373 suae
847 2317 1011 2374 sententiae
1044 2315 1132 2391 plane
1164 2315 1343 2373 contrarium

266 2412 384 2479 praeter
406 2410 520 2458 ceteros
543 2401 683 2457 memoria
705 2401 876 2470 retinerent,
900 2402 981 2459 nulla
1003 2418 1092 2458 cause
1114 2410 1187 2458 erat.
1233 2401 1346 2459 Versus

267 2497 312 2548 eet
339 2505 377 2545 ex
399 2486 605 2543 Andromede:
631 2475 713 2541 Ἀλλ’
737 2471 790 2561 ἡδύ
814 2503 862 2542 τοι
884 2479 1022 2542 σωθέντα
1043 2482 1215 2560 μεμνῆσθαι
1236 2471 1344 2556 πόνων,

266 2581 355 2632 notus
377 2590 416 2629 ex
429 2571 566 2642 Stobeeo,
590 2570 760 2642 Plutarcho,
783 2570 859 2630 aliis.
895 2567 1025 2648 [Nauck.
1050 2570 1166 2646 Fregm.
1187 2571 1276 2646 Trag.
1290 2569 1343 2629 Gr.

266 2678 295 2734 p.
314 2654 400 2733 317.]
446 2657 544 2714 Suavis
571 2656 691 2713 atomum
714 2666 765 2726 cet,
794 2665 874 2713 recto
897 2673 999 2726 versu,
1028 2654 1087 2713 iam
1115 2654 1210 2725 Cret,
1239 2655 1344 2713 deinde

267 2742 354 2802 Grut
378 2761 394 2799 e
417 2740 481 2799 Pel.
504 2745 535 2810 l;
559 2742 672 2800 accedit
694 2740 757 2798 cod.
781 2741 857 2799 Mor.
891 2739 998 2814 (Gaius
1021 2743 1119 2813 tacet.)
1149 2738 1190 2818 [B
1213 2751 1246 2798 ut
1267 2739 1344 2820 aru]

350 2831 442 2904 pn'mu
463 2826 598 2902 quaeque)
617 2827 660 2883 ita
676 2835 718 2896 ut,
742 2827 957 2901 quodcumque,
980 2826 1078 2902 priore
1095 2826 1225 2901 dempto,
1248 2826 1344 2901 ipsum

267 2914 394 2991 primum
416 2911 526 2970 facturn
550 2911 601 2981 eit,
632 2913 772 2968 contiuuo
795 2912 890 2987 ipsum
914 2929 1031 2987 quoque
1052 2912 1209 2981 obruatur,
1237 2912 1267 2968 id
1291 2921 1344 2982 est,

267 3000 347 3058 eliud
370 3016 459 3072 super
480 2997 722 3055 eliud'continuo
745 2996 847 3054 ordine
870 3005 914 3067 et,
937 3004 970 3054 ut
993 3014 1046 3053 noe
1068 2995 1231 3070 loquimur,
1254 3015 1343 3054 unum
1427 3010 1439 3029 ·

266 3096 334 3161 post
367 3083 501 3140 alterum.
551 3082 710 3157 Proprium
743 3091 773 3138 et
804 3081 944 3139 usitatum
979 3099 1072 3157 genus
1105 3081 1244 3157 loquendi
1273 3082 1345 3139 mire

266 3171 441 3247 ignorarunt
463 3166 563 3237 multi,
592 3177 625 3224 ut
653 3167 781 3224 editores
808 3166 987 3224 recentiores
1015 3166 1156 3222 libroruin
1185 3167 1221 3223 de
1244 3167 1281 3224 N.
1305 3168 1342 3224 D.

267 3264 386 3331 praeter
408 3253 568 3322 Orellium‚
596 3253 644 3309 hic
671 3261 738 3327 post
766 3269 876 3327 paucos
898 3269 1002 3310 versus
1025 3250 1167 3308 Davisius
1189 3261 1219 3308 et
1240 3249 1344 3322 Gaius,

266 3358 321 3397 nec
337 3357 441 3415 peuce,
465 3357 541 3413 quae
558 3339 587 3394 in
605 3337 710 3395 lexicis
728 3347 886 3413 ponuntur,
909 3337 1047 3411 exemplo
1063 3345 1142 3393 recte
1159 3336 1346 3413 explicantur

267 3428 298 3498 (a
320 3425 472 3485 Schellero
494 3443 522 3499 p.
543 3424 626 3481 8463
655 3423 728 3494 inne,
759 3441 777 3480 a
803 3422 972 3480 Forcellino
1001 3423 1049 3480 III
1070 3441 1098 3496 p.
1119 3423 1180 3479 490
1209 3426 1343 3495 summe).

267 3508 447 3591 [Freundius
460 3510 508 3566 III
520 3528 547 3585 p.
564 3510 643 3566 1147
660 3527 750 3565 unum
774 3509 863 3565 hebet
886 3516 916 3565 et
932 3526 1023 3583 preve
1041 3503 1153 3587 vertit]
1186 3507 1344 3565 Asci-ibam

266 3597 357 3673 igitur
379 3595 509 3670 plenius:
533 3595 568 3652 de
586 3596 651 3652 Inv.
663 3594 688 3665 Ι,
702 3595 741 3650 33
759 3593 801 3665 (ut
818 3597 911 3669 prima
933 3612 1056 3668 quaeque
1072 3612 1153 3668 pars,
1177 3603 1207 3649 ut
1223 3596 1344 3670 arpositu

266 3692 306 3739 est
321 3684 347 3738 iu
361 3682 515 3755 parn'tione,
539 3683 578 3737 cic
600 3681 692 3737 ordine
714 3681 889 3752 trausipatur,
913 3687 943 3735 et
964 3678 1151 3753 paulopost:
1174 3679 1213 3735 ud
1225 3680 1344 3754 pn‘mcm

267 3786 401 3842 quernaque
419 3775 526 3840 partem
544 3768 664 3840 pureum
686 3765 824 3838 acceasr't);
852 3764 946 3821 Aced.
970 3764 1016 3833 II,
1041 3764 1080 3820 49
1110 3764 1174 3835 (laic
1202 3767 1227 3821 si
1251 3783 1343 3839 pervc-

266 3856 344 3920 ucris,
368 3870 408 3908 mc
431 3852 478 3906 tibi
496 3854 614 3925 prr'mum
630 3852 750 3924 quidque
766 3850 946 3922 concedente);
970 3850 1006 3906 de
1018 3849 1055 3906 N.
1070 3849 1107 3906 D.
1122 3851 1145 3919 I,
1160 3850 1199 3906 77
1213 3850 1345 3925 (punctam

266 3941 347 4010 r'pitur
368 3938 487 4010 quidque
509 3935 731 4009 consideremus);
759 3934 820 3993 ibd.
844 3935 901 4002 III,
926 3936 954 4005 7,
979 3935 1014 3992 de
1037 3935 1139 3993 Divin.
1163 3935 1188 4001 Ῑ,
1215 3935 1284 4004 127,
1307 3934 1344 3991 ed

266 4024 348 4080 Fam.
371 4022 445 4091 XII,
473 4025 498 4092 1,
526 4025 557 4090 13
586 4021 675 4096 (quod
698 4021 735 4076 ad
758 4021 840 4077 Fam.
864 4021 952 4090 vm,
977 4022 1004 4091 8,
1029 4021 1047 4077 8
1070 4020 1100 4077 in
1124 4019 1203 4080 scto
1227 4019 1343 4095 legitur,

266 4108 361 4164 minus
385 4107 441 4162 huc
464 4107 606 4182 pertinen
630 4114 675 4164 est
694 4106 786 4162 eninr:
812 4124 889 4179 „qno
907 4106 1009 4164 ordine
1027 4105 1136 4180 quique
1155 4105 1242 4181 primi
1259 4122 1344 4179 prae·

266 4206 344 4250 tores
367 4191 535 4267 fuissent“).
569 4192 681 4249 Eodem
706 4191 792 4248 modo
815 4192 892 4248 dixit
914 4192 1040 4267 scriptor
1061 4190 1136 4246 rhet.
1159 4190 1196 4246 ad
1213 4188 1343 4247 Herenn.

266 4279 323 4346 ΙΙΙ,
349 4279 387 4335 37
396 4299 403 4334 :
427 4287 456 4333 ut
478 4279 619 4334 identidem
637 4280 741 4352 primos
764 4296 884 4351 quosque
906 4279 975 4334 locos
993 4307 1031 4318 --
1050 4278 1138 4332 animo
1157 4289 1343 4351 peruaqetuur,

265 4373 295 4420 et
318 4363 472 4421 Lucretius
495 4364 520 4433 Ι,
545 4363 615 4432 389,
640 4365 677 4434 V,
696 4362 754 4418 291
781 4371 810 4418 et
833 4361 953 4422 Curtius
975 4363 1030 4432 IV,
1049 4361 1107 4420 28
1125 4361 1202 4435 (cap.
1223 4360 1343 4434 8Zpt.),

266 4449 302 4505 ab
315 4449 428 4508 Orellio
442 4447 550 4506 elicubi
563 4448 680 4508 citatus.
705 4444 807 4527 [Varr.
819 4447 854 4505 R.
867 4447 902 4504 R.
914 4448 939 4518 Ι,
952 4447 1001 4515 55,
1016 4446 1044 4516 5,
1057 4445 1121 4504 Liv.
1133 4446 1256 4517 XXXI,
1274 4447 1299 4517 l,
1313 4443 1343 4518 5,
