3030 5086
260 470 322 535 292
651 486 695 531 na
718 485 849 532 stannus
871 486 943 531 aar.

260 655 450 720 diuturnitas
478 651 572 717 iecit?
617 653 700 732 Quid
727 660 775 717 est
802 652 910 733 igitur,
938 670 993 715 cur
1020 652 1065 716 ita
1092 670 1216 732 semper
1242 653 1335 716 deum

259 756 413 837 Epicurus
432 755 555 818 beatum
572 754 710 835 appellet
726 764 757 818 et
773 753 955 818 aeternum?
987 753 1122 834 Dempta
1139 753 1221 817 enirn
1232 760 1336 819 aeter·

260 857 366 934 nitate,
389 855 483 920 nihilo
506 855 629 920 beatior
645 856 787 936 Iuppiter
805 874 898 935 quam
915 854 1083 934 Epicurus;
1107 862 1237 936 uterque
1254 855 1336 919 enim

260 1166 275 1212 8
306 1098 352 1227 [12.
369 1091 474 1226 ιιρρνέἶ1
490 1092 610 1158 Epicurus
629 1093 719 1142 beatum
741 1090 909 1158 [AJLPmcR
927 1093 1018 1140 ὁωιιιιιι
1036 1090 1156 1157 Epicurus
1174 1091 1276 1157 appellet
1291 1091 1334 1144 Or.

279 1199 284 1211 .
330 1170 408 1226 uprter

346 1387 394 1425 cur
416 1372 454 1424 ita
475 1386 579 1442 semper
602 1366 673 1442 cet.)
698 1365 790 1423 Gzius
814 1374 843 1422 et
866 1365 938 1424 Otto
945 1365 1142 1463 coniungunt
1164 1369 1202 1422 ito
1224 1384 1336 1442 semper,

260 1462 437 1527 vertuntque
455 1472 484 1508 so
502 1453 704 1524 anuastrorttct,
730 1460 903 1525 comparant
923 1469 1016 1515 ουτως
1039 1442 1095 1520 ἀει,
1119 1451 1198 1525 quod
1221 1451 1272 1509 ubi
1294 1452 1338 1508 sic

260 1539 388 1614 positum
416 1537 555 1612 legerint,
590 1545 623 1593 ut
656 1536 764 1604 solent
798 1554 856 1592 non
885 1536 995 1592 dicunt.
1038 1537 1211 1596 Assentitur
1239 1546 1337 1593 tamen

260 1623 396 1680 Handius
419 1623 518 1696 (Turs.
547 1623 594 1678 111
622 1641 651 1696 p.
672 1622 757 1693 490).
804 1617 862 1679 sed
891 1640 995 1695 semper
1023 1621 1137 1696 respuit
1163 1621 1336 1678 adverbium

260 1709 382 1784 gradum
407 1716 521 1765 notans.
558 1709 601 1763 Ita
624 1705 903 1762 demonstrationem
926 1706 1015 1762 habet
1032 1706 1214 1762 huiusmodi:
1238 1710 1285 1775 itu,
1309 1718 1338 1762 ut

254 1797 340 1868 sacit3
364 1794 463 1866 itaque
482 1792 616 1867 proxime
634 1791 800 1848 annectitur
822 1791 966 1865 superiori
988 1791 1152 1865 particulae
1174 1791 1337 1867 interroga·

261 1878 355 1947 time,
386 1895 439 1933 nee
468 1877 560 1934 multo
583 1876 670 1933 aliter
692 1876 800 1931 dicitur
826 1894 875 1932 eor
902 1879 1050 1948 iteratque
1074 1878 1142 1949 quid
1162 1879 1201 1932 itu
1223 1880 1339 1947 (warum

261 1965 356 2036 dena),
386 1980 451 2018 oum
480 1961 522 2018 sic
546 1962 581 2017 de
604 1979 693 2017 causa
720 1960 763 2016 rei
787 1960 951 2033 quaeritur,
981 1971 1013 2016 ut
1040 1961 1186 2035 particula
1214 1962 1338 2019 modalis

260 2047 510 2104 vehementiorem
533 2045 642 2102 efficiat
665 2045 865 2120 interrogandi
889 2046 963 2113 vim3
994 2064 1052 2119 quo
1080 2064 1187 2121 genere
1210 2045 1240 2102 in
1263 2046 1338 2102 inte·

260 2133 331 2222 gris
344 2141 460 2188 sentent
462 2131 497 2187 iis
520 2130 625 2189 Cicero
647 2130 742 2187 rarius
766 2149 835 2187 usus
858 2139 911 2199 est,
935 2150 988 2206 pro
1008 2131 1094 2187 Rosc.
1107 2130 1189 2189 Com.
1203 2135 1221 2187 4
1240 2141 1270 2188 et
1285 2132 1337 2187 121

262 2237 363 2292 quaero
385 2218 434 2272 aba
457 2226 495 2284 te,
524 2218 623 2289 quidr'
623 2225 714 2271 ta—
737 2219 954 2290 compromissum
969 2219 1085 2287 J'stecems
1109 2225 1138 2272 et
1160 2216 1220 2275 ibd.
1246 2216 1284 2272 35
1309 2227 1339 2273 et

263 2304 302 2359 54
332 2303 411 2375 (nam
441 2303 509 2375 quid
535 2304 592 2357 itat
619 2301 753 2357 absolute
781 2318 869 2376 saepe
897 2301 994 2374 dicit),
1024 2300 1126 2357 Livius
1153 2299 1338 2375 frequentem

261 2387 398 2461 exempla
421 2386 519 2461 posuit
542 2385 676 2443 Handius
699 2405 726 2459 p.
744 2386 821 2456 496,
846 2386 951 2459 quibus
974 2385 1041 2441 addi
1066 2394 1163 2460 potest
1184 2386 1337 2457 XXVIII,

262 2473 311 2539 43,
339 2473 386 2529 12.
432 2473 510 2528 Τιιιιι
533 2470 626 2528 Gaius
649 2481 798 2544 tamquam
823 2489 859 2527 ex
883 2471 944 2528 Idri.
969 2480 998 2527 et
1021 2471 1099 2546 Spir.
1122 2470 1229 2527 edidit:
1259 2473 1338 2528 deum

261 2558 365 2614 beatum
387 2558 528 2631 Epicurus
555 2558 684 2631 appellet,
713 2574 830 2624 errans,
860 2567 892 2612 ut
915 2575 951 2612 ex
975 2556 1036 2613 Erl.
1061 2565 1193 2630 apparet.
1239 2558 1339 2613 Antea

261 2642 410 2710 edebatur
427 2650 459 2698 ut
478 2641 508 2697 in
530 2640 639 2698 nostris
657 2640 859 2697 deterioribus.
883 2637 922 2719 [Β
935 2642 994 2696 Γ
951 2660 1050 2716 parur
1061 2660 1127 2715 app.
1142 2637 1223 2718 beat]
1246 2642 1338 2698 Recte

259 2726 413 2784 adiectivis
447 2725 610 2783 coniunctis
644 2743 732 2781 unum
762 2725 959 2800 interponitur
987 2727 1124 2818 verbum3
1159 2727 1218 2785 rid.
1253 2727 1338 2801 epist

260 2830 325 2868 mea
347 2811 384 2867 ad
402 2810 493 2869 Orell.
487 2831 533 2885 ..p
548 2812 596 2867 54.
642 2811 737 2866 Deum
762 2810 907 2884 Epicurus
929 2795 1077 2885 μακάριον
1100 2799 1148 2865 καὶ
1172 2798 1337 2885 ἄφθαρτον

260 2896 410 2971 appellare
433 2896 555 2952 solebat.
600 2895 700 2970 (Diog.
725 2895 765 2963 X
793 2895 860 2955 123
884 2894 978 2951 cfrl
965 2895 1047 2966 139)

346 2981 464 3055 Dempta
487 3000 555 3037 emm
576 2979 743 3053 aeternitate)
766 2979 833 3036 Non
853 2980 939 3036 valde
962 2979 1115 3054 perspicue
1139 2997 1193 3036 neo
1215 2978 1339 3035 firmiter

261 3065 367 3124 Cicero
387 3074 617 3140 argumentatur.
654 3064 703 3122 Sic
721 3065 797 3121 enim
816 3064 973 3132 concludit,
990 3064 1161 3138 Epicurum,
1181 3082 1246 3120 oum
1264 3081 1339 3120 sem·

260 3170 313 3226 per
336 3153 439 3207 beatum
458 3150 588 3225 appellet
608 3150 703 3219 deum,
727 3150 879 3224 praecipui
896 3149 923 3205 ei
941 3149 1052 3222 aliquid
1071 3149 1108 3205 ad
1126 3149 1337 3205 beatitudinem

261 3226 475 3310 (εὐδαιμονίαν)
499 3235 626 3291 tribuere
650 3234 758 3303 videri3
787 3234 817 3290 id
841 3253 898 3290 non
921 3232 1013 3296 effici,
1037 3234 1093 3290 nisi
1117 3234 1162 3290 vis
1185 3233 1285 3308 aliqua
1307 3234 1337 3291 in

260 3320 316 3376 hac
334 3337 365 3374 re
384 3319 530 3375 tribuatur
547 3319 724 3376 aeternitati.
760 3319 854 3393 Atqui
866 3319 1044 3394 respondere
1056 3329 1173 3394 poterat
1184 3319 1339 3395 Epicurus,

259 3423 291 3462 se
314 3404 432 3459 beatum
451 3404 536 3460 deum
556 3405 662 3473 dicere,
687 3404 765 3477 quod
788 3405 891 3460 beatus
914 3414 1000 3461 esset.
1024 3423 1081 3460 non
1106 3403 1184 3478 quod
1207 3403 1340 3479 sapiente

261 3490 348 3545 beato
372 3488 502 3557 beatior,
525 3489 620 3545 etuti
643 3488 709 3563 ipsa
732 3488 914 3559 Stoicorum,
944 3508 1067 3563 quorum
1092 3489 1158 3547 telis
1181 3487 1284 3547 Cicero
1308 3506 1339 3546 se

260 3572 410 3639 instruxit,
433 3573 618 3639 auctoritate,
642 3572 801 3648 Chrysippi
824 3574 943 3641 saltem;
967 3575 1025 3630 vid.
1044 3573 1128 3633 Stob.
1149 3574 1250 3650 Eelog.
1268 3574 1336 3632 Eth.

261 3679 289 3757 p.
311 3658 369 3714 198
394 3659 482 3714 Heer.
534 3658 574 3713 Et
601 3657 752 3714 ferebatur
779 3658 963 3715 interdum'
955 3678 984 3714 ιιι
1016 3678 1079 3714 eam
1109 3668 1236 3733 partem;
1271 3677 1337 3714 nam

261 3735 393 3831 ἔλεγεν
379 3736 504 3814 ετοίμως
527 3734 600 3836 ἔχειν
618 3761 666 3797 και
684 3760 726 3812 ‘tot
713 3731 826 3798 Art
811 3734 883 3818 vaip
903 3734 1092 3814 εὐδαιμονίας
1112 3736 1337 3817 διαγωνίζεσθαι

260 3812 405 3899 μα’ζαν”
389 3843 461 3899 εχων
489 3814 536 3881 uui
566 3811 643 3900 υδωρ
673 3825 768 3897 (Stob.
795 3828 933 3901 Florileg.
963 3827 1005 3882 rit.
1030 3827 1139 3896 XVII,
1165 3827 1203 3882 30
1227 3846 1255 3900 p.
1279 3828 1337 3882 158

261 3909 364 3978 Gesn,
388 3927 425 3963 ex
443 3909 561 3966 Aelian.
578 3911 650 3968 Var.
669 3912 746 3967 Hist.
765 3915 820 3982 IV,
838 3913 896 3987 13).
930 3913 1035 3985 Itaque
1059 3912 1106 3968 bic
1128 3911 1225 3968 exitus
1248 3912 1339 3968 inter·

261 3994 420 4050 eludendus
444 3995 469 4051 ei
490 4006 562 4065 erat,
586 4014 651 4051 cum
670 3998 880 4060 ostenderetur,
905 4017 969 4054 eum
988 3997 1134 4054 interdum
1152 4007 1253 4072 aperte
1270 4014 1339 4053 oon·

261 4079 351 4145 fiteri,
380 4081 622 4154 praestantiorem
652 4100 716 4138 esse
740 4073 928 4154 εὐδαιμονίαν
957 4082 1002 4137 dei
1027 4101 1113 4155 quam
1137 4082 1278 4152 hominis,
1307 4091 1340 4137 ut

262 4164 410 4239 Diogenes
433 4166 579 4241 signifieat
601 4168 647 4237 Χ,
675 4167 728 4223 121
757 4167 827 4238 (vid.
851 4167 888 4223 ad
911 4167 939 4228 I,
966 4168 1031 4239 62);
1055 4177 1124 4235 aut,
1149 4167 1174 4224 si
1196 4167 1253 4224 hoc
1275 4165 1339 4222 fieri

262 4249 415 4323 nequibat,
444 4252 542 4325 potius
571 4271 608 4307 ex
636 4252 730 4308 altera
752 4261 836 4327 parte
860 4253 1027 4327 urgrerrdus
1051 4262 1127 4320 erat,
1156 4261 1188 4308 ut
1216 4270 1338 4326 quaere·

262 4344 355 4404 retur,
387 4354 438 4391 eur
459 4336 502 4391 ita
525 4355 640 4411 semper
663 4346 814 4393 aeternum
837 4338 922 4393 deum
946 4338 1125 4413 appellaret,
1154 4356 1218 4394 cum
1243 4347 1337 4394 aeter·

261 4419 339 4496 nitas
361 4420 433 4476 nihil
456 4421 585 4492 adderet,
609 4442 667 4495 quo
691 4422 889 4497 praestantior
911 4433 997 4480 esset.
