3030 5086
350 510 393 556 uu
416 509 497 557 mnu.
519 510 583 556 nm.
605 511 640 558 1v
662 511 735 558 cnr.
755 513 865 560 ar-aa.
882 509 1016 572 (eo-er.)
1155 492 1219 559 573

148 679 233 753 „Nos
255 697 324 743 cum
346 685 386 758 tc,
408 678 448 743 M.
472 679 559 758 Cato,
581 680 842 744 studiosissimum
866 677 1090 760 philosophiae,
1111 678 1219 744 iustis·

146 781 259 847 simum
275 780 385 859 virum,
407 781 558 860 optimum
575 781 717 859 indicem,
739 781 1003 863 religiosissimum
1020 789 1141 862 testem,
1163 799 1219 846 an·

146 884 293 962 diremus,
316 883 462 947 admirati
478 901 594 961 sumus,
616 884 691 964 quid
708 892 799 964 esset,
819 902 874 948 cnr
892 883 979 948 nobis
991 883 1112 948 Stoicos
1130 892 1237 948 ante·

146 984 260 1065 ferres,
289 986 342 1066 qui
365 986 404 1050 de
425 985 519 1049 rebus
541 984 632 1050 bouis
655 994 686 1051 et
707 986 797 1051 malis
820 987 973 1051 sentirent
994 1005 1045 1065 ea,
1076 1004 1157 1068 quae
1179 987 1219 1052 ab

147 1088 206 1154 hoc
232 1087 399 1153 Polemone
426 1089 509 1152 Zeno
538 1096 740 1168 cognoverat,
774 1088 948 1153 nominibus
981 1096 1144 1153 uterentur
1172 1089 1258 1168 tiso

147 1209 228 1273 quae
250 1190 352 1272 prima
374 1191 477 1270 specie
499 1190 745 1269 admirationem,
768 1208 802 1255 re
824 1191 979 1273 explicata
1000 1190 1097 1256 risum
1115 1210 1219 1257 move·

147 1298 226 1358 rent
271 1293 319 1357 Tu
341 1299 454 1371 autem,
477 1293 503 1357 si
525 1292 580 1356 tibi
602 1292 656 1357 illa
677 1292 900 1373 probabantur,
923 1311 978 1357 cur
1000 1311 1063 1357 noo
1085 1293 1221 1374 propriis

147 1395 250 1460 verbis
272 1394 325 1458 illa
345 1394 496 1460 tenebas?
525 1394 572 1459 sin
597 1403 627 1459 te
648 1395 820 1460 auctoritas
843 1396 1069 1474 commovebat,
1092 1396 1221 1462 nobisne

148 1498 289 1562 omnibus
323 1503 355 1561 et
381 1496 505 1561 Platoni
534 1497 593 1578 ipsi
624 1497 727 1562 nescio
755 1516 847 1578 quem
874 1493 958 1563 illum
986 1497 1221 1580 anteponebas?

148 1599 335 1681 praesertim
352 1616 420 1662 cum
437 1599 469 1663 iu
487 1617 522 1664 re
539 1599 662 1679 publica
678 1600 824 1680 princeps
841 1618 911 1665 esse
921 1599 1016 1665 velles
1033 1601 1074 1664 ad
1091 1618 1221 1682 eamque
1241 1603 1281 1668 10

148 1703 295 1766 tuendam
318 1718 387 1765 cum
409 1719 531 1765 summa
553 1709 608 1766 tua
630 1703 781 1784 dignitate
807 1702 941 1768 manime
962 1722 982 1766 a
1004 1702 1092 1767 nobis
1115 1702 1222 1767 ornari

147 1811 242 1884 atque
263 1802 376 1867 instrui
398 1820 516 1883 posses.
560 1803 592 1866 A
615 1804 703 1869 nobis
725 1804 806 1868 euim
827 1805 890 1869 ista
911 1805 1069 1885 quaesita,
1091 1823 1111 1868 a
1133 1804 1221 1870 nobis

148 1905 314 1985 descripta,
338 1912 453 1983 notata,
477 1913 645 1986 praecepta
667 1912 749 1984 sunt,
772 1907 970 1988 omniumque
992 1924 1096 1971 rerum
1118 1906 1221 1987 publi-

148 2026 254 2072 carum
277 2007 424 2071 rectionis
446 2026 577 2087 genera,
600 2015 716 2086 status,
739 2009 942 2087 mutationes,
969 2007 1053 2090 leges
1075 2008 1169 2074 etiam
1191 2018 1223 2075 et

221 2251 241 2296 l.
260 2262 340 2294 marco
361 2245 419 2295 Coto
438 2245 459 2292 li
496 2250 518 2296 6.
537 2246 614 2310 specie
632 2246 655 2294 r'rr
673 2245 748 2294 arrr'rm'
763 2245 913 2296 racionemE
950 2251 972 2296 7.
989 2246 1222 2311 probantarELCR

150 2320 172 2366 Β.
190 2314 215 2363 ai
230 2315 290 2363 ῑοΙι
326 2315 456 2362 uobreaell
495 2318 532 2366 10,
552 2314 586 2363 od
602 2314 732 2364 euodemli
771 2313 1221 2381 12.Nobr'eenr'm(om.o)omnes‚

149 2383 192 2435 Or.
232 2388 269 2430 14.
287 2382 408 2436 rectiones.
426 2400 514 2447 peneto
533 2399 627 2441 omnes,
647 2384 690 2434 Or.

235 2594 260 2647 er'
287 2592 334 2647 tr'dr'
359 2593 405 2647 illo
429 2591 629 2666 probabantur)
659 2589 708 2649 Sic
731 2590 891 2648 Ascensius
917 2593 995 2667 1511
1029 2600 1058 2647 et
1085 2590 1223 2665 deinceps

148 2676 211 2735 fere
241 2695 359 2746 omnes,
396 2675 542 2734 Gruterus
575 2689 604 2734 et
639 2677 778 2733 Davisius
811 2676 909 2746 taciti,
943 2676 1115 2752 flagitatque
1148 2675 1225 2732 hanc

150 2763 325 2838 scripturam
360 2773 389 2819 et
417 2762 495 2835 quod
523 2762 701 2819 contrarium
731 2762 849 2837 ponitur
877 2762 1075 2834 (comorooebot)
1104 2771 1133 2818 et
1161 2770 1224 2817 tota

150 2867 213 2918 res,
244 2848 381 2922 quoniam
405 2848 499 2903 omnis
522 2847 616 2903 oratio
644 2838 687 2902 ad
708 2847 738 2903 id
762 2858 876 2922 tempus
899 2846 1038 2914 refertor,
1068 2865 1125 2921 quo
1148 2845 1223 2905 Ceto

152 2933 281 2993 Stoicam
306 2933 489 3008 disciplinam
514 2932 635 3008 elegerit
658 2933 742 3007 eique
766 2951 797 2989 se
820 2931 982 2989 tradiderit.
1016 2933 1141 2989 Veteres
1162 2931 1224 2987 edi·

149 3019 245 3076 tiones
268 3019 440 3091 codicesque
463 3017 573 3090 (Oxum,
598 3017 666 3077 Gzii
689 3037 797 3081 omnes,
822 3016 890 3096 [B])
910 3019 1076 3093 probantur,
1106 3016 1141 3073 de
1164 3035 1223 3091 quo

152 3103 257 3161 mendo
281 3104 342 3160 dixi
366 3104 403 3160 ad
427 3108 440 3173 ξ
466 3104 514 3159 55.

238 3190 263 3245 A
292 3190 365 3244 nobis
398 3192 465 3245 enim
498 3192 550 3245 isto
578 3192 716 3263 quaesito,
750 3208 768 3244 α
795 3186 882 3266 nobis)
912 3187 1045 3245 Priorem
1074 3187 1225 3264 praeposi-

152 3276 260 3332 tionem
295 3275 332 3330 ab
362 3293 420 3330 nno
448 3275 592 3330 Lambino
621 3274 786 3330 necessario
814 3274 942 3331 additam
971 3292 1050 3343 esse,
1083 3292 1121 3329 ex
1155 3291 1224 3329 ann·

151 3361 245 3436 phere
272 3377 430 3435 apparere,
459 3370 537 3415 recte
565 3358 676 3415 indicat
699 3359 926 3434 Wesenbergius
949 3357 1119 3418 Observatt.
1149 3358 1226 3415 critt.

151 3447 181 3503 in
205 3455 278 3501 orat,
302 3464 355 3520 pro
374 3446 449 3503 Sest.
469 3464 496 3518 p.
511 3446 559 3501 67.
604 3445 667 3501 Nec
687 3444 733 3501 hic
756 3444 816 3501 ullo
840 3445 926 3501 modo
949 3444 1066 3501 dativus
1089 3444 1226 3502 ferendus

151 3540 230 3600 erat,
259 3531 396 3604 quonism
420 3548 476 3585 non
507 3548 538 3585 se
566 3530 639 3586 haec
667 3529 801 3605 quaesite
829 3530 937 3586 hebere
966 3530 1146 3605 significant,
1175 3529 1226 3586 sed

152 3635 206 3673 sua
239 3634 328 3690 opera
361 3616 398 3671 ad
427 3615 550 3671 aliorum
580 3634 664 3672 nsum
694 3615 828 3689 quaesito
855 3634 933 3685 esse;
967 3615 1026 3672 vid.
1057 3615 1093 3672 ed
1121 3615 1150 3683 I,
1178 3618 1225 3673 11.

152 3701 263 3758 Eodem
294 3701 472 3776 praepositio
503 3701 653 3758 exciderat
675 3711 743 3758 ente
766 3703 893 3759 litteram
917 3721 934 3757 n
958 3699 1049 3774 (AN)
1072 3701 1102 3757 in
1125 3700 1227 3757 melio-

153 3807 217 3844 rum
242 3787 374 3843 codicum
398 3786 530 3862 principe
554 3789 631 3857 545,
655 3787 684 3844 in
708 3788 837 3843 omnium
862 3787 939 3856 578.

238 3891 327 3928 rerrtm
346 3873 516 3946 prcblr'cornm
539 3877 673 3936 rectiones,
699 3872 811 3945 yeneno)
835 3869 898 3951 [Sic
922 3865 1087 3949 edebatum]
1110 3869 1228 3929 Cicero·

153 3977 218 4014 nem
242 3962 364 4014 rectionis
384 3978 482 4030 periero
504 3959 657 4033 scripsisse
680 3970 761 4033 puto,
786 3957 840 4013 hac
857 3958 1063 4014 coniunctione
1082 3975 1143 4013 rem
1162 3955 1227 4011 dili·

152 4054 256 4118 genter
279 4054 308 4100 et
330 4045 446 4118 proprie
470 4043 642 4118 signantem.
684 4043 724 4104 Ut
748 4042 852 4113 editur,
874 4062 971 4116 penora
995 4060 1114 4118 prorsus
1137 4041 1228 4096 abun·

153 4129 217 4195 dat,
247 4128 369 4204 pluralis
397 4140 494 4185 nentem
519 4147 656 4185 numerus
679 4129 855 4186 substantivi
884 4147 901 4184 a
924 4128 1081 4187 Cicerone.
1108 4126 1229 4201 permit·

153 4223 233 4271 lente
262 4216 485 4283 consuetudine,
520 4215 556 4269 ad
586 4215 705 4288 regendi
734 4215 879 4271 actionem
909 4213 1129 4289 significandam
1157 4209 1228 4268 iacti

154 4299 219 4372 (cfr.
243 4301 286 4370 V,
312 4301 362 4376 ll)
385 4319 486 4376 parum
511 4310 597 4374 aptus
621 4298 737 4356 ridetur
766 4300 802 4354 ad
825 4298 935 4357 formas
958 4299 1096 4356 rectionis
1119 4297 1230 4372 signifi·

155 4386 273 4444 candes.
311 4382 412 4466 [Nunc
435 4396 501 4461 post
523 4384 675 4442 Baitcrum
698 4387 820 4441 rectionis
841 4381 953 4464 posui]
