3030 5086
253 466 316 529 oet
643 485 687 529 tier
711 484 840 531 sturnus
863 485 933 530 nou.

254 653 328 717 nihil
351 655 523 734 putandum
546 662 602 716 est.
652 653 701 717 43.
726 653 783 718 Est
804 654 884 717 enim
907 662 1019 717 natura
1042 653 1086 716 sic
1107 664 1258 734 generata
1282 651 1336 714 uis

254 755 396 831 hominis,
414 765 448 818 ut
465 756 507 818 ad
525 773 646 819 omnem
663 756 807 820 virtutem
825 756 1054 836 percipiendam
1073 754 1156 820 t'acta
1172 757 1335 832 videatur,

256 858 294 921 ob
318 875 448 937 eamque
470 875 594 920 causam
617 857 706 936 parvi
724 857 871 920 virtutum
889 858 1070 935 simulacris,
1093 876 1224 938 quarum
1242 858 1275 922 in
1297 874 1335 920 se

253 959 368 1023 habent.
390 959 522 1034 sentina,
551 959 617 1023 sine
645 960 785 1022 doctrina
812 966 989 1037 nroretrtur;
1017 968 1090 1023 sunt
1117 960 1196 1023 enim
1225 959 1336 1040 prima

214 1061 406 1125 belomonte
429 1072 572 1137 naturae,
601 1061 711 1141 quibus
734 1063 831 1125 auctis
855 1062 977 1125 virtutis
1000 1062 1089 1142 quasi
1110 1081 1236 1142 germen
1261 1057 1335 1125 effi-

254 1164 341 1227 citur.
391 1163 470 1226 Nam
504 1182 580 1250 cum·
605 1164 650 1226 ita
683 1164 748 1227 nati
783 1163 915 1243 factique
945 1162 1054 1239 simus,
1088 1172 1123 1227 ut
1155 1176 1185 1228 et
1212 1162 1335 1244 agendi

257 1266 373 1346 aliquid
407 1272 438 1329 et
465 1265 611 1344 diligendi
638 1265 758 1345 aliquos
791 1277 821 1329 ot
854 1265 1047 1329 liberalitatis
1080 1276 1111 1329 ct
1143 1265 1335 1330 referendae

256 1368 377 1449 gratiae
400 1368 554 1448 principia
576 1368 606 1430 iu
630 1368 717 1430 nobis
739 1368 967 1431 contineremus
990 1377 1082 1447 atque
1099 1369 1138 1431 ad
1156 1367 1335 1443 scientiam,

256 1470 467 1550 prudentiam,
497 1469 707 1534 fortitudinem
731 1481 821 1549 aptos
848 1469 968 1533 animos
995 1469 1179 1533 haberemus
1206 1488 1225 1532 a
1254 1486 1335 1532 con·

327 1663 345 1703 l.
361 1657 423 1719 fieri
445 1668 538 1719 transp.
565 1670 619 1720 post
643 1655 773 1720 putandam
797 1665 831 1705 est
851 1657 871 1704 E
909 1658 966 1715 „sed
991 1656 1107 1706 librarius
1126 1667 1183 1705 ante
1201 1655 1262 1704 nihil
1285 1671 1335 1720 po·

254 1727 364 1773 nendum
384 1741 437 1774 esse
456 1727 629 1786 significarit*¹
684 1732 705 1773 3,
724 1742 807 1787 parens
827 1725 846 1772 L
888 1725 972 1773 lrabeat
997 1725 1019 1772 in
1037 1742 1062 1773 se
1082 1725 1102 1772 P
1155 1731 1175 1774 5.
1196 1734 1290 1774 παίωνα
1309 1724 1334 1772 E

254 1811 350 1843 carnaea
369 1809 463 1852 omnes,
483 1795 524 1843 Or.
563 1800 584 1843 9.
595 1794 806 1857 jortr'tudr'nemqae
825 1793 891 1842 Lcu

339 1967 388 2025 43.
419 1977 517 2023 tratura
545 1971 583 2023 sic
603 1979 730 2041 perrenota
754 1972 792 2023 oia
815 1967 940 2037 leontinis)
971 1967 1027 2023 tum
1050 1974 1169 2041 corporis
1191 1970 1337 2040 altiorique

253 2053 324 2109 dicit
347 2055 430 2122 §443
459 2053 494 2109 de
518 2054 554 2109 N.
580 2055 615 2108 l).
638 2054 679 2118 IL
705 2053 743 2108 30
766 2072 865 2108 ontrtern
890 2055 950 2108 or'rn
973 2054 1066 2108 rumuli
1087 2063 1210 2108 rrotrrro
1234 2054 1337 2109 dr'vr'na

252 2142 378 2195 contineri
401 2138 510 2194 scribit.
544 2139 610 2194 Non
635 2138 732 2194 differt
755 2139 908 2197 sententia.
931 2139 1009 2211 qnod
1033 2141 1099 2207 §66
1124 2138 1246 2213 legitur:
1271 2157 1338 2194 carm

253 2227 291 2280 sic
314 2225 425 2279 bortrinis
448 2235 545 2279 rurtrtra
565 2236 693 2296 poneretu-
715 2228 757 2281 sit.
794 2225 857 2280 Nec
881 2234 977 2279 tamen
1002 2223 1055 2278 hoc
1078 2224 1143 2280 loco
1167 2241 1271 2279 vocem
1290 2226 1338 2279 oia

253 2309 412 2366 tollendam
436 2328 513 2367 esse.
538 2310 599 2383 ipse
623 2310 694 2365 ordo
718 2310 889 2375 verborum,
917 2309 967 2382 qui
996 2327 1031 2363 ea
1053 2309 1168 2365 sublata
1190 2307 1337 2375 efficit-ur,

253 2394 410 2451 admonere
434 2394 600 2450 dubitantes
624 2395 757 2450 debebat.
804 2446 806 2450 .

339 2483 444 2536 virtutis
461 2484 542 2553 perosi
557 2500 663 2536 corruere
685 2480 813 2553 efficitur)
833 2477 898 2556 [Sic
921 2478 1086 2555 edebatur]
1106 2480 1180 2536 Mire
1204 2479 1262 2536 hoc
1287 2479 1336 2535 di-

253 2566 329 2622 citur
357 2584 410 2620 nee
438 2565 556 2621 facilem
587 2566 813 2640 explicationem
838 2565 933 2620 babet.
979 2565 1133 2621 Ernestius
1154 2574 1336 2621 concentum

253 2651 371 2707 virtutis
393 2651 617 2724 interpretatur;
641 2652 785 2706 elementa
802 2670 865 2706 esse
884 2651 966 2723 qtrrrsi
985 2651 1115 2725 singulos
1135 2669 1246 2711 versus,
1270 2651 1337 2706 vir·

254 2747 343 2792 tutem
368 2747 515 2809 tamquam
546 2754 661 2791 carmen
692 2756 728 2792 ex
759 2737 794 2792 iis
816 2737 1020 2810 compositum.
1065 2736 1123 2794 Sed
1147 2754 1242 2808 neque
1266 2754 1336 2792 car·

252 2841 318 2877 meu
338 2822 380 2876 rei
404 2840 456 2896 pro
480 2831 621 2878 concentu
646 2822 702 2878 dici
726 2840 812 2896 posse
830 2821 954 2889 videtur,
979 2840 1072 2896 neque
1095 2821 1240 2877 elementa
1263 2841 1335 2878 ver·

252 2926 336 2964 suum
361 2907 516 2982 imaginem
541 2907 657 2975 habere,
682 2926 776 2980 neque
793 2907 930 2963 carurinis
948 2927 984 2963 ex
1003 2907 1136 2963 versibus
1154 2907 1335 2981 compositio

252 2992 356 3050 similis
387 3011 450 3049 esse
473 2993 682 3048 elementorum
707 2993 934 3067 augescentium.
980 2993 1043 3049 Nec
1066 2992 1159 3068 magia
1182 2991 1334 3049 satisfacit

252 3076 360 3147 GziuS‚
394 3079 444 3151 qui
471 3098 576 3134 catanien
605 3079 668 3133 vult
697 3097 760 3134 essa
787 3081 952 3152 sorrnulanm
987 3097 1053 3133 nam
1082 3079 1238 3133 verborum
1269 3076 1334 3135 for·

251 3163 332 3219 mula
354 3182 469 3220 carmen
494 3174 552 3229 est,
581 3182 639 3218 non
663 3182 774 3233 rerum,
803 3164 833 3219 id
856 3176 914 3223 est.
945 3164 992 3219 lex
1017 3175 1045 3219 et
1068 3182 1185 3230 norma,
1210 3182 1246 3218 ne
1270 3163 1332 3220 alia

252 3268 419 3324 persequar.
454 3249 528 3305 lllilni
552 3261 629 3304 recte
654 3249 782 3305 iudicare
806 3249 950 3314 ridentur,
975 3250 1023 3322 qui
1047 3249 1127 3305 aliud
1146 3267 1164 3304 a
1183 3248 1331 3306 Cicerone

252 3335 378 3409 positum
402 3343 514 3408 putam,
539 3336 681 3390 correctio
703 3345 800 3390 utitem
826 3335 886 3390 veri
910 3335 1060 3390 simillima
1084 3337 1105 3390 l.
1119 3335 1151 3390 F.
1169 3333 1330 3405 Gronovii‚

251 3420 301 3492 qui
322 3439 427 3492 petenen
451 3420 538 3475 scribi
562 3420 637 3476 vult.
663 3421 690 3475 in
715 3439 772 3494 quo
795 3431 864 3494 apta
887 3430 930 3476 est
954 3421 1050 3494 imago
1072 3420 1190 3476 virtutis
1213 3439 1244 3476 se
1268 3420 1328 3476 iam

251 3524 269 3560 a
298 3505 394 3561 radice
418 3506 548 3561 tollentis
578 3516 607 3560 et
637 3524 717 3561 stram
749 3507 955 3580 propriamque
983 3505 1106 3562 formam
1136 3505 1329 3562 ostendentis.

252 3589 339 3667 [Earn
364 3609 440 3646 nunc
463 3591 559 3665 recepi
583 3610 647 3647 curn
672 3589 816 3667 Baitero]
862 3592 908 3662 (In
932 3591 1142 3647 elementorum
1167 3609 1239 3647 voca
1264 3591 1329 3647 nul·

251 3676 309 3731 lam
333 3695 396 3732 esse
420 3675 661 3750 significationem
686 3677 864 3733 litterarum.
894 3695 966 3749 quas
994 3677 1044 3732 vix
1068 3675 1173 3734 Cicero
1197 3676 1329 3733 Lucretii

251 3762 386 3836 exernplo
405 3763 440 3833 (Ι,
464 3764 531 3820 197.
546 3763 617 3830 824,
633 3763 706 3833 913)
730 3763 805 3817 nude
829 3762 974 3817 elementa
997 3762 1184 3837 appellasset,
1209 3762 1261 3817 vix
1286 3762 1329 3818 di·

250 3866 355 3908 carem.
380 3848 516 3920 queniam
535 3847 745 3902 alrsurdissima
762 3848 829 3903 inde
852 3848 948 3921 imago
972 3848 1110 3914 nascitur,
1135 3847 1190 3903 nisi
1209 3847 1328 3904 venisse

250 3933 424 4006 quibusdam
448 3934 476 3988 iu
502 3944 626 3988 mentem
652 3933 805 4003 viderem.)
850 3933 921 3991 Coti.
947 3934 1021 3989 Mor.
1045 3934 1141 4007 qru'bur
1162 3936 1239 3989 ociis,

333 4020 518 4092 pruolenlium,
547 4019 747 4091 Jorlitru‘iincnr)
778 4018 825 4076 Sic
855 4018 948 4074 Gaius
976 4038 1013 4074 ex
1042 4019 1116 4083 Erl„
1152 4018 1229 4092 Spir.
1259 4016 1328 4095 [B],

251 4103 329 4160 Gud.
354 4106 388 4159 2.
412 4105 479 4160 Bas.
525 4107 623 4160 Antea
651 4115 712 4159 erat
735 4107 983 4177 Jbrtitrub'nempue.
1028 4105 1136 4160 Parum
1160 4105 1232 4159 scite
1258 4122 1328 4160 con·

250 4189 393 4244 eludendo
422 4189 483 4245 fere
512 4190 540 4245 id
571 4190 664 4263 ipsum
695 4189 821 4246 efficitur
848 4192 908 4249 (riou
937 4194 993 4245 sine
1015 4211 1096 4245 ‹frtrrso
1121 4222 1156 4231 -
1183 4191 1328 4262 cedemus).

250 4274 327 4347 quod
352 4275 434 4330 initio
465 4276 590 4349 positum
616 4285 678 4330 erat
701 4286 729 4331 et
752 4295 789 4331 ex
812 4294 869 4348 quo
894 4276 965 4331 illud
989 4279 1053 4348 (nos
1077 4277 1118 4331 ita
1141 4285 1226 4331 natos
1251 4280 1329 4347 esse)

250 4360 349 4433 ulique
372 4379 408 4415 ex
432 4371 514 4434 parte
538 4361 717 4417 intellectum
741 4372 794 4418 est.
836 4360 990 4437 [Scintillae
1012 4362 1098 4417 etiam
1120 4360 1152 4418 B.
1177 4378 1231 4417 nee
1255 4361 1330 4418 alibi

249 4445 353 4504 Cicero
377 4446 557 4503 deminutivo
580 4445 697 4523 ratitum]
