3030 5086
254 426 319 494 566
645 447 690 492 nn
711 445 843 494 murana
865 446 937 494 nou.

254 626 387 696 utraque
414 633 521 679 earum
545 615 697 695 nascitur,
727 614 753 680 si
782 621 911 680 autres
933 614 1096 697 ignoratur
1122 623 1177 680 aut
1203 619 1331 680 ematrrr

254 716 285 780 in
308 716 446 796 nomine;
474 734 607 797 quorum
635 716 662 781 si
689 725 832 782 neutrum
856 725 919 796 est,
947 735 1044 798 opera
1070 717 1177 782 danda
1203 724 1267 795 est,
1296 722 1332 781 ut

255 817 357 883 verbis
379 825 504 883 utamur
527 838 619 899 quam
642 818 853 884 usitatissimis
875 824 907 883 et
922 837 1014 900 quam
1032 819 1164 884 maxime
1180 817 1275 900 aptis,
1296 817 1330 883 id

254 928 316 999 eet,
346 938 411 984 rem
433 920 672 986 declarantibus.
715 920 766 987 58.
789 920 870 985 Num
893 920 987 1002 igitur
1009 920 1137 987 dubium
1159 929 1220 1000 est,
1244 921 1331 1003 quin,

215 1024 236 1088 b
254 1020 332 1086 siin
355 1022 482 1103 reipsa
504 1021 579 1087 nihil
600 1028 789 1104 peccatura
810 1022 1033 1104 superioribus,
1056 1022 1159 1087 verbis
1180 1020 1225 1087 illi
1243 1041 1329 1088 com·

253 1123 375 1188 modius
398 1125 546 1189 utantur?
590 1124 761 1190 Videamus
789 1125 882 1207 igitur
910 1124 1082 1190 sententias
1110 1143 1233 1204 eorum;
1261 1140 1329 1189 tum

253 1227 295 1290 ad
317 1226 413 1291 verba
435 1227 609 1292 redeamus.

336 1327 421 1392 XXI.
449 1328 564 1393 Dicunt
590 1328 813 1412 appetitionem
841 1328 934 1393 animi
956 1328 1088 1409 moveri,
1117 1347 1187 1394 cum
1209 1328 1330 1410 aliquid

321 1520 344 1563 2.
364 1523 399 1564 eet
416 1525 474 1581 post
491 1514 576 1565 danda
594 1531 642 1568 om.
662 1516 685 1565 u
721 1520 744 1565 6.
762 1524 858 1565 atnam
875 1515 966 1567 LPOR

252 1671 329 1728 inter
350 1680 465 1730 veteres
493 1681 523 1729 et
545 1672 676 1744 Stoicos,
707 1672 807 1747 quaeri
837 1692 895 1729 non
924 1680 1035 1749 potest,
1065 1681 1223 1747 antequam
1251 1672 1327 1730 illud

253 1756 426 1814 constiterit.

337 1854 453 1917 atraque
479 1841 585 1921 aarum)
608 1843 733 1901 Rettulit
756 1842 860 1902 Cicero
888 1843 976 1919 paulo
1005 1843 1179 1901 insolentius
1201 1842 1239 1899 ad
1261 1860 1328 1900 eam

252 1927 495 2004 significationem
524 1928 650 2005 duplicis
671 1929 939 1987 controversiarum
961 1929 1091 2005 generis,
1119 1947 1195 2003 quae
1224 1938 1270 1985 est
1297 1928 1330 1986 in

252 2013 453 2089 superioribus
485 2014 604 2084 verbis,
648 2014 733 2090 quasi
772 2015 845 2071 duas
882 2014 1099 2071 controversias
1137 2014 1330 2072 nominasset.

253 2098 364 2156 Eodem
393 2100 479 2156 modo
506 2119 597 2157 eoram
619 2099 747 2157 refertur
769 2099 807 2156 ad
830 2099 1072 2175 significationem
1095 2099 1125 2156 in
1149 2116 1222 2157 voce
1243 2102 1331 2157 omnis

252 2183 392 2241 latentem
415 2185 453 2242 N.
476 2184 514 2241 D.
533 2185 590 2255 III,
604 2186 659 2242 29:
685 2185 805 2261 Cumque
825 2204 900 2242 carae
921 2188 1024 2242 arrimal
1040 2186 1179 2260 patibilem
1201 2195 1331 2243 naturam

252 2269 355 2339 babeat,
378 2273 540 2328 nullusnest
561 2290 666 2339 eorum,
689 2273 764 2345 quod
785 2280 853 2337 cet,
876 2288 931 2329 nec
953 2270 1135 2328 dissimiliter
1156 2269 1232 2328 illud
1254 2270 1330 2329 dici·

252 2363 300 2412 tur
322 2352 381 2414 Off.
404 2356 429 2421 I,
453 2358 508 2413 41:
536 2356 628 2413 Totius
649 2359 793 2414 iniustitiae
813 2358 888 2414 ualles
910 2359 1052 2432 capitalior
1074 2355 1241 2429 (iniustitia,
1272 2355 1331 2415 hoc

252 2449 311 2509 eet,
338 2440 501 2498 iniustitiae
529 2446 610 2517 pars)
637 2461 721 2515 qnam
748 2461 837 2500 aarum
865 2450 920 2498 cet.
964 2441 1060 2499 Paulo
1087 2451 1155 2517 post
1182 2450 1222 2498 est
1249 2443 1332 2517 (poet

252 2527 358 2600 danda)
386 2526 526 2584 omittunt
552 2527 642 2584 etiam
671 2526 749 2604 Spir.
773 2523 826 2608 [B]
855 2536 885 2583 et
907 2528 994 2593 Bas,
1028 2526 1196 2601 delevitque
1219 2525 1332 2598 Gaius,

252 2610 323 2667 mihi
346 2611 491 2669 excidisse
513 2611 640 2670 videtur.
683 2612 799 2670 Deinde
818 2613 884 2686 (58)
906 2612 1022 2670 codices
1044 2612 1204 2671 deteriores
1226 2630 1332 2671 omnes

253 2696 350 2769 (Pau.
375 2697 464 2772 Dav.)
481 2707 605 2767 utaentur-3
629 2707 748 2769 utantur,
771 2707 804 2755 ut
823 2698 959 2769 Manutii,
982 2698 1153 2767 Lambinus,
1176 2698 1331 2769 Davisius,

253 2789 313 2839 tres
336 2780 405 2840 Gaii
428 2783 512 2841 codd.
535 2778 601 2863 [B].

338 2865 411 2943 Cap.
424 2869 514 2938 XXI,
527 2869 578 2927 58.
607 2868 711 2927 Dicant
732 2870 917 2945 appetitionem
939 2871 1023 2927 animi
1042 2866 1154 2946 monem)
1176 2868 1244 2926 Hoc
1266 2876 1331 2927 toto

252 2952 317 3009 loco
330 2952 445 3023 Cicero,
468 2953 537 3011 dum
555 2963 688 3012 veterum
711 2953 872 3012 sententias
895 2954 1050 3011 derorum
1074 2952 1242 3012 differentia
1264 2954 1333 3012 bre·

252 3039 328 3094 viter
345 3039 502 3117 complecti
518 3050 649 3111 conatur,
668 3041 741 3097 mire
758 3058 789 3098 se
806 3039 971 3116 implicavit
987 3047 1026 3110 et,
1042 3039 1223 3116 perturbatis
1240 3048 1332 3114 etque

252 3122 382 3181 confusis
409 3144 507 3182 rerum
535 3125 707 3202 generibus,
740 3125 770 3182 in
804 3125 1030 3202 repugnantiam
1058 3134 1088 3182 et
1114 3124 1332 3184 absurditatem

252 3208 438 3268 manifestem
461 3210 573 3269 incidit.
606 3210 641 3268 Id
664 3229 740 3268 unns
757 3211 918 3287 prudenter
934 3210 1028 3269 sensit
1044 3210 1215 3286 Thorupiue
1233 3210 1277 3286 (in
1294 3228 1333 3269 eo

252 3293 362 3362 libello,
375 3314 461 3369 quem
473 3297 575 3368 edHI,
584 3298 623 3353 54
636 3297 1052 3373 commemoravi,p.76sqq.);
1065 3296 1165 3367 ceteri,
1177 3306 1333 3371 tamqnam

252 3380 351 3437 omnia
372 3380 546 3457 plenissime
567 3390 597 3439 et
618 3381 783 3440 rectissima
805 3382 873 3448 sint,
896 3389 1003 3440 tacent.
1041 3382 1111 3458 Ipse
1133 3389 1231 3440 autem
1256 3381 1335 3441 civis

253 3483 334 3522 meus
356 3484 410 3524 nee
433 3467 587 3525 vulnerum
609 3465 781 3525 foeditatem
804 3485 926 3543 prorsus
947 3468 1065 3543 aperuit
1087 3476 1130 3537 et,
1154 3467 1222 3524 dum
1246 3485 1335 3525 vere·

252 3559 299 3607 tur
322 3549 494 3610 Ciceronem
522 3553 553 3611 iu
580 3554 792 3629 repugnantiae
815 3553 937 3610 erimine
959 3553 1128 3610 haerentem
1151 3553 1334 3627 relinquere,

200 3670 202 3675 ι
252 3654 338 3710 quem
356 3635 478 3696 Catonis
500 3638 635 3696 acumine
657 3639 851 3696 confidentem
876 3639 963 3714 paulo
986 3638 1188 3715 neglegentius
1211 3647 1242 3696 et
1264 3638 1334 3696 bre·

253 3721 317 3779 vius
340 3722 513 3781 disseruisse
536 3733 634 3800 putat,
664 3724 784 3781 adrem
808 3724 1020 3799 expediendam
1045 3723 1188 3781 nonnulla
1210 3724 1335 3801 excogi-

251 3807 327 3864 tavit
348 3807 565 3887 improbabilia.
612 3809 743 3866 Primum
768 3809 872 3868 Cicero
895 3811 954 3879 eis,
979 3828 1054 3884 quae
1076 3818 1146 3867 sunt
1168 3808 1335 3869 secundum

252 3902 402 3965 naturam,
432 3895 627 3953 communiter
649 3894 766 3966 tribuit,
795 3904 828 3952 ut
849 3895 1062 3971 appetitionem
1085 3894 1175 3953 enimi
1198 3912 1334 3954 commo·

252 3989 340 4036 veant
362 3969 477 4056 (ὁρμήν,
500 3980 559 4051 111,
578 3979 630 4055 23)
653 3990 682 4037 et
704 3980 938 4039 aestimationem
962 3981 1098 4049 habeant,
1120 3981 1217 4057 ipsum
1240 3981 1336 4040 aesti-

253 4064 390 4121 mationis
419 4062 483 4140 (τῆς
510 4056 608 4139 ἀξίας)
636 4084 741 4123 nomen
775 4075 806 4123 et
832 4075 923 4123 totam
952 4066 1028 4124 hanc
1056 4066 1285 4142 descriptionem
1315 4085 1335 4125 e

254 4147 361 4207 Stoicis
381 4150 452 4223 (vid.
471 4150 508 4208 ed
525 4151 584 4221 III,
599 4153 651 4226 50)
663 4151 701 4208 ad
718 4162 833 4209 veteres
850 4151 1041 4225 transferens,
1060 4152 1221 4210 Antiochia
1239 4170 1335 4210 more.

253 4235 367 4292 Deinde
380 4246 477 4293 autem
489 4256 526 4294 ex
545 4237 590 4294 his
604 4236 686 4312 ipsis,
704 4256 779 4312 quea
797 4247 865 4295 sunt
882 4239 1040 4295 secundum
1059 4252 1204 4307 naturam,
1221 4236 1334 4312 quibua

253 4319 326 4377 illud
348 4321 540 4381 communiter
563 4323 717 4393 tribuerat,
739 4323 798 4380 aliu
816 4323 887 4380 dicit
905 4323 1097 4400 appetitionis
1115 4323 1190 4381 nibil
1208 4322 1332 4397 hebere,

253 4405 312 4463 elia
334 4406 457 4475 habere,
487 4417 589 4484 aperte
611 4408 668 4466 sibi
690 4427 868 4486 repugnans.
914 4409 958 4467 Ea
980 4419 1093 4477 atatem,
1116 4427 1192 4485 quae
1214 4408 1333 4486 appeti·
