3030 5086
257 459 321 524 644
648 480 693 524 nu
716 480 847 527 rinrnns
871 480 941 525 nou.

186 667 189 671 ·
255 663 391 723 causam,
414 665 471 710 cnr
492 645 576 710 alind
598 646 651 710 alii
673 656 892 727 anteponatur,
914 666 970 712 nec
992 647 1075 712 inter
1098 664 1152 711 eas
1175 665 1226 712 res
1243 645 1342 726 quid·

255 765 350 826 qnam
373 748 498 812 omnino
517 759 629 828 putant
646 750 807 827 interesse,
831 756 862 813 et
879 749 1003 827 Erillus,
1026 749 1053 813 si
1070 748 1113 812 ita
1130 748 1235 823 sensit,
1257 747 1342 813 nibil

256 867 327 913 esse
349 849 463 913 bonurn
480 858 607 930 praeter
624 850 793 928 scientiam,
816 870 937 916 ornnem
960 849 1080 915 consilii
1102 850 1243 931 capiendi
1260 868 1340 915 eau-

257 970 323 1014 sam
347 952 618 1032 inventionemque
645 950 736 1016 officii
765 953 900 1017 sustulit.
945 953 994 1016 Sic
1017 952 1149 1017 exclusis
1171 950 1341 1018 sententiis

146 1074 151 1083 ·
216 1054 237 1119 b
257 1052 454 1132 reliquorum,
477 1071 546 1117 cunr
569 1060 734 1133 praetcrea
755 1055 840 1119 nulla
862 1073 932 1119 esse
954 1055 1068 1134 possit,
1091 1054 1167 1118 baec
1188 1053 1340 1133 antiquo·

257 1172 325 1216 rum
343 1153 447 1218 valcat
464 1173 592 1220 necasse
607 1164 664 1220 est
709 1155 809 1233 Igitur
827 1157 971 1220 instituto
989 1147 1138 1229 vete'rum,
1161 1174 1222 1236 qno
1239 1155 1341 1220 etiam

256 1254 349 1319 Stoici
372 1262 511 1331 utuntur,
534 1257 605 1321 hinc
627 1257 788 1337 capiamus
810 1258 981 1322 exordium.

341 1358 394 1421 IX.
423 1359 473 1422 24.
502 1363 602 1422 timue
629 1358 744 1422 anirual
772 1377 806 1423 se
833 1359 935 1439 ipsum
958 1359 1058 1440 diligit
1080 1377 1130 1438 ac,
1158 1358 1249 1423 simul
1274 1356 1339 1441 [at]

255 1468 359 1522 ortum
382 1468 438 1538 est,
461 1460 492 1523 id
515 1460 589 1540 agit,
613 1467 647 1524 nt
669 1479 704 1525 se
726 1470 897 1551 conservet,
920 1464 1004 1542 quod
1026 1460 1076 1524 bic
1098 1461 1127 1524 ei
1149 1461 1270 1542 primns
1294 1459 1341 1523 ad

329 1618 346 1660 v.
366 1604 517 1676 quoquam
554 1612 880 1676 assumamque.
916 1614 940 1662 a
958 1615 994 1663 vu
1012 1616 1070 1678 (pro
1089 1612 1188 1672 nutrio
1224 1618 1247 1662 a.
1267 1612 1342 1677 my..

254 1679 590 1799 ἑξέο-Ιφῗῶζέσξξῦὲξὲτῂ
609 1688 630 1731 8,
650 1680 767 1730 simulac
786 1682 806 1731 C
824 1681 895 1735 simul
912 1691 937 1730 nt
955 1683 997 1732 Or.
1041 1689 1064 1731 9.
1082 1699 1108 1730 se
1125 1690 1150 1730 ut
1168 1682 1234 1731 LPR
1271 1680 1344 1745 quod

215 1863 217 1868 ’
255 1872 400 1946 accipitur
423 1891 476 1946 pro
499 1892 548 1941 eo,
578 1872 656 1945 qnod
679 1872 844 1928 necessario
867 1872 1053 1928 scribendum
1077 1881 1153 1928 erat:
1181 1875 1208 1928 iu
1235 1872 1344 1946 quibus

255 1957 322 2013 nibil
343 1960 386 2025 sit,
410 1959 491 2030 quod.
530 1958 641 2015 Varum
666 1958 731 2032 ipsa
753 1958 826 2013 baec
848 1958 1006 2014 verborum
1029 1957 1125 2013 inanis
1148 1957 1233 2031 copia
1257 1957 1345 2027 (nibil

255 2052 307 2111 est,
336 2044 411 2116 qnod
431 2044 477 2117 eit)
500 2042 684 2116 ineptissima
707 2052 760 2099 est.
805 2043 896 2098 Recte
919 2042 1009 2117 igitur
1033 2042 1193 2098 Lambinus
1215 2042 1274 2101 sic.
1303 2051 1343 2098 ut

255 2145 318 2203 ego,
342 2127 434 2183 edidit
457 2127 651 2202 probavitque
663 2126 803 2186 Orellius.
838 2127 923 2199 Quod
943 2127 1104 2183 Lambinus
1127 2126 1200 2183 dnos
1216 2126 1344 2183 codices

255 2212 331 2269 bane
352 2212 527 2286 scripturam
553 2212 713 2279 „adiuvare
741 2222 829 2285 atque
856 2212 931 2269 adeo
954 2231 1024 2287 praa
1047 2230 1078 2268 se
1100 2211 1196 2268 ferrc“
1222 2221 1343 2275 namt,

257 2296 464 2353 Lallemaudns
492 2307 604 2365 autern,
635 2298 663 2354 in
693 2297 793 2354 codice
816 2298 898 2374 regio
922 2316 1009 2353 voees
1037 2299 1111 2371 qnod
1137 2316 1187 2352 oron
1216 2296 1344 2371 punctis

255 2390 371 2438 notatas
395 2400 468 2445 esse,
491 2400 582 2456 panes
604 2383 685 2456 ipsos
708 2382 779 2438 fides
802 2392 873 2438 esto.
928 2397 932 2405 ·

342 2468 388 2522 Sic
410 2469 526 2523 occlusis
547 2471 682 2524 seaaerttiia
704 2466 881 2544 reliquorum)
904 2467 963 2523 Eas
986 2467 1056 2523 Piso
1080 2467 1182 2541 magis,
1205 2474 1239 2522 ut
1262 2483 1344 2540 pan·

255 2550 346 2626 lispsr
369 2551 560 2620 discederent,
584 2553 700 2628 rogavit
722 2570 809 2626 qnam
833 2553 967 2608 exclusit.
1003 2553 1107 2625 Itaque
1129 2552 1166 2607 ab
1191 2551 1247 2607 hoe
1270 2550 1345 2626 ipso

255 2636 321 2693 loeo
344 2655 408 2692 eam
432 2637 606 2693 sententiam
636 2657 653 2693 a
681 2646 803 2694 naturae
832 2637 924 2693 initiis
948 2648 1080 2711 repetere
1109 2645 1137 2692 et
1159 2635 1345 2692 confirmare

255 2721 442 2797 aggreditur,
467 2740 553 2796 qnam
578 2723 723 2779 divisione
745 2722 801 2778 illa'
819 2732 849 2778 et
871 2733 1033 2778 ceterarum
1058 2721 1220 2778 remotione
1244 2720 1345 2777 stabi·

255 2806 337 2863 litam
362 2807 442 2864 dicit.

341 2911 395 2965 quo
421 2899 500 2949 etium
523 2893 606 2948 Stoici
637 2894 760 2966 utuntur)
791 2892 827 2948 de
850 2892 945 2966 prima
967 2890 1176 2948 constitutione
1198 2889 1347 2946 aniinalis

256 2986 285 3033 et
313 2977 568 3034 commendatione
597 2988 719 3033 naturae
747 2977 948 3051 disputantes,
982 2987 1014 3032 ut
1042 2976 1105 3045 ΙΙΙ,
1131 2978 1167 3031 16
1196 2973 1345 3031 vidimus.

256 3058 358 3140 [lpitur
380 3081 434 3137 pro
457 3082 519 3134 erpo
541 3062 629 3118 etiam
655 3063 679 3118 B
702 3075 731 3117 et
754 3080 812 3136 mg.
835 3061 925 3120 Crat..
949 3061 1027 3136 quod
1049 3055 1188 3138 restitui]

342 3146 414 3222 Cap.
427 3148 484 3216 IX,
499 3148 547 3202 24.
585 3151 667 3204 Omine
688 3149 790 3204 tattiano!
811 3167 840 3203 sc
861 3151 950 3221 opernm
972 3148 1071 3219 dioqtt)
1093 3145 1176 3203 Stob.
1190 3145 1255 3201 Eel.
1269 3144 1346 3202 Eth.

257 3251 286 3306 p
306 3233 367 3288 ’246
391 3232 427 3288 de
451 3231 673 3306 Peripateticis.
698 3223 761 3289 Καὶ
783 3228 902 3326 πρῶτον
924 3222 977 3305 μὲν
1000 3223 1165 3324 ὀρέγεσθαι
1180 3225 1237 3285 τοῦ
1261 3222 1348 3286 εἶναι

257 3306 321 3410 (τὸν
344 3306 507 3412 ἄνθρωπον
530 3310 691 3411 labentum·
721 3305 807 3386 φύσει
834 3305 890 3389 γὰρ
916 3306 1084 3386 ᾠκειῶσθαι
1110 3302 1185 3407 πρὸς
1213 3296 1344 3390 ἑαυτόν,

257 3389 372 3456 διὸκαὶ
395 3394 603 3495 προσηκόντως
626 3390 790 3492 ἀσμενίζειν
812 3390 865 3472 μὲν
888 3393 918 3455 ἐν
939 3385 1211 3469 temerationem,
1236 3397 1346 3473 δυσχε-

257 3477 367 3554 ραίνειν
389 3473 457 3540 δὲ’
443 3501 488 3540 επι
510 3485 574 3547 τοῖς
595 3476 679 3559 παρὰ
696 3471 794 3557 φύσιν.
829 3485 939 3541 Eadem
959 3483 1119 3558 disputatio
1137 3480 1277 3557 exposita
1297 3491 1348 3540 est

259 3569 313 3631 IV,
337 3571 373 3625 16
393 3587 457 3642 sqq
504 3570 577 3625 Mox
599 3572 678 3625 sirnul
699 3580 724 3625 et
746 3570 860 3626 codices
883 3567 985 3646 (Pau,
1009 3568 1135 3635 Davisii,
1158 3566 1238 3633 Gzii,
1257 3562 1347 3647 [B]),

257 3653 315 3711 nisi
343 3654 421 3727 qnod
450 3673 465 3709 e
494 3652 570 3712 CCC
594 3655 734 3711 Davisius
763 3665 885 3711 annotat
912 3657 991 3710 urant
1019 3673 1059 3711 uo.
1106 3653 1269 3709 Lambinus
1301 3656 1348 3726 (et

257 3750 342 3795 vetus
365 3739 429 3797 eod.
459 3740 489 3795 in
513 3739 644 3813 margine
668 3739 809 3814 repetitae
833 3739 983 3811 editionis)
1006 3749 1094 3812 atque
1117 3737 1167 3793 alii
1190 3740 1274 3794 sirrrul
1298 3749 1346 3801 nez

258 3826 318 3883 vid.
344 3825 381 3880 ad
404 3825 445 3893 Il,
471 3825 520 3880 33.

342 3912 372 3967 td
394 3918 459 3981 opit,
484 3920 512 3964 ut
527 3903 562 3964 ‘se
584 3909 732 3985 conseruet)
757 3908 896 3966 Davisius
914 3909 1002 3964 tacite
1020 3928 1048 3964 se
1070 3917 1099 3963 ut
1120 3916 1265 3969 conseruet,
1292 3906 1347 3981 qui

257 3995 329 4051 ordo
352 4014 368 4051 e
392 3995 470 4052 Gud.
494 3996 506 4049 l
532 4002 698 4050 annotatur.
744 3995 778 4050 In
801 3994 946 4068 proximis
969 3993 1068 4050 verbis
1091 4003 1120 4049 ot
1142 3990 1350 4049 redundantia

257 4081 401 4152 (quaedam
420 4080 576 4135 verborum
600 4090 630 4134 et
649 4079 786 4153 repetitio
803 4079 978 4152 reprebendi
997 4088 1102 4153 potest,
1126 4086 1155 4133 et
1173 4087 1253 4133 recte
1268 4076 1349 4134 Bre-

259 4165 334 4221 mius
357 4164 575 4233 animadvertit,
599 4164 767 4239 annpliores,
791 4183 877 4237 quam
896 4164 1062 4239 oportebat,
1085 4164 1156 4219 fines
1174 4161 1273 4235 primo
1291 4180 1351 4238 ap·

259 4249 364 4324 patitui
387 4249 465 4318 dari;
496 4267 562 4305 uam
592 4250 621 4305 in
647 4250 741 4324 prima
763 4249 814 4305 illa
837 4259 867 4304 ot
889 4250 1013 4306 obscura
1035 4247 1247 4305 constitutione
1273 4265 1351 4305 con·

259 4335 388 4391 servatio
411 4334 455 4391 sui
479 4335 660 4403 continetur;
686 4334 814 4390 studium
838 4334 967 4409 optimae
990 4332 1154 4391 affectionis
1176 4333 1350 4391 seeundum

260 4428 394 4476 naturam
423 4429 490 4494 post
512 4419 622 4490 oritur,
653 4438 717 4477 enm
746 4420 805 4476 iam
833 4429 955 4475 naturae
979 4419 1114 4476 voluntas
1137 4417 1294 4476 enucleari
1319 4429 1353 4477 et
