3030 5086
218 452 282 518 548
607 471 652 515 aa
674 469 806 516 rmraus
829 470 900 516 nom.

202 635 344 717 ¹tantem,
366 658 387 702 a
409 656 478 719 quo,
502 657 583 718 quse
605 646 711 703 essent
726 637 879 718 principia
901 644 1048 716 naturae,
1069 647 1249 720 acceperat,
1271 658 1293 703 a

217 741 430 806 communibus
452 740 547 804 initiis
569 739 820 821 progredientem
842 739 965 818 videre,
987 740 1040 804 ubi
1061 741 1193 821 primum
1215 741 1292 805 insi·

218 850 315 908 steret
337 849 369 907 et
389 844 472 907 unde
488 861 584 907 censa
602 842 833 907 controversiae
850 850 1039 921 nasceretur,
1062 862 1132 920 nou,
1155 849 1292 907 stentem

218 945 361 1023 cumis,
390 944 443 1024 qui
469 963 509 1009 ne
536 944 675 1009 dicerent
704 944 828 1023 quidem
857 963 914 1008 sua
936 962 1056 1008 summe
1078 945 1157 1009 bona
1179 963 1292 1010 essee

179 1049 199 1114 ὁ
218 1055 330 1112 natura
351 1045 498 1128 profecta
522 1047 566 1110 uti
583 1046 693 1111 iisdem
709 1047 908 1126 argumentis
931 1047 1043 1127 quibus
1059 1045 1103 1110 illi
1118 1052 1291 1125 uterentur,

217 1149 389 1230 iisdemque
411 1148 580 1213 sententiis,

302 1250 402 1315 XVII.
425 1251 476 1315 46.
500 1251 626 1315 Minime
647 1268 721 1316 vero
744 1239 820 1314 illud
842 1250 956 1331 probo,
979 1251 1070 1329 quod,
1093 1268 1161 1312 eum
1184 1250 1291 1315 docui·

218 1353 284 1431 atis,
305 1364 342 1418 ut
363 1353 449 1418 vobis
471 1352 630 1430 videmini,
652 1353 753 1416 solum
775 1353 889 1417 bonurn
911 1369 996 1430 esse,
1020 1352 1104 1431 quod
1125 1351 1291 1416 honestum

217 1454 267 1533 sit,
290 1461 354 1518 trun
377 1472 501 1519 rursum
523 1454 635 1532 dicitis,
657 1454 745 1518 initia
766 1454 900 1535 proponi
922 1471 1049 1519 neeesse
1070 1472 1140 1518 esse
1160 1460 1237 1535 apta
1259 1461 1293 1518 et

161 1562 202 1627 10
219 1556 452 1622 aeeommodata
473 1562 620 1634 naturae,
648 1574 779 1637 quorum
807 1574 844 1620 eu
871 1556 1035 1620 selectione
1062 1555 1162 1620 virtus
1189 1556 1293 1636 possit

289 1776 490 1827 l.eceederetE
539 1779 693 1831 &cameli
742 1783 764 1824 4.
782 1776 857 1826 teu
893 1792 977 1826 aem.
998 1776 1041 1824 ΕΡ
1087 1777 1292 1840 5.ω(ρτουιί]

218 1861 304 1896 omnes
345 1851 368 1895 6.
384 1845 528 1910 idemqueE
565 1851 587 1898 8,
607 1847 688 1894 bonurn
706 1844 820 1894 solumi]
857 1851 879 1895 9.
898 1862 980 1894 nareae
1000 1845 1067 1893 LPR
1101 1854 1136 1893 est
1153 1845 1197 1893 ΕΙ,
1232 1853 1291 1894 acta

219 1915 262 1963 ΕΡ
281 1915 362 1977 (ng.
381 1920 450 1979 apta)
491 1920 526 1963 10.
547 1914 702 1964 exelectione
720 1930 805 1963 omues
824 1914 897 1962 abner
917 1941 946 1950 -
965 1911 1087 1962 selectione
1106 1929 1154 1964 om.
1174 1914 1194 1962 L

218 2122 248 2178 id
271 2140 334 2179 esse
357 2122 449 2178 solum
473 2123 596 2190 bonum,
625 2131 655 2179 et
681 2122 711 2178 id
734 2140 769 2178 eo
792 2122 958 2187 confirmat,
987 2121 1065 2194 quod
1088 2120 1174 2178 aliter
1196 2121 1291 2177 virtus

219 2208 356 2265 constitui
375 2210 521 2281 nequeat).
555 2206 736 2265 Sententiam
750 2207 868 2263 minime
880 2208 1044 2274 obscuram,
1062 2225 1147 2279 quam
1161 2206 1291 2263 Kernius

219 2304 297 2350 recte
320 2293 480 2368 expressit,
510 2292 657 2349 declarari
686 2301 806 2367 propter
835 2292 1040 2348 nonnullorum
1065 2310 1208 2355 errorem,
1239 2292 1291 2365 qni

219 2389 352 2435 extrema
379 2378 470 2434 verba
498 2380 549 2448 (ati
575 2380 668 2435 iisdem
695 2381 871 2451 arpnmentie.
899 2378 995 2450 quibas
1023 2379 1153 2451 illicet.)
1176 2378 1218 2433 sie
1246 2379 1290 2434 in·

219 2463 411 2519 tellexeruut:
440 2474 525 2520 tamen
553 2467 592 2519 ati
618 2466 752 2520 sententiis
780 2474 803 2519 et
832 2465 994 2536 aequamentis
1016 2462 1237 2519 Academicorum
1267 2473 1292 2519 et

220 2549 466 2623 Peripateticorum.
504 2547 679 2624 Cogitarunt
701 2548 736 2605 de
759 2567 854 2604 rerum
879 2548 957 2604 inter
980 2546 1094 2604 Stoicos
1117 2558 1146 2604 et
1168 2549 1292 2622 Peripa-

220 2634 324 2690 teticos
346 2634 559 2691 convenientia.
606 2635 714 2690 Verum
743 2633 797 2690 hoe
826 2633 890 2689 loco
920 2632 950 2689 id
973 2633 1067 2707 ipsum
1091 2632 1196 2691 Cicero
1219 2652 1291 2707 qne·

219 2719 303 2784 riter,
321 2719 399 2793 qnod
411 2720 491 2776 Zeno
509 2738 571 2775 eam
591 2719 740 2775 occultans
757 2718 937 2794 argumentis
948 2717 1160 2793 sententiisque
1172 2718 1291 2775 aliunde

220 2804 320 2860 ascitis
348 2814 455 2861 utatur.
500 2804 563 2860 Nee
591 2806 631 2861 illi
657 2804 694 2861 ad
722 2823 812 2860 auum
835 2803 1024 2861 Polemonem
1052 2803 1155 2861 referri
1185 2814 1290 2878 potest.

220 2890 283 2946 lem
307 2890 377 2964 quid
399 2889 435 2945 de
452 2887 528 2948 Gaio
551 2890 656 2958 dicem,
679 2889 728 2963 qui
752 2890 795 2946 sie
817 2889 907 2946 rerba
930 2889 1059 2945 ordinat:
1083 2893 1194 2963 aequius
1216 2891 1291 2946 oide-

220 2976 299 3030 batnn
320 2977 409 3032 videre
431 2977 563 3032 Zenonem
584 2994 642 3031 eum
665 2976 805 3031 Polemone
827 2977 1015 3050 disceptantem
1044 2986 1074 3030 et
1100 2975 1130 3031 id
1158 2987 1291 3032 enarrat:

222 3060 345 3128 „horum
367 3061 527 3119 sententias
550 3061 579 3116 in
602 3060 738 3117 conflictu
761 3059 919 3135 ponere(l),
937 3079 1107 3135 eornparare
1125 3061 1201 3116 inter
1217 3058 1291 3116 se“'t

220 3146 325 3218 ltaque
348 3146 376 3201 in
400 3144 493 3202 altera
516 3156 598 3220 parte
621 3146 784 3202 sententiae
803 3148 866 3215 (non
883 3156 994 3202 stentem
1012 3151 1079 3219 eet.)
1095 3146 1203 3201 retinet
1224 3163 1291 3202 eum

221 3230 355 3287 omnibus
383 3241 451 3286 ante
473 3231 637 3287 Manutium
669 3240 697 3286 et
721 3231 895 3286 Lambinrnn
927 3244 956 3289 et
978 3250 1042 3286 enm
1068 3231 1198 3287 Grutero
1221 3231 1292 3287 ridi·

221 3314 317 3372 culum
346 3316 477 3373 codicum
501 3312 604 3394 [etiam
629 3311 667 3394 B]
697 3315 846 3372 mendum:
875 3327 903 3372 at
930 3319 1023 3374 iisdem
1047 3319 1224 3388 arqamentis,
1254 3335 1292 3373 ne

220 3400 457 3458 animadvertens
485 3401 618 3476 quidem.
652 3401 730 3475 apud
758 3401 912 3457 Davisiurn
947 3414 977 3460 et
1003 3402 1170 3458 Ernestium
1206 3400 1294 3458 aliter

220 3486 319 3554 scribi,
343 3504 396 3543 nec
418 3486 453 3543 de
476 3487 621 3543 sententia
643 3499 694 3541 aut
710 3486 842 3542 oratione
860 3487 980 3544 verbum
999 3487 1089 3543 ullum
1108 3487 1198 3543 addin
1232 3487 1293 3544 Pro

220 3581 406 3628 monitantem
429 3572 532 3630 Cicero
555 3580 670 3646 poterat
693 3572 821 3627 scribere
844 3592 926 3645 qaam
948 3583 1068 3631 steritem,
1093 3582 1125 3628 ut
1147 3574 1182 3628 ad
1205 3591 1294 3648 regu·

221 3656 279 3712 lam
309 3657 536 3732 comparationis
569 3657 665 3714 forma
697 3666 803 3713 exacta
830 3669 921 3724 essem
954 3676 1031 3714 nuuc
1059 3657 1292 3731 comparativum

222 3745 346 3815 (aequius
362 3744 513 3816 videbatur)
531 3743 644 3799 rettulit
666 3742 702 3797 ad
725 3742 805 3799 illius
822 3743 954 3812 rationis,
977 3762 1063 3816 quarn
1077 3744 1156 3799 Zeno
1174 3753 1295 3801 secutus

222 3838 311 3894 esset,
340 3828 582 3903 significationem
606 3847 685 3895 earn,
714 3846 789 3900 quae
817 3828 873 3884 iam
903 3829 932 3884 in
960 3829 1159 3903 superioribus
1182 3828 1295 3894 merotz

222 3912 326 3968 deinde
354 3933 418 3969 eam
441 3924 542 3988 aperte
566 3923 713 3986 tamquam
737 3925 833 3969 rectae
857 3924 886 3968 et
907 3933 1019 3988 aequae
1042 3915 1217 3970 contrariam
1242 3915 1295 3970 ad-

221 3998 326 4054 iunxit.
370 4001 396 4055 A
419 4009 486 4054 anta
509 4009 607 4055 natare
630 3998 804 4055 omittebant
829 4008 906 4067 „tres
930 4000 1052 4074 optimi*
1078 3999 1155 4058 Gzii.
1179 3995 1242 4079 [B].

308 4082 379 4158 Cap.
403 4085 511 4148 XVII,
536 4087 584 4141 46.
615 4104 648 4140 en
675 4085 823 4158 selectione)
853 4084 903 4142 Sic
930 4085 1071 4143 Davisius
1099 4104 1136 4140 ex
1164 4085 1295 4142 editione

224 4169 348 4226 Manutii
367 4178 396 4225 et
415 4170 580 4244 „aliquibus
598 4168 765 4225 eodieibus“
788 4182 817 4225 et
834 4171 971 4245 deinceps
990 4170 1181 4233 recentiores:
1205 4180 1297 4228 antea

223 4264 286 4310 erat
312 4275 346 4311 ee
372 4258 506 4324 electione3
537 4256 587 4312 sed
615 4274 730 4329 semper
752 4256 823 4311 haee
846 4260 948 4314 selectio
970 4256 1137 4330 appellatur
1159 4257 1216 4327 (ΙΙ,
1241 4257 1297 4322 43,

223 4341 498 4414 111‚12,20‚31),
522 4351 551 4397 et
573 4341 602 4397 id
625 4359 730 4396 nomen
753 4341 895 4415 sequitur.
931 4343 964 4398 ln
989 4342 1127 4398 continua
1150 4343 1298 4416 scriptura

223 4426 278 4483 hoo
296 4426 447 4484 EXSEL.
471 4427 614 4484 transibat
636 4427 800 4483 necessario
824 4427 853 4483 in
871 4429 999 4484 EXEL.
1022 4427 1051 4483 in
1075 4426 1111 4483 iis
1134 4427 1296 4501 codicibus,
