3030 5086
273 461 337 526 142
665 478 711 523 88
732 475 863 523 rrnraus
885 474 957 521 aon.

273 646 392 727 aliquid
412 647 443 710 in
466 646 515 711 his
537 646 630 710 rebus
654 643 823 725 probabile,
845 653 877 711 81
898 644 1023 725 quidem
1044 643 1098 720 ita,
1123 650 1158 708 ut
1178 643 1246 708 eius
1269 642 1349 707 ratio

348 858 366 899 1,
385 848 477 914 parilem
496 858 531 899 art
549 849 582 898 ita
602 849 622 900 C

274 1018 361 1097 λογον
389 1012 551 1098 ἀπολογίαν
579 1010 805 1094 (ἀπολογισμὸν)
834 1014 889 1096 ἕχει
918 1019 1012 1092 (Stob.
1042 1018 1104 1076 Ecl.
1129 1017 1195 1075 Eth.
1227 1036 1256 1094 p.
1279 1017 1350 1087 158,

274 1107 361 1182 Diog.
376 1107 473 1163 Laert.
487 1106 556 1176 Vll,
574 1106 654 1179 107).
690 1105 724 1161 Id
742 1106 890 1179 quoniam,
914 1122 979 1161 cum
999 1103 1041 1161 sic
1058 1102 1252 1161 communiter
1272 1102 1350 1159 dice·

274 1191 371 1261 batur,
395 1192 424 1247 in
448 1191 571 1267 singulis
595 1190 682 1246 rebus
704 1189 806 1264 perfici
829 1198 959 1265 poterat,
983 1189 1046 1246 sine
1069 1206 1183 1246 summa
1204 1187 1258 1244 illa
1280 1204 1349 1245 con·

275 1265 613 1351 venientiap‘potoyr'o).
637 1275 666 1330 in
690 1292 749 1346 qua
771 1276 864 1332 virtus
887 1283 959 1344 erat,
981 1273 1060 1348 quod
1084 1273 1126 1331 sic
1142 1271 1252 1330 iactum
1275 1282 1349 1341 erat,

274 1379 369 1435 neque
399 1362 506 1417 bonum
534 1377 630 1433 neque
654 1360 761 1415 malum
785 1369 857 1417 erat.
901 1361 977 1417 Tum
1001 1359 1133 1428 demum,
1161 1357 1186 1414 si
1209 1356 1288 1415 actio
1311 1358 1349 1415 ab

275 1446 326 1502 illa
348 1445 554 1503 convenientia
576 1443 709 1519 profecta
724 1456 801 1502 esset
818 1462 941 1518 eamque
958 1443 1130 1506 contineret.
1153 1442 1262 1499 bonurn
1286 1443 1351 1500 fieri

203 1591 206 1597 ,
275 1531 459 1587 indicabatur
482 1530 746 1605 appellabaturque
768 1518 955 1604 κατόρθωμα
978 1528 1040 1585 sive
1067 1523 1201 1601 καθῆκον
1227 1519 1350 1595 τέλειον,

275 1614 402 1673 officium
426 1613 588 1689 perfectum
611 1613 709 1686 (Stob.
734 1634 761 1688 p.
788 1614 847 1670 158
870 1622 900 1669 81
927 1614 1011 1687 184),
1039 1612 1112 1669 illud
1140 1620 1238 1668 autem
1261 1629 1351 1687 supe·

275 1701 336 1757 rius
359 1697 492 1773 καθῆκον
514 1691 605 1772 μέσον
628 1698 723 1770 (Stob.
747 1718 775 1773 p.
794 1699 861 1765 158,
885 1697 962 1755 infra
979 1699 1033 1769 IV,
1051 1697 1115 1771 15);
1138 1714 1226 1771 saepe
1249 1705 1351 1753 tamen

275 1786 339 1854 hoc,
362 1784 439 1857 qnod
465 1783 590 1839 medium
614 1784 686 1854 dixi,
710 1783 803 1840 solum
821 1782 911 1840 officii
929 1801 1034 1840 nomen
1052 1791 1141 1850 tenet,
1165 1790 1197 1838 ut
1213 1781 1268 1838 hoc
1285 1788 1351 1838 toto

275 1871 340 1927 loco
364 1878 394 1925 et
416 1873 430 1939 5
455 1869 495 1925 20
518 1878 547 1924 81
571 1869 620 1938 22,
644 1869 738 1925 Acad.
761 1868 786 1938 Ι,
811 1868 860 1936 37,
886 1868 1070 1941 maximeque
1094 1865 1152 1926 Off.
1174 1868 1199 1935 I,
1212 1867 1241 1923 7.
1274 1864 1350 1940 (cfr.

275 1956 311 2011 de
334 1956 388 2012 hac
411 1953 555 2010 divisione
578 1953 771 2010 Tiedemanni
795 1952 930 2028 Syetema
953 1952 1031 2011 Phil.
1056 1952 1147 2011 Stoic.
1169 1952 1218 2009 ΙΙΙ
1241 1970 1269 2027 p.
1287 1951 1350 2008 299

275 2058 349 2113 sqq..
373 2039 575 2095 Tennenranni
599 2039 677 2096 Hist.
702 2037 779 2094 Phil.
802 2039 848 2095 IV
870 2056 897 2112 p.
915 2038 971 2094 107
996 2056 1068 2112 sqq,
1092 2037 1191 2094 Beieri
1213 2054 1277 2093 exc.
1301 2036 1352 2094 111

275 2135 306 2181 81
327 2125 373 2181 IV
396 2124 432 2179 ad
456 2123 506 2180 lib.
531 2123 545 2179 I
569 2121 639 2194 Off.)
674 2123 785 2196 Estque
808 2123 837 2179 id
861 2140 965 2179 nornen
990 2124 1052 2180 eins
1076 2122 1236 2197 proprium.
1269 2121 1350 2178 Nam

275 2209 304 2266 in
323 2210 376 2266 hoc
395 2208 521 2265 maxime
539 2208 640 2264 haeret
656 2208 728 2264 haec
747 2207 842 2264 omnis
855 2206 971 2265 Stoicae
984 2207 1157 2282 disciplinae
1175 2224 1252 2282 pars,
1269 2205 1351 2280 quod

275 2313 375 2351 eorum
399 2293 496 2349 officia
519 2311 576 2349 non
605 2311 622 2349 a
649 2311 763 2349 summa
790 2285 855 2367 lege
883 2302 1031 2367 tamquam
1055 2292 1139 2350 initio
1162 2292 1297 2349 oriuntur
1321 2298 1352 2348 et

275 2379 455 2446 derivantur,
479 2395 553 2450 quae
577 2388 685 2434 certam
710 2377 856 2451 quandam
880 2377 998 2435 vivendi
1015 2378 1197 2434 voluntatem
1220 2376 1351 2451 postulet

276 2481 408 2537 eamque,
432 2480 496 2519 curn
520 2462 557 2518 ad
578 2462 754 2536 multiplices
770 2462 848 2518 vitae
871 2462 1000 2519 rationes
1023 2471 1170 2536 tamquam
1195 2462 1349 2518 materiam

276 2548 446 2618 accesserit,
487 2547 515 2602 in
551 2548 639 2603 certis
672 2547 846 2621 quibusdam
880 2548 1045 2605 actionibus
1078 2546 1204 2623 perspici
1237 2545 1350 2613 iubeat,

276 2633 410 2707 quamvis
433 2650 485 2688 eae
509 2631 647 2687 materiae
671 2631 841 2688 diversitate
865 2632 1022 2689 varientur.
1056 2631 1232 2689 Huiusmodi
1256 2630 1351 2689 offici·

275 2736 358 2774 orum
381 2717 523 2792 originem
547 2735 612 2772 cum
636 2716 679 2773 illi
703 2735 740 2773 ex
763 2735 816 2772 sna
838 2716 890 2772 illa
920 2707 1062 2792 ὁμολογίᾳ
1085 2717 1190 2774 elicere
1213 2734 1271 2774 non
1296 2735 1350 2791 po·

275 2803 409 2872 tuissent,
432 2802 511 2858 aliud
535 2800 625 2858 cilicii
647 2801 763 2858 initium
786 2802 939 2858 sumebant
962 2819 979 2857 a
1002 2801 1105 2876 primis
1122 2802 1283 2874 naturae(§
1298 2802 1349 2873 22,

276 2887 330 2955 23,
356 2887 405 2957 59,
428 2887 483 2954 IV,
507 2887 577 2957 47),
605 2887 647 2943 118
669 2886 769 2943 uthis
792 2885 897 2944 officiis
920 2904 957 2942 ex
979 2886 1119 2944 inferiore
1141 2887 1221 2955 loco,
1251 2895 1285 2943 ut
1306 2886 1350 2944 ita

274 2972 383 3040 dicam,
414 2971 602 3046 surgentibus
630 2972 665 3027 da
693 2989 807 3028 summo
835 2971 1015 3028 descendens
1042 2980 1209 3029 occurreret
1231 2971 1351 3029 honesti

273 3057 370 3125 noti0;
393 3075 447 3113 nec
470 3056 555 3131 plene
578 3056 651 3112 haec
673 3056 926 3113 consociabuntur.
972 3057 1077 3130 Itaque
1100 3056 1226 3132 primum
1246 3056 1351 3114 deerat

273 3151 354 3198 certa
381 3159 484 3198 norma
518 3141 679 3215 probabilis
712 3141 792 3198 illius
819 3141 955 3207 rationis,
990 3158 1047 3214 quo
1076 3140 1204 3198 officium
1233 3141 1350 3198 censeri

273 3227 414 3295 debebam
437 3245 495 3300 quo
518 3226 622 3296 fiebat,
646 3235 679 3282 ut
701 3226 847 3283 interdum
870 3225 1041 3282 foedissima
1063 3244 1196 3300 quaeque
1219 3225 1350 3300 sapienti

272 3329 325 3369 suo
349 3310 441 3370 Stoici
469 3311 629 3368 concedere
653 3312 822 3368 viderentur
843 3310 937 3383 (velut
959 3311 1025 3379 illa,
1054 3329 1129 3384 quae
1152 3310 1235 3368 Sext.
1260 3310 1348 3387 Emp.

272 3396 339 3455 adv.
365 3397 457 3453 Math.
480 3396 543 3464 XI,
571 3397 628 3452 190
652 3414 715 3470 sqq.
738 3395 975 3469 commemorat),
1005 3396 1110 3453 deinde
1139 3394 1347 3454 difficillimum

271 3493 335 3538 erat
363 3499 399 3537 ex
428 3481 479 3538 illo
503 3480 597 3557 primo
620 3489 743 3538 naturae
765 3481 899 3556 appetitu
921 3481 1037 3537 initium
1060 3479 1239 3551 officiorum,
1270 3498 1349 3555 quac

271 3564 339 3623 aliis
361 3566 546 3634 deberentur,
570 3566 650 3622 velut
674 3567 746 3634 eins,
770 3566 848 3639 quod
871 3570 885 3635 §
910 3567 948 3622 59
973 3567 1107 3641 ponitur,
1131 3565 1258 3641 depositi
1280 3566 1349 3624 red·

272 3650 369 3721 dandi,
397 3651 541 3726 reperire;
571 3652 683 3725 (itaque
711 3650 769 3707 alio
797 3651 862 3708 loco
891 3669 1007 3708 omnem
1036 3651 1166 3708 institiae
1194 3650 1347 3708 notionem

270 3736 469 3809 actionesque,
487 3754 562 3809 quac
575 3736 643 3792 inde
656 3744 819 3803 orerentur,
838 3735 925 3811 longe
943 3736 1047 3793 melius
1061 3736 1103 3793 sie
1116 3736 1346 3806 constituebant,

271 3821 420 3896 explicata
447 3830 569 3877 naturae
593 3821 636 3888 vi,
667 3830 700 3877 nt
727 3838 745 3876 a
772 3820 875 3895 primis
903 3830 1025 3877 naturae
1054 3840 1112 3879 non
1141 3829 1347 3896 repeterentur

271 3906 417 3962 actionum
446 3906 545 3976 initia,
576 3910 590 3976 1
616 3906 654 3962 62
673 3906 768 3979 sqq.);
797 3914 946 3980 postremo
974 3914 1095 3981 propter
1121 3906 1201 3963 illam
1226 3923 1345 3963 causam

270 3992 451 4067 cogebantur
468 4009 542 4059 earn,
565 4009 641 4063 quae
659 3991 706 4047 bic
723 3991 890 4065 exponitur,
913 3991 1142 4066 disputationem
1160 3998 1263 4048 contra
1275 3991 1345 4048 Ari·

270 4086 398 4144 stonem,
427 4077 478 4150 qui
505 4077 543 4131 ab
571 4076 643 4149 ipsis
671 4085 752 4132 ortus
774 4083 838 4132 erat
860 4084 889 4132 et
912 4076 1091 4146 desciverat,
1120 4075 1283 4150 suscipere,
1311 4086 1345 4133 nt

270 4160 398 4218 officium
422 4160 541 4234 aliquod
564 4160 593 4215 in
617 4161 704 4217 rebus
727 4160 841 4230 mediis,
864 4161 965 4231 idest,
988 4160 1017 4217 in
1036 4180 1135 4218 aarum
1153 4160 1297 4218 electione
1315 4168 1345 4218 et

268 4245 427 4304 reiectione
455 4263 519 4302 esse
546 4244 745 4302 defenderent.
791 4245 835 4303 Ea
857 4255 954 4303 autem
977 4246 1138 4322 disputatio
1156 4264 1255 4321 neque
1278 4265 1345 4322 per·

268 4331 370 4407 spicue
392 4330 548 4388 admodum
573 4349 667 4405 neque
690 4331 773 4388 firma
795 4341 847 4394 est.
871 4333 950 4405 quod
973 4340 1035 4389 tota
1053 4333 1174 4407 ponitur
1191 4332 1221 4388 in
1242 4331 1344 4389 defini·

268 4416 348 4474 tione
364 4415 416 4473 illa
433 4413 533 4486 officii,
556 4434 631 4490 quae
649 4417 714 4490 ipsa
729 4434 789 4474 non
806 4417 1004 4486 confirmatur,
1023 4425 1052 4474 et
1069 4425 1222 4493 praeterea
1239 4434 1343 4493 parum
