3030 5086
352 476 355 483 ·
394 459 436 505 ur
461 459 540 504 nnn.
564 459 626 505 nra.
650 460 661 505 1
684 458 757 505 cnr.
776 463 884 511 ao-ar.
904 461 1037 523 (ro-rt.)
1192 444 1251 509 131

175 633 207 691 et
221 627 423 707 perspicuum
440 635 496 704 est
515 626 591 691 nihil
606 629 648 692 ad
665 627 800 694 iucunde
816 627 983 693 vivendum
1001 628 1133 709 reperiri
1148 646 1254 710 posse,

174 729 258 810 quod
281 728 497 794 coniunctione
518 728 573 793 tali
595 729 638 794 sit
657 729 770 811 aptius.
816 729 991 810 Quibusex
1008 730 1150 796 omnibus
1171 731 1253 796 iudi-

174 831 238 894 cari
260 839 381 910 potest,
403 849 465 895 non
488 832 582 896 modo
605 849 666 896 non
689 831 835 912 impediri
857 832 1011 898 rationem
1033 833 1203 911 amicitiae,
1225 833 1252 897 si

173 951 326 996 summum
350 931 464 997 bonum
487 933 518 996 in
541 931 701 1014 voluptate
717 940 861 1014 ponatur,
884 935 941 998 sed
963 934 1031 999 sine
1051 934 1112 1000 hoc
1127 935 1252 1000 institu-

173 1035 288 1099 tionem
311 1035 435 1098 omnino
458 1034 613 1099 amicitiae
635 1054 698 1100 non
720 1053 813 1116 posse
835 1036 976 1116 reperiri.
1269 1037 1291 1102 ὁ

259 1136 342 1201 XXI.
377 1137 427 1201 71.
462 1139 664 1218 Quapropter
686 1137 713 1202 si
735 1155 781 1215 ea,
804 1156 885 1219 quae
906 1135 979 1217 diri,
1001 1137 1067 1203 sole
1089 1137 1159 1220 ipso
1182 1137 1251 1202 iliu-

174 1239 289 1303 striora
322 1245 353 1303 et
381 1238 515 1303 clariora
544 1246 630 1317 sunt,
664 1239 690 1303 si
725 1239 841 1332 omnia
858 1239 951 1324 [dixi]
979 1240 1094 1306 hausta
1120 1258 1138 1305 e
1166 1238 1252 1306 iente

173 1349 319 1419 naturae,
350 1340 378 1404 si
399 1347 467 1406 tota
489 1341 589 1405 oratio
612 1348 721 1406 nostra
748 1360 870 1407 omnem
898 1342 956 1409 sibi
983 1340 1079 1407 fidem
1106 1340 1251 1407 sensibus

173 1441 344 1520 confirmat,
366 1442 398 1506 id
421 1450 478 1519 est,
500 1442 691 1524 incorruptis
713 1451 809 1525 atque
829 1443 961 1526 integris
984 1442 1131 1523 testibus,
1154 1445 1180 1508 si
1202 1443 1250 1520 in·
1367 1507 1369 1512 .

172 1545 274 1610 fantes
292 1545 391 1627 pueri,
413 1553 518 1609 mutae
535 1545 627 1609 etiam
645 1544 764 1609 bestiae
780 1563 880 1626 paene
895 1545 1076 1627 loquuntur,
1098 1546 1250 1627 magistra
1272 1547 1312 1612 te

172 1665 209 1712 ac
231 1648 311 1711 duce
333 1654 456 1724 natura,
478 1645 555 1710 nihii
577 1657 648 1711 esse
665 1664 854 1728 prosperum
873 1648 933 1711 nisi
949 1648 1151 1729 voluptatem,
1174 1647 1287 1735 nihil,

172 1767 320 1829 asperum
342 1749 402 1813 nisi
425 1748 573 1826 dolorem,
598 1749 638 1813 de
660 1747 774 1829 quibus
796 1767 896 1830 neque
919 1750 1091 1830 depravate
1112 1750 1252 1815 iudicant

172 1869 273 1931 neque
302 1859 463 1931 corrupte,
497 1869 600 1915 nonne
632 1850 661 1915 ei
694 1851 861 1914 marimum
888 1851 1024 1933 gratiam
1052 1852 1167 1917 habere
1194 1853 1249 1917 de·

173 1953 289 2031 bemus,
312 1952 373 2034 qui,
396 1952 455 2017 bac
476 1952 623 2016 exaudita
640 1952 823 2032 quasivero
840 1960 982 2031 naturae,
1004 1954 1049 2018 sic
1070 1972 1139 2018 eam
1160 1952 1250 2019 firme

243 2161 262 2205 l.
290 2155 415 2220 [repperrii
431 2155 464 2221 A]
503 2161 527 2208 2.
550 2157 745 2205 coniunctiooiE
782 2162 806 2210 5.
829 2156 948 2206 amr'ct'tiae
972 2158 1064 2207 omnmo
1083 2157 1248 2209 LPMCROr.

173 2229 194 2272 6.
215 2223 268 2272 dni
283 2222 414 2274 dinumera
433 2233 454 2274 et
472 2224 521 2274 sole
539 2223 676 2273 clarioraL
714 2229 735 2273 7.
755 2224 807 2274 dixi
823 2227 876 2275 sine
890 2227 962 2274 uncis
972 2226 1015 2274 Or.
1054 2234 1075 2274 ⁵⁸.
1097 2225 1246 2292 [macrori']

171 2291 323 2413 sonegium&
336 2293 358 2341 L
404 2298 426 2344 ⁹.
446 2294 569 2358 coufirmat
592 2309 640 2343 om.
660 2294 682 2341 Ε
723 2301 744 2342 et
768 2297 824 2358 (pro
843 2295 965 2358 utquelli
1013 2299 1050 2342 tt.
1073 2294 1133 2344 baec
1151 2295 1249 2346 nmctt

172 2378 200 2409 esc
218 2377 234 2408 a
253 2370 283 2409 rto

170 2536 289 2591 videorne
323 2535 428 2609 (ipsam
463 2534 543 2590 illam
578 2553 654 2604 rem,
694 2553 781 2608 quam
816 2534 880 2591 fieri
916 2553 1002 2610 posse
1036 2536 1248 2612 intellegimus)
1286 2550 1290 2563 ‘

171 2619 269 2676 omnia
302 2619 400 2676 insint.
456 2619 549 2675 Malui
589 2629 687 2676 tamen
727 2620 864 2676 mondum
905 2628 1036 2677 notatum
1070 2621 1247 2695 relinquere.

171 2703 323 2781 [Halmius
345 2724 425 2780 saepe
447 2709 548 2761 euerrire
569 2707 698 2762 videoms.
743 2705 811 2761 Non
839 2704 937 2780 placet
965 2715 1032 2780 post
1046 2708 1112 2779 Jierr'
1133 2707 1247 2764 subiec-

170 2800 231 2846 tum
254 2789 334 2846 aliud
356 2787 504 2865 verbum]

256 2874 329 2950 Cap.
353 2876 447 2932 XXI.
473 2876 523 2932 71.
569 2879 594 2931 si
620 2879 707 2930 omma
734 2870 821 2955 [deiri]
849 2872 962 2951 bansta)
990 2874 1164 2950 Suspectum
1188 2877 1245 2934 Tb.

170 2959 306 3016 Bentleio
329 2970 358 3016 et
377 2960 494 3016 Bremio
513 2962 579 3026 disi,
604 2978 660 3015 non
685 2960 747 3016 sine
770 2978 872 3026 causa;
896 2959 973 3019 Gzio
996 2960 1165 3018 defendenti
1187 2980 1245 3018 non

170 3045 204 3100 de
238 3045 359 3101 auribus
389 3046 521 3120 purgatis
550 3044 704 3101 dicendum
735 3055 813 3113 erat,
847 3045 897 3100 sed
927 3046 1141 3118 quaerendum,
1175 3065 1243 3102 num

169 3130 242 3185 haec
276 3131 350 3186 bane
383 3131 558 3186 sententiam
592 3129 700 3186 babere
734 3139 869 3205 possent:
908 3134 946 3186 ita
979 3133 1051 3194 clici,
1085 3142 1114 3187 nt
1147 3132 1246 3188 bansta

169 3227 254 3271 esseut
276 3235 289 3271 e
304 3218 383 3288 perite
405 3226 535 3285 oriturae,
558 3215 588 3270 id
611 3224 670 3282 est,
694 3218 795 3283 monia,
819 3234 888 3289 quoe
910 3217 982 3283 clici,
1007 3217 1106 3272 hausta
1121 3219 1245 3290 suerum.

169 3300 244 3356 Mihi
272 3300 301 3356 id
330 3300 393 3356 lieri
422 3320 508 3375 posse
537 3318 595 3356 non
619 3300 735 3356 videtur
757 3300 982 3375 necessarioque
1005 3301 1158 3377 coniungi:
1186 3303 1247 3359 dibi

169 3386 280 3446 lausto.
312 3392 345 3441 ut
372 3386 509 3442 audiatur
531 3405 602 3450 esae3
636 3385 718 3459 atqui
740 3385 770 3441 id
793 3385 948 3442 ridiculum
972 3396 1031 3457 est,
1060 3387 1244 3461 Torquatum

168 3471 293 3539 senili,
323 3471 400 3544 quod
425 3471 487 3545 ipse
510 3471 552 3527 ita
574 3489 638 3527 esse
660 3471 778 3528 dixerit.
824 3470 977 3527 Librarius
1000 3472 1137 3541 verbum,
1166 3472 1244 3546 quod

168 3555 269 3611 deesse
293 3555 462 3619 videbatur,
486 3555 648 3631 suppleuitq
679 3575 737 3611 non
760 3557 930 3626 attendens,
952 3567 1013 3612 euru
1036 3557 1183 3631 pertinere
1206 3556 1243 3614 ad

167 3650 323 3714 utrumque
347 3643 519 3697 membrum.

245 3727 403 3803 ἰὀιςήνηιαῖ)
427 3726 492 3784 Οῐη,
517 3726 605 3781 etiam
624 3726 701 3800 Spir.
720 3723 775 3803 [B]
799 3735 829 3782 et
851 3724 931 3784 Gud.
945 3727 978 3796 23
1003 3724 1069 3803 [sed
1092 3737 1172 3784 tenet
1189 3725 1242 3802 A].
1320 3750 1321 3753 ¹

167 3811 286 3867 Terent.
310 3812 383 3868 Hee.
406 3813 460 3869 IV.
486 3813 513 3880 2,
538 3813 571 3868 5:
595 3816 620 3868 ei
641 3814 680 3867 rei
693 3813 815 3883 fioniusti
828 3813 923 3884 fidens.

252 3898 319 3952 nibil
351 3917 408 3953 esse
436 3896 612 3971 prosperum)
640 3897 794 3970 Nusquam
822 3896 908 3954 alibi.
943 3897 1020 3970 quod
1051 3896 1157 3965 sciam,
1191 3906 1244 3952 aut

166 3980 270 4038 Cicero
301 3993 352 4038 aut
380 3983 534 4056 quisquam
564 3981 639 4037 elius
662 4002 825 4056 prosperum
852 3981 942 4052 dixit,
977 3981 1055 4056 qnod
1082 3980 1241 4038 iucundum

166 4078 243 4123 esset
265 4078 294 4122 et
317 4075 432 4142 gratum
457 4077 486 4123 et
509 4068 546 4123 ob
570 4068 644 4122 hanc
668 4085 785 4123 eausam
810 4067 1018 4142 expetendum,
1044 4065 1095 4122 sed
1118 4074 1242 4132 tanturn,

165 4137 243 4224 qu⁰od
273 4151 400 4208 feliciter
430 4153 610 4227 procederet.
661 4152 788 4208 Videtur
816 4150 921 4210 Cicero
950 4152 1055 4208 lusisse
1088 4151 1120 4208 in
1152 4150 1241 4208 simili

165 4255 237 4293 sono
261 4238 343 4293 verbi
366 4258 501 4312 amoenum.

250 4327 298 4396 qui
325 4324 375 4379 boc
403 4325 532 4379 exaudita
553 4322 624 4393 cet.)
649 4321 698 4380 Sic
722 4321 786 4377 Pal.
813 4324 826 4378 1
853 4330 883 4378 et
907 4331 985 4388 „tres
1008 4321 1130 4397 optimi“
1155 4319 1241 4390 Gaii3

1002 4419 1035 4469 9*
