3030 5086
654 484 850 531 sucessum.
1100 421 1102 426 Ι
1219 466 1292 531 LXl

216 653 295 733 (sid.
318 672 385 734 arg.
406 653 501 718 lib.V
525 664 557 719 et
578 661 684 718 annot
705 653 747 719 ad
768 653 807 735 V,
826 658 867 736 1).
913 651 1032 718 Reiecit
1057 658 1161 717 autem
1184 652 1291 718 Cicero

217 779 396 826 sermonem
417 762 448 826 in
469 761 502 825 id
523 770 656 843 tempus,
678 763 763 844 quod
785 779 892 826 eorum
914 759 1057 843 personis
1079 760 1124 824 uti
1146 760 1291 841 malebat,

216 868 275 949 qui
296 869 409 933 mortui
431 868 493 934 iam
515 875 633 948 essene
663 889 700 935 ex
726 869 765 934 iis
792 877 988 950 opportunus
1010 868 1095 933 meus
1118 874 1188 933 erat
1208 868 1291 948 Piso,

217 976 276 1056 qui
304 995 372 1041 cum
400 994 463 1041 uua
489 995 558 1042 cum
581 976 729 1073 Cicerone
751 977 881 1042 Athenis
908 975 1018 1041 ferisset
1045 981 1077 1040 et
1102 975 1204 1056 ipsum
1228 979 1292 1041 hn-

216 1083 372 1163 tiochum,
399 1085 487 1149 cuius
514 1085 686 1150 sententiae
711 1084 741 1148 in
765 1084 844 1149 libro
866 1084 974 1166 quinto
997 1092 1208 1164 exponuntur,
1235 1103 1291 1148 au·

217 1190 329 1271 disset,
351 1199 426 1275 apte
447 1192 650 1258 inducebatur
671 1210 773 1258 sermo
794 1191 846 1256 illo
868 1192 936 1273 ipso
955 1200 1096 1272 tempore
1114 1190 1249 1257 habitus.

308 1301 376 1383 §2
421 1300 560 1381 sumpsit
581 1299 698 1379 Cicero,
721 1319 814 1381 quam
835 1298 884 1364 his
906 1299 994 1364 libris
1017 1299 1199 1381 explicaret,
1222 1318 1290 1364 eam

216 1407 449 1488 quaestionem,
477 1425 539 1489 qua
567 1409 666 1472 omnis
688 1409 788 1474 ethica
810 1407 973 1490 disciplina
995 1406 1225 1485 continebatur,
1254 1409 1293 1472 de

217 1514 448 1580 summobono
470 1523 503 1581 et
522 1515 620 1595 malo,
642 1517 726 1597 quod
748 1515 861 1582 Graeci
883 1511 987 1582 τέλους
1009 1514 1132 1580 nomine
1153 1514 1292 1597 appella·

217 1620 343 1704 bant,¹)
365 1641 427 1687 non
449 1629 552 1689 tamen
574 1629 610 1687 ut
630 1624 698 1704 ipse
720 1641 777 1689 suo
799 1623 922 1706 ingenio
944 1641 1009 1687 rem
1031 1621 1163 1686 arduam
1180 1641 1292 1704 aggre-

220 1729 351 1795 deretur
371 1736 403 1795 et
424 1730 571 1812 expedire
592 1738 758 1796 conaretur
779 1739 835 1795 aut
850 1731 960 1795 saltem
977 1731 1018 1794 ad
1036 1730 1218 1794 sententiam
1232 1730 1293 1797 sibi

220 1835 389 1918 probatam
410 1837 528 1920 aliquid
550 1837 687 1903 adiceret
708 1838 777 1902 novi
799 1838 984 1920 argumenti,
1007 1837 1073 1915 sed,
1096 1837 1181 1918 quod
1198 1856 1294 1902 unum

219 1943 267 2008 illi
282 1945 313 2009 in
329 1943 527 2026 philosophia
542 1945 737 2027 propositum
755 1955 832 2024 erat,
855 1952 898 2026 ut,
917 1945 992 2027 quid
1008 1964 1028 2009 a
1045 1944 1174 2026 singulis
1191 1944 1292 2027 philo·

220 2052 353 2134 sophiae
369 2053 538 2134 discipinis
555 2052 837 2134 diceretur(l,12),
853 2061 1094 2134 persequeretur
1110 2061 1142 2117 et
1158 2053 1293 2134 quodam

220 2160 317 2224 modo
332 2168 538 2242 compararet
567 2161 677 2242 ltaque
694 2160 838 2241 quoniam
856 2160 908 2225 illa
924 2168 1029 2225 aetate
1045 2167 1171 2241 praeter
1183 2178 1295 2224 novam

219 2266 433 2348 Academiam,
451 2287 531 2350 quae
547 2267 663 2332 nullam
680 2267 772 2331 certis
789 2269 921 2333 decretis
939 2268 1192 2349 comprehensam
1210 2285 1294 2331 sum·

219 2391 306 2437 mam
339 2373 486 2440 tradebat
518 2393 674 2458 quamque
706 2377 769 2439 iam
801 2375 1049 2456 languescentem
1079 2393 1135 2439 nec
1162 2374 1296 2439 volatica

222 2479 470 2563 disputationum
487 2483 613 2548 levitate
629 2483 750 2547 animos
766 2485 832 2548 veri
849 2483 979 2563 cupidos
995 2483 1169 2564 explentem
1187 2481 1295 2547 Cicero

220 2592 328 2653 mmen
339 2589 379 2653 ab
390 2589 602 2654 adulescentia
613 2590 790 2655 adamatam
801 2590 937 2667 tenebat,
954 2596 990 2654 ut
1004 2589 1099 2655 libere
1115 2609 1172 2671 per
1189 2607 1296 2653 omnes

221 2693 480 2777 philosophorum
497 2697 675 2778 disciplinas
692 2696 783 2763 flores
801 2682 966 2780 colligeret
983 2698 1064 2761 duae
1080 2705 1202 2763 veteres
1214 2697 1297 2778 vige·

222 2801 304 2867 bant
324 2811 435 2883 secme,
457 2804 611 2885 Epicurea
633 2815 664 2869 et
685 2804 804 2886 Stoica,
826 2805 950 2871 tertiam
973 2803 1144 2869 Antiochus
1167 2804 1296 2869 Ascalo·

225 2910 309 2975 uitas
337 2930 355 2975 e
381 2909 555 2976 Stoicorum
584 2912 717 2977 decretis
744 2919 776 2977 et
797 2911 1074 2993 Peripateticorum
1097 2911 1298 2976 Academico·

224 3036 358 3100 rumque
373 3018 570 3099 superiorum
581 3019 741 3084 sententiis
753 3020 938 3101 quibusdam
956 3029 987 3084 et
998 3019 1100 3085 verbis
1112 3018 1170 3082 sub
1183 3019 1297 3083 veteris

232 3207 455 3215 -——-—-——

255 3334 279 3394 ¹)
299 3334 477 3397 Reprehensos
497 3339 535 3383 est
554 3335 644 3383 Cicero
662 3348 676 3383 a
695 3333 741 3382 lui.
753 3335 863 3383 Caesare
878 3333 1007 3395 scaligero
1027 3334 1066 3388 ide
1081 3333 1172 3382 Subtil.
1189 3333 1296 3382 hiereit.

297 3417 368 3471 cett
387 3423 411 3467 et
431 3418 526 3467 liureto
545 3418 626 3478 (Vari.
645 3418 725 3468 Lecti.
744 3417 821 3477 llVll,
842 3419 880 3479 l),
901 3418 967 3482 qnod
989 3417 1054 3467 lines
1073 3420 1149 3467 etiam
1170 3417 1297 3467 malorum

298 3503 419 3560 dixisset,
441 3516 501 3552 cum
525 3507 550 3552 ln
576 3507 681 3552 nornine
703 3504 749 3553 roi
771 3498 863 3566 τέλους
887 3502 1077 3565 significaretur
1094 3499 1135 3561 ro,
1161 3486 1195 3552 οὗ
1213 3495 1298 3554 ἕνεκα.

299 3595 325 3636 ut
349 3590 380 3636 de
403 3588 466 3637 solis
490 3587 565 3636 bonis
590 3588 731 3646 diceretur,
756 3588 879 3638 defensus
897 3602 911 3637 a
931 3587 1041 3637 llavlsio.
1078 3588 1155 3637 Recte
1173 3594 1298 3645 statnnnt,

297 3670 371 3734 τέλος
389 3675 463 3721 initio
482 3675 519 3720 sic
537 3675 650 3734 positum
670 3687 683 3721 a
703 3673 871 3736 philosophis,
891 3680 919 3721 ut
938 3673 962 3721 id
982 3671 1183 3734 significaretur,
1202 3676 1228 3723 in
1248 3687 1299 3736 quo

299 3767 410 3807 extremo
434 3759 586 3806 consisteret
611 3770 705 3806 causae
729 3765 753 3806 et
776 3759 876 3807 consilii
903 3760 1045 3821 exquisitio.
1087 3757 1174 3820 ltaque
1197 3761 1298 3820 proprie

298 3843 329 3891 de
348 3843 423 3891 honis
443 3842 536 3891 dieitur
554 3844 758 3906 saepissimeque
782 3845 885 3905 ponitur
909 3856 960 3892 non
984 3843 1070 3892 addito
1088 3836 1212 3910 ἀγαθόν.
1249 3841 1297 3891 Sed

298 3935 382 3977 tamen
407 3931 520 3984 sensim,
547 3933 643 3977 retenta
666 3934 766 3976 tantum
792 3928 875 3976 ultimi
901 3934 923 3976 et
947 3931 1016 3986 eius,
1043 3929 1109 3991 quod
1134 3939 1298 3989 progressum

298 4016 453 4070 terminaret,
473 4012 669 4075 significatione,
688 4013 835 4062 traductum
851 4018 888 4061 est
908 4013 1029 4061 etiamad
1047 4013 1079 4070 id,
1099 4013 1166 4074 quod
1184 4015 1209 4060 in
1227 4024 1299 4060 com·

298 4101 428 4159 paratione
448 4111 552 4146 summo
571 4098 639 4147 hono
658 4101 815 4147 eontrarium
835 4104 901 4146 esset
920 4096 1005 4161 (head.
1026 4097 1059 4155 ll,
1080 4096 1152 4154 132),
1171 4103 1247 4159 atque
1266 4099 1299 4145 lta

300 4188 322 4231 et
341 4197 355 4230 a
374 4184 477 4232 Graecis
497 4184 626 4232 interdum
646 4186 758 4246 positum
778 4184 878 4232 ridetur
897 4183 970 4244 (apud
990 4182 1131 4245 Diogenem
1152 4182 1232 4231 baert.
1249 4180 1299 4238 Vll,

298 4264 330 4318 97
349 4265 435 4316 τελικά
454 4264 528 4321 nandi
552 4267 683 4317 et‘lratine
706 4271 783 4316 ettam
803 4267 911 4315 sortasse
934 4282 947 4315 a
967 4268 1091 4326 varrone,
1117 4269 1161 4330 qul
1184 4267 1299 4324 eosdem,

299 4366 363 4415 qnos
382 4355 480 4412 Cicero,
499 4359 605 4402 secutus
624 4359 669 4410 est,
689 4355 710 4401 si
730 4366 743 4400 a
760 4352 872 4401 Varrone
891 4352 940 4401 hoe
959 4356 1071 4416 sumpsit
1089 4354 1249 4414 Augustinus
1268 4352 1300 4400 de

300 4438 353 4488 Cir.
375 4437 418 4487 liei
437 4437 498 4496 lllll,
519 4439 541 4489 l.
