3030 5086
284 480 349 546 240
676 498 721 544 ns
744 498 875 545 nmmos
898 498 969 545 sou.

285 686 355 732 esse
377 666 529 748 potuerim
560 665 722 744 gaudebit3
752 665 966 746 deprehensus
990 685 1110 730 omnem
1133 684 1266 745 poenam
1289 682 1366 728 cou-

285 774 410 833 temnet.
463 768 533 831 Erit
559 768 640 832 enim
669 768 841 832 instructus
869 768 912 832 ad
940 775 1068 831 mortem
1097 768 1366 843 contemnendam,

287 871 328 934 sd
353 871 491 948 exilium,
521 869 562 933 ed
590 870 692 950 ipsum
720 870 812 933 etiam
836 870 984 934 dolorem.
1030 873 1129 949 Quem
1153 869 1276 949 quidem
1299 886 1366 947 voe,

286 991 354 1036 cum
377 971 528 1053 improbis
550 990 681 1052 poenam
705 971 893 1052 proponitis,
925 971 1126 1052 impetibilem
1150 971 1263 1050 facitis,
1293 989 1365 1034 cum

246 1073 458 1155 bsapientem
481 1092 604 1154 semper
626 1073 699 1137 boni
720 1073 791 1154 plus
813 1072 928 1138 hebere
950 1074 1053 1151 vultis
1076 1072 1277 1137 tolerabilem.

361 1251 380 1297 1,
399 1244 560 1292 conterum'tL
597 1249 618 1292 3,
639 1244 750 1307 paratu
787 1250 809 1290 4.
829 1242 978 1307 impatibilem
998 1241 1138 1292 LMCROr.
1177 1247 1199 1292 5.
1218 1241 1337 1291 rrrultisE

286 1403 345 1440 cum
367 1403 461 1451 carisa,
484 1383 540 1438 hoc
563 1392 616 1451 est,
640 1401 696 1437 non
721 1383 784 1439 sine
808 1400 895 1439 causa
918 1384 961 1455 (II
980 1382 1014 1438 de
1033 1382 1116 1439 Orat.
1136 1383 1206 1451 247,
1229 1382 1259 1438 in
1279 1383 1365 1440 Verr.

287 1469 311 1537 l,
327 1470 375 1535 21,
388 1469 424 1525 ad
438 1468 494 1541 Qu.
507 1469 555 1524 Fr.
569 1468 593 1536 l,
608 1469 635 1536 2,
646 1470 677 1540 6)
695 1468 900 1524 dimicaturum
919 1468 1080 1542 sapientem
1092 1467 1280 1542 Epicureum.
1298 1486 1366 1542 per·

228 1542 231 1547 ’
288 1572 404 1610 versum
428 1564 486 1620 est3
510 1571 578 1621 nec,
602 1571 666 1609 cum
691 1571 780 1609 causa
802 1572 838 1608 on
863 1553 925 1609 sine
949 1571 1051 1621 cause,
1076 1553 1127 1608 sed
1150 1552 1220 1626 quid
1244 1553 1366 1609 omnino

288 1649 408 1714 paratos
431 1639 470 1695 sit
491 1637 597 1701 facere,
621 1639 781 1711 quaeritur.
818 1638 895 1713 Nam
919 1638 1000 1706 Otto,
1025 1638 1074 1711 qui
1097 1656 1156 1694 cum
1179 1657 1263 1695 causa
1286 1639 1366 1694 dimi·

287 1744 350 1781 care
372 1731 454 1798 putat
478 1742 556 1779 esse:
584 1725 631 1779 ruit
653 1727 732 1778 ciuem
754 1724 941 1795 pericdtliclren
972 1724 1120 1796 Vcrsolrreu
1148 1723 1251 1779 dudem
1274 1723 1366 1796 (quod

288 1809 357 1884 qnid
387 1809 440 1876 sit,
474 1827 531 1864 non
561 1809 654 1883 magis
677 1809 872 1882 intellegitur3
906 1809 1005 1882 itaque
1029 1815 1161 1864 enarret:
1195 1811 1221 1864 iu
1244 1809 1366 1880 iudicio),

288 1894 466 1951 refutatione
489 1894 626 1968 indignus
649 1903 706 1962 est,
742 1894 924 1967 qui-neque,
958 1894 1028 1967 quid
1051 1912 1111 1949 cum
1132 1911 1230 1962 ceusu,
1259 1911 1367 1968 neque,

289 1979 360 2053 quid
383 1981 509 2035 dimicare
532 1979 578 2048 sit,
602 1978 688 2034 norit.
721 1980 767 2035 Ex
790 1979 963 2053 compendio
987 1977 1068 2035 vocis
1090 1998 1150 2034 cum
1167 1978 1238 2048 (vid.
1258 1978 1295 2034 ad
1314 1979 1366 2048 53,

289 2064 341 2121 cfr.
366 2064 448 2122 Leid.
473 2065 510 2130 V,
535 2064 587 2137 35)
611 2072 710 2119 netrun
736 2064 852 2119 videtur
873 2067 964 2132 animi.
987 2063 1065 2137 qnod
1089 2073 1154 2138 post
1177 2064 1253 2120 alios
1271 2062 1368 2121 Gzius

289 2149 390 2219 edidit,
414 2149 615 2205 confirmatum
639 2168 656 2205 a
680 2169 736 2224 mg.
762 2148 842 2206 Crat.
866 2159 896 2204 et
917 2149 1081 2218 cod.Vict.,
1105 2150 1173 2206 Bos.
1199 2157 1228 2205 et
1251 2147 1364 2207 Gudl

289 2233 495 2311 [dissentiente
518 2235 547 2290 A
577 2244 605 2289 et
634 2251 699 2289 cum
723 2234 784 2291 Erl.
807 2232 857 2310 B],
887 2234 1037 2291 defensum
1067 2253 1085 2290 e
1108 2233 1285 2305 Matthiaeo,
1315 2232 1368 2308 qui

290 2327 373 2395 putat
397 2338 460 2375 esse
483 2321 626 2394 volzrptutis
648 2338 741 2375 causo.
786 2318 879 2393 Atqui
908 2323 991 2375 animi
1016 2338 1115 2388 caereo,
1144 2319 1222 2393 quod
1251 2319 1368 2393 pridem

290 2406 366 2462 Dav.
390 2405 503 2472 docuit,
533 2405 557 2459 is
585 2404 696 2478 aliquid
724 2403 821 2461 facere
844 2404 965 2472 dicitur,
994 2405 1043 2478 qui
1072 2404 1153 2460 nulls
1181 2404 1368 2463 necessitate.

289 2490 430 2565 temporis
453 2489 574 2545 fallendi
598 2500 625 2545 et
649 2490 733 2563 quasi
753 2491 834 2546 lusus
851 2508 940 2545 cause
957 2489 1068 2563 aliquid
1086 2489 1158 2546 facit
1174 2489 1257 2561 (einer
1268 2491 1370 2546 Laune

289 2594 386 2648 cueqeu,
410 2595 470 2630 zerra
493 2575 692 2647 Zeitvertrcib),
723 2576 801 2648 quod
824 2575 861 2630 ab
885 2594 934 2644 eo,
964 2575 1014 2649 qui
1038 2593 1143 2650 magno
1167 2574 1369 2631 emolumento

289 2670 452 2716 commotus
475 2660 606 2734 pericula
628 2660 691 2715 adit
712 2661 892 2735 voluptatem
918 2670 1034 2736 petens,
1059 2659 1285 2716 remotissimum
1311 2669 1368 2717 est.

290 2747 366 2801 'lum
390 2746 480 2801 verba
508 2749 533 2801 si
560 2765 626 2819 opus
654 2748 703 2800 erit
731 2746 895 2802 declarant.
925 2745 1003 2818 quod
1026 2745 1098 2802 Otto
1121 2745 1226 2814 sensit,
1255 2745 1369 2802 dictum

290 2830 401 2904 aliquid
424 2848 502 2897 esse,
534 2830 611 2903 quod
639 2831 675 2886 ad
704 2831 934 2905 magnitudinem
963 2830 1160 2886 dimicationis
1187 2830 1368 2905 pertineret3

290 2917 327 2972 nd
351 2915 459 2972 nudum
477 2915 550 2971 illud
567 2917 703 2971 cliruicubit
720 2915 823 2972 referri
842 2934 898 2971 non
917 2925 1049 2990 possunt,
1068 2915 1145 2989 quod
1162 2915 1258 2990 ipsum
1279 2915 1370 2972 nimis

289 3001 402 3057 infinite
426 3001 558 3076 ponitur,
587 3019 644 3056 non
669 3001 832 3076 significato
855 3001 1024 3057 certaminis
1051 3019 1167 3077 genere.
1212 3001 1371 3057 Accedunt

291 3086 440 3160 proxima,
470 3105 545 3160 quae
569 3105 626 3142 non
650 3086 866 3142 dimicationem
891 3086 1019 3160 aliquam
1044 3085 1162 3142 omnino
1185 3086 1368 3142 nominatum

290 3170 456 3238 ostendunt,
480 3171 530 3226 sed
553 3171 582 3226 in
606 3187 664 3244 qno
686 3170 800 3227 facinus
824 3171 863 3227 sit
885 3181 913 3228 et
936 3189 1048 3246 poenue
1071 3171 1167 3228 timor.
1202 3171 1307 3246 Itaque
1330 3189 1369 3227 ne

291 3256 362 3311 illud
391 3256 508 3328 quidem
532 3267 642 3312 rectum
666 3257 733 3325 erit,
764 3256 788 3312 si
817 3257 882 3330 quis
910 3264 978 3331 post
1004 3276 1064 3312 cum
1090 3256 1227 3312 immanis
1254 3256 1369 3312 bestiae

291 3360 396 3396 nomen
425 3341 553 3415 positum
576 3342 695 3416 putarit.
742 3341 816 3397 Mihi
840 3340 944 3399 Cicero
973 3341 1126 3416 scripsisse
1149 3341 1279 3398 ridetur:
1306 3360 1369 3398 cura

290 3428 375 3482 arnico
397 3424 471 3502 [cum
493 3424 629 3503 amc'cu?],
657 3429 683 3482 si
708 3447 775 3500 opus
798 3429 859 3488 erit,
888 3427 1037 3495 diruicadit3
1067 3434 1096 3482 et
1123 3435 1195 3501 puto
1218 3435 1286 3502 post
1307 3444 1369 3483 ctum

290 3511 440 3567 obscurari
470 3511 600 3585 potuisse
628 3511 819 3568 similitudine
847 3512 984 3567 ductuum
1015 3511 1127 3587 priores
1150 3511 1231 3568 vocis
1252 3511 1370 3568 litteras

291 3607 373 3652 etex
392 3596 513 3669 reliquis
530 3595 607 3652 effici
626 3596 829 3672 compendium
844 3597 924 3652 vocis
942 3616 1025 3653 carisa
1038 3593 1106 3668 (cri).
1135 3596 1249 3653 Vellem
1268 3607 1368 3653 tamen

290 3681 412 3757 propius
435 3682 471 3737 ad
495 3681 578 3736 codd.
596 3682 766 3738 coniectura
787 3683 948 3738 accederet.
982 3679 1037 3762 [M.
1051 3682 1199 3757 Hauptius
1212 3681 1283 3754 (ind.
1297 3682 1367 3740 lect.

289 3767 388 3823 Berol.
403 3767 461 3822 bib.
479 3768 571 3840 1867)
584 3767 671 3823 scribi
691 3768 754 3823 rult
771 3787 830 3824 cum
844 3769 970 3835 diedesa,
994 3768 1089 3836 nimis,
1114 3767 1227 3842 opinor,
1251 3767 1370 3842 poetica

290 3852 431 3927 imagine3
450 3871 503 3907 nec
521 3853 550 3908 in
568 3872 603 3908 ea
615 3852 802 3908 dimicatione
819 3851 934 3909 facinus
951 3863 1014 3909 erat
1032 3853 1246 3909 occultandum.
1280 3852 1369 3925 Quod

291 3956 384 4012 nuper
403 3937 469 4004 fuit,
493 3938 543 4011 qui
566 3938 654 3994 scribi
679 3938 768 3994 vellet
790 3940 934 4013 decapite.
959 3939 1059 4014 inepta
1082 3956 1202 4012 prorsus
1226 3948 1270 3994 est
1292 3937 1369 3994 iudi-

289 4023 374 4078 cialis
397 4023 529 4097 periculi.
553 4023 580 4078 in
605 4042 663 4097 quo
686 4023 798 4079 nullum
823 4035 886 4080 erat
907 4022 1031 4095 facinus,
1056 4018 1256 4102 significatio]
1295 4022 1369 4080 Mox

286 4110 406 4183 potuerit
429 4109 557 4165 futurum
582 4117 716 4164 exactum
741 4119 794 4175 est,
818 4127 854 4164 ne
877 4109 943 4183 quis
966 4128 1031 4165 cnm
1045 4110 1100 4165 Th.
1115 4108 1250 4165 Bentleio
1270 4111 1370 4183 poterit

291 4195 431 4268 requirat,
456 4194 673 4250 coniunctirum
697 4194 848 4251 damnans.
892 4193 942 4271 [Si
962 4215 1029 4270 oprm
1052 4197 1101 4251 em't
1125 4191 1260 4270 numu]

377 4281 426 4335 57.
454 4281 633 4356 impetibilem)
657 4280 798 4335 Patr'bilem
821 4280 950 4336 dolorem
975 4279 1080 4338 Cicero
1103 4279 1177 4336 dixit
1201 4279 1289 4336 Tusc.
1312 4278 1369 4349 IV,

293 4366 347 4433 51;
376 4365 435 4421 alio
464 4365 549 4422 modo
573 4374 706 4421 naturam
731 4366 883 4439 patibilem
908 4366 945 4422 N.
968 4366 1007 4422 D.
1031 4366 1094 4426 Ill,
1120 4365 1174 4433 29,
1203 4382 1278 4439 quae
1306 4364 1370 4439 pati

291 4451 393 4525 possit.
440 4451 561 4508 Vocaiis
589 4451 712 4507 mutatio
741 4451 795 4507 etsi
824 4469 881 4507 non
910 4451 943 4508 m
970 4451 1000 4507 in
1028 4453 1192 4526 impatiens,
1212 4458 1309 4506 tamen
1339 4457 1371 4506 et
