3030 5086
599 498 775 546 exeussus
798 499 852 546 vn.
1201 483 1263 547 847

188 670 398 746 appellationis
414 669 515 727 falsa
507 671 750 768 interpretatione
767 671 845 745 apud
863 671 1050 747 posteriores,
1071 690 1136 728 curn
1155 673 1265 746 scripta

189 757 333 830 quaedam
357 756 546 854 significari'
534 757 632 854 ‘ipsius
653 756 825 813 Aristotelis
847 767 1030 849 putarentur,
1054 756 1142 814 facile
1165 769 1264 815 autem

188 853 358 915 appareret
392 841 435 898 sic
462 841 607 897 nominari
634 830 705 904 τοὺς
733 832 920 937 Ιε’]ξοντερικούς
947 829 1070 917 λόγους,
1105 855 1137 899 ut
1169 843 1199 899 in
1228 843 1265 901 iis

188 925 269 982 nulla
291 927 428 983 subtilior
449 944 546 982 rerum
570 924 760 1001 pertractatio
783 937 955 1000 poneretur,
984 926 1090 983 divisio
1114 939 1177 984 tota
1200 941 1267 986 orta

188 1020 240 1067 est
285 1011 324 1068 Et
351 1011 465 1067 adiuvit
492 1029 620 1067 errorem
645 1029 751 1086 magna
772 1011 948 1085 scriptorum
971 1012 1145 1070 Aristotelis
1168 1015 1265 1070 diver·

187 1097 269 1166 sitas,
293 1108 353 1152 tum
377 1095 584 1194 difliciliqrum,
608 1106 638 1152 et
659 1096 710 1169 qui
733 1114 876 1152 summam
896 1095 1114 1171 philosophiam
1133 1098 1265 1155 contine·

187 1191 261 1241 rent
284 1180 391 1238 raritas
413 1181 475 1237 sive
498 1180 563 1255 ipso
586 1191 699 1237 tantum
723 1199 823 1238 eorum
846 1199 953 1255 genere
970 1179 1118 1238 effecta
1094 1202 1157 1240 sive
1175 1184 1264 1240 etiam

187 1266 304 1323 casibus
327 1266 502 1365 quibusdam
524 1277 625 1335 aucta3
656 1284 751 1340 neque
780 1265 855 1321 enim
880 1279 991 1323 certum
1015 1280 1075 1338 est,
1105 1268 1179 1325 nihil
1202 1288 1263 1325 om·

188 1351 257 1408 uino
280 1351 413 1408 veritatis
438 1351 591 1409 Strabonis
613 1351 776 1408 narrationi
799 1351 928 1410 subesse.
975 1352 1023 1409 Ita
1051 1362 1080 1409 et
1108 1337 1264 1429 ἑξωτερικοί

186 1436 296 1512 scripta
328 1437 366 1494 ab
399 1435 466 1493 aliis
492 1437 721 1493 Aristotelem
712 1455 809 1534 ipsum
838 1437 1014 1495 discrevisse
1042 1438 1200 1513 putabant,
1234 1450 1264 1494 et

186 1538 252 1577 cum
274 1539 392 1579 causam
416 1520 570 1578 divisionis
593 1532 623 1577 et
645 1521 772 1578 nominis
795 1533 979 1595 quaererent,
1003 1523 1076 1578 haec
1098 1521 1187 1580 sole
1178 1522 1265 1579 mitio

186 1605 335 1664 hominum
360 1606 478 1664 lectioni
497 1607 641 1682 permissa
656 1607 815 1682 fingebant,
839 1621 996 1680 sequentes
1013 1608 1100 1664 etiarn
1120 1627 1164 1676 ea,
1188 1625 1263 1681 quae

186 1691 222 1748 de
244 1692 432 1768 Pythagorae
455 1690 611 1765 disciplina
637 1710 746 1749 arcana
769 1691 968 1749 tradebantur.
1013 1691 1140 1765 Quinam
1164 1703 1261 1749 autem

184 1776 253 1833 libri
282 1769 450 1851 ε’ξωτερικοί
474 1787 586 1847 essent,
620 1776 702 1834 nulla
729 1788 810 1833 certa
838 1789 908 1834 nota
935 1778 1087 1835 definitum
1117 1789 1180 1835 erat
1208 1794 1263 1834 nec

186 1861 300 1918 deliniri
328 1870 458 1935 poterat·
487 1871 599 1918 tantum
629 1862 802 1937 popularius
830 1881 880 1919 eos
908 1863 1034 1938 scriptos
1062 1875 1092 1920 et
1118 1863 1155 1919 ad
1185 1881 1263 1919 com·

185 1965 302 2003 munem
326 1904 476 2003 hominffin
500 1958 617 2022 captum
641 1948 921 2005 accommodatiores
944 1966 1031 2022 quam
1055 1958 1169 2005 ceteros
1188 1966 1263 2013 esse,

185 2032 382 2095 statuebatur;
412 2031 511 2105 itaque
540 2032 613 2088 nihil
643 2033 747 2089 mirum
771 2044 830 2099 est,
861 2033 889 2089 in
919 2033 974 2089 hac
996 2052 1028 2089 re
1051 2033 1160 2089 variari
1183 2033 1263 2107 apud

184 2117 352 2191 scriptores.
397 2116 551 2191 Epistulae
581 2117 650 2173 illae
679 2119 753 2174 dnae
776 2118 942 2175 Alexandri
965 2131 996 2175 et
1016 2118 1190 2175 Aristotelis
1212 2137 1263 2174 ve·

184 2202 301 2258 rissime
324 2201 442 2275 spuriae
465 2202 612 2258 iudicatae
635 2214 712 2258 sunt.

269 2286 415 2360 Quoniam
439 2286 556 2362 saepius
578 2288 608 2343 in
632 2287 687 2343 hac
709 2287 906 2361 disputat-iona
924 2288 1066 2345 Antiochi
1089 2288 1199 2345 mentio
1217 2286 1262 2344 fa·

183 2372 287 2430 cienda
320 2385 384 2429 erat
416 2372 499 2447 isque
532 2372 563 2430 in
592 2373 648 2430 hoc
675 2372 711 2429 de
740 2373 846 2428 linibus
875 2392 963 2447 opera
991 2373 1076 2447 quasi
1104 2374 1134 2430 in
1164 2372 1260 2429 locum

183 2459 366 2516 Aristotelis.
378 2460 529 2528 successit,
552 2459 659 2515 eddam
682 2458 738 2515 hoc
756 2469 888 2514 extremo
905 2458 979 2528 loco,
1002 2458 1032 2514 in
1052 2478 1086 2514 ea
1104 2459 1260 2527 sententia,

184 2561 271 2616 quam
295 2545 332 2599 ad
355 2543 411 2609 III,
436 2547 473 2599 41
500 2554 529 2599 et
550 2543 588 2600 ad
612 2544 650 2609 V,
664 2544 703 2600 34
727 2544 900 2618 significavi,
923 2544 960 2599 ab
984 2544 1085 2600 eodem
1112 2544 1263 2600 Antiocho

184 2637 302 2703 sumpta
329 2647 406 2692 esse,
438 2645 513 2701 quae
541 2628 619 2703 apud
643 2629 784 2685 Ioannem
809 2630 1019 2686 Stobaeensem
1047 2630 1077 2685 in
1107 2629 1169 2685 Ecl.
1193 2629 1261 2685 Eth.

184 2711 251 2769 inde
273 2733 292 2769 a
314 2734 341 2788 p.
355 2714 416 2768 242
440 2713 580 2769 Heerenii
604 2733 657 2788 pro
679 2713 887 2787 Peripateticis
910 2714 1063 2788 leguntur,
1094 2713 1261 2770 confirmari

185 2816 230 2853 me
258 2817 316 2854 non
344 2798 438 2854 solum
468 2817 582 2854 summa
609 2799 741 2855 locorum
769 2798 883 2871 aliquot
905 2816 970 2854 eum
995 2798 1047 2865 iis,
1078 2817 1154 2871 quae
1182 2799 1261 2873 apud

185 2881 356 2940 Ciceronem
380 2884 417 2938 ab
440 2883 589 2940 Antiocho
612 2883 701 2940 ducta
723 2896 888 2959 ponuntur,
912 2882 1121 2943 similitudine.
1145 2884 1180 2938 de
1204 2902 1264 2956 qua

184 2969 307 3041 exposui
330 2969 367 3023 ad
390 2969 428 3042 V,
448 2968 498 3037 34,
518 2968 567 3037 36,
588 2969 636 3035 37,
657 2970 707 3038 46,
730 2988 832 3024 verum
856 2967 946 3024 etiam
970 2987 1015 3035 eo,
1038 2968 1116 3042 quod
1140 2969 1169 3024 in
1193 2968 1261 3027 illis.

184 3071 258 3126 quae
281 3054 359 3128 apud
384 3053 594 3111 Stobaeensem
619 3054 769 3129 leguntur.
793 3054 880 3128 plura
902 3052 1035 3109 admixta
1058 3063 1127 3110 sunt
1150 3054 1261 3122 Stoica,

184 3137 265 3194 velut
287 3158 362 3212 quae
392 3157 420 3212 p.
441 3139 502 3194 250
532 3138 568 3194 de
597 3131 697 3212 ἐκλογῇ
725 3151 755 3195 et
782 3133 928 3213 ἀπεκλογῇ
957 3138 1103 3194 dicuntur.
1150 3139 1262 3195 Eadem

183 3223 259 3278 ratio
282 3238 326 3280 est
349 3242 459 3287 eorum,
482 3242 557 3296 quae
581 3244 608 3298 p
623 3224 684 3278 250
697 3242 759 3296 sqq
777 3223 874 3299 posita
896 3240 962 3280 cum
981 3222 1133 3281 Ciceronis
1151 3224 1201 3280 lib.
1214 3224 1262 3281 111

183 3308 256 3379 §.62
279 3319 309 3364 et
327 3309 365 3365 65
389 3308 573 3382 conrparavi3
598 3306 835 3365 manifestissime
858 3318 956 3400 autem
981 3328 996 3364 e
1021 3309 1186 3366 Stoicorum
1211 3310 1259 3367 de-

183 3394 271 3448 cretis
290 3393 377 3449 ducta
400 3405 476 3458 sunt,
496 3411 571 3468 quae
591 3412 618 3467 p.
633 3395 693 3449 266
713 3394 876 3458 traduntur,
897 3382 949 3458 καὶ
969 3395 1033 3458 τοῖς
1050 3409 1172 3487 σοφοις
1175 3381 1260 3448 eolo·

183 3495 233 3551 yos
256 3469 435 3551 iiaymyip'
421 3495 450 3532 su
472 3475 526 3533 τοῦ
550 3472 600 3551 ζῆν
624 3480 817 3554 θεωρεῖσθαι,
841 3466 888 3532 καὶ
911 3480 974 3542 τοί,ι
993 3461 1123 3549 quitor,
1140 3465 1262 3551 εὔλογον

183 3577 212 3615 εν
233 3557 275 3632 rui
298 3555 347 3635 ζῆν
370 3546 462 3636 μονήν
481 3573 510 3618 et
525 3563 650 3636 relique.
674 3582 749 3636 quae
766 3563 867 3618 eodem
886 3563 973 3636 plane
992 3561 1079 3618 modo
1098 3560 1261 3635 iisdemque

182 3645 349 3702 nominibus
372 3664 390 3701 a
413 3645 521 3704 Stoicis
543 3648 680 3722 exposita
703 3647 829 3704 vidimus
852 3647 929 3721 apud
950 3646 1123 3705 Ciceronem
1143 3647 1202 3716 ΙΙΙ,
1221 3648 1261 3704 60

249 3890 332 3933 catur,
356 3890 381 3928 et
400 3895 459 3929 usus
478 3881 605 3944 loquendi
642 3877 992 3961 Nequeenimag‘nrrpcndv
1014 3880 1206 3945 personatui
1225 3900 1262 3952 μη

249 3943 360 4017 ι’ὂηκριβ
361 3944 473 4000 arrienos
491 3951 535 3998 sad
554 3951 622 4012 quod
641 3964 698 3997 cum
717 3951 756 4007 iis,
775 3964 840 4012 quae
858 3962 931 3997 extra
948 3959 1015 4007 sunt,
1035 3949 1200 3998 coniunctum
1215 3960 1260 3999 est

248 3986 316 4065 hiira
334 4026 358 4064 et
375 4010 510 4081 multiplex
528 4028 567 4067 est
584 4019 678 4067 Stnhrii
698 4019 884 4081 interpretatio,
910 4018 954 4097 qui
976 4033 991 4065 a
1010 4017 1120 4067 Weiaaio
1139 4027 1193 4076 taut
1215 4033 1262 4081 po·

249 4087 298 4134 tius
323 4086 478 4145 Riccobono)
500 4088 626 4151 quaedam
649 4096 779 4135 mutuatus
807 4087 914 4150 primum
936 4081 1014 4166 ἐξφτ.
1039 4083 1138 4154 λόγους
1162 4095 1261 4134 tantum

249 4155 314 4202 alia
325 4156 419 4219 scripta
442 4165 518 4219 atque
541 4156 580 4209 id.
603 4157 672 4219 quod
695 4170 763 4204 nnnc
786 4155 898 4216 legatur,
922 4155 1059 4215 significari
1084 4165 1157 4218 putat
1181 4156 1261 4219 (qnod

247 4223 316 4271 verbi
334 4224 372 4272 ris
390 4224 493 4272 omnino
511 4222 602 4289 vetat).
627 4225 718 4273 deinde
739 4223 834 4287 scripta
857 4225 889 4271 ad
913 4232 1006 4271 certam
1032 4224 1161 4286 quandam
1181 4232 1260 4272 mate·

249 4291 312 4338 riam
339 4292 440 4356 proprie
466 4308 517 4341 non
541 4294 706 4356 pertinentia.
735 4302 861 4356 postremo
889 4293 931 4350 tud
954 4293 1085 4354 vulgarem
1109 4293 1260 4341 sententiam

248 4361 374 4421 relabens)
392 4362 487 4424 scripta
504 4363 639 4426 popularia
658 4373 682 4410 et
699 4363 732 4410 ad
751 4363 833 4425 ipsum
853 4361 1003 4425 disciplinae
1021 4361 1184 4425 complexum
1208 4375 1260 4410 nou

248 4428 408 4491 pertinentia.
