3030 5086
435 483 479 530 ar
502 483 583 530 usn.
605 483 668 530 nra.
692 484 726 530 rv
748 483 821 531 car.
842 486 951 532 ae-ea.
967 483 1100 547 (st-se.)
1240 465 1304 532 575

232 653 351 727 dicant,
380 671 437 718 nec
463 653 536 734 quia
558 653 672 717 bonum
694 653 735 718 sit
756 653 875 733 valere,
902 653 959 718 sed
986 653 1059 734 quia
1082 653 1124 718 sit
1144 652 1302 719 nonnihilo

231 755 471 834 aestimandum
501 755 614 836 (neque
641 761 744 820 tamen
772 754 871 836 pluris
897 754 956 820 illis
978 754 1117 834 videtur,
1146 755 1199 838 qui
1226 755 1302 820 illud

231 876 293 923 non
315 857 461 923 dubitant
478 857 592 922 bonum
609 858 740 938 dicere;)
762 856 820 922 boc
836 876 911 922 vero
928 862 959 923 te
976 856 1058 922 ferre
1075 876 1136 921 non
1153 856 1302 939 potuisse,

303 1099 323 1146 1.
342 1095 463 1159 nunquia
482 1095 548 1147 COr.
583 1096 613 1144 sit
632 1094 753 1146 bonomo
800 1100 821 1145 2.
837 1093 920 1161 plures
938 1094 1031 1147 EPCR
1065 1111 1135 1160 quem
1154 1103 1212 1161 post
1225 1093 1303 1161 plurr'a

230 1165 288 1215 add.
308 1179 402 1221 omnes,
423 1165 466 1215 Or.
503 1164 540 1213 illi
555 1163 664 1214 videntur
682 1163 772 1215 LI‘CR
797 1232 799 1237 ι
1348 1195 1351 1199 -

313 1390 397 1446 nequa
423 1381 510 1429 tamen
532 1374 623 1447 pluma
650 1391 733 1447 qnam
759 1373 813 1429 illia
835 1372 953 1446 videtur)
981 1369 1046 1449 [Sic
1070 1368 1235 1448 edebatur]
1264 1371 1299 1428 Iu

228 1456 370 1514 hocloco
393 1477 493 1514 verum
518 1458 591 1514 vidit
613 1456 716 1516 Gaius.
751 1457 902 1515 Edebatur
923 1456 981 1514 iam
1004 1448 1072 1514 inda
1095 1458 1132 1513 ab
1156 1457 1299 1514 Ascensio

227 1542 338 1616 (1511)
365 1561 457 1617 usque
480 1543 516 1599 ad
540 1541 661 1601 Gaium:
686 1545 776 1618 plum's
803 1562 886 1618 qaam
912 1545 965 1600 illis
992 1544 1117 1600 uideatur
1139 1551 1194 1601 cet.
1241 1540 1299 1601 Sed

227 1627 418 1685 indicativum
441 1628 531 1685 habet
553 1629 640 1685 etiarn
659 1627 735 1703 Spir.
754 1625 809 1707 [B]
832 1630 874 1702 (et
896 1627 993 1685 Mead.
1017 1628 1116 1700 Dav),
1139 1626 1300 1685 deteriores

226 1722 324 1770 autam
348 1714 463 1770 codices
486 1714 638 1771 mendose:
662 1715 757 1789 plures
779 1712 849 1791 [hoo
872 1713 988 1787 quidem
1013 1713 1100 1771 etiam
1125 1712 1164 1783 B,
1193 1711 1222 1769 id
1246 1721 1299 1779 est,

227 1797 378 1876 meliores]
407 1819 488 1874 qnam
518 1802 559 1855 illi
579 1801 702 1856 videntur
723 1801 831 1874 (plores
853 1807 991 1857 enotatur
1013 1817 1028 1855 a
1051 1797 1127 1855 Pell.
1151 1801 1185 1868 4,
1210 1798 1244 1868 5,
1270 1799 1298 1869 6,

226 1884 311 1942 Parr.
334 1884 436 1954 tribus,
460 1882 551 1951 CCC,
576 1885 661 1954 Ball,
684 1885 737 1960 Εχ,
761 1887 801 1941 illi
822 1903 859 1941 ex
881 1884 985 1941 iisdem
1009 1893 1039 1941 ot
1060 1882 1139 1942 Gud.
1163 1892 1298 1958 utroque,

228 1969 310 2040 Bas,
344 1972 467 2027 videntur
500 1969 587 2026 etiarn
621 1989 637 2026 e
664 1970 786 2044 reliquis
813 1969 979 2043 Palatinis).
1024 1968 1214 2027 Manifestum
1243 1979 1297 2040 est,

225 2074 364 2132 perverse
387 2054 544 2124 Catonem,
573 2073 638 2111 cum
666 2055 730 2130 ipse
758 2056 901 2113 bonorum
930 2062 1035 2112 nornen
1064 2043 1225 2111 commodis
1248 2054 1297 2111 do·

224 2141 363 2210 traxerit,
392 2151 544 2197 caventem
567 2140 680 2210 induci,
711 2140 789 2215 quod
819 2140 928 2196 nemini
951 2140 1095 2215 suspicari
1118 2140 1147 2196 in
1172 2139 1298 2196 mentem

225 2226 324 2284 venire
353 2234 464 2301 potest,
500 2244 535 2282 ue
565 2225 656 2284 Stoici
684 2226 750 2301 plus
780 2225 825 2282 his
858 2226 946 2283 rebus
975 2225 1103 2282 tribuere
1131 2224 1297 2295 videantur,

225 2328 311 2387 quam
334 2312 385 2386 qui
408 2312 485 2367 bona
506 2310 670 2386 appellent,
688 2320 787 2385 atque
815 2311 904 2367 etiam
934 2310 976 2368 sie
998 2310 1181 2384 loquentem,
1212 2309 1297 2384 quasi

223 2395 253 2454 id
280 2405 508 2454 consentaneum
538 2396 632 2452 videri
662 2396 791 2472 potuerit
819 2397 915 2471 (neque
943 2396 1072 2470 tamen).
1119 2395 1195 2452 Nam
1219 2395 1297 2469 quod

223 2479 352 2542 Orellius
377 2481 557 2551 ,malitiam“
582 2482 712 2556 aliquam
736 2480 888 2540 Ciceronis
916 2482 1036 2539 subesse
1064 2489 1162 2556 putat,
1192 2478 1296 2539 Cicero

222 2565 328 2626 Catoni
351 2567 393 2624 sic
415 2567 650 2643 respondendum
673 2566 736 2624 fore
759 2567 839 2636 dicit,
864 2575 904 2636 ut,
928 2567 1062 2641 quamvis
1085 2564 1295 2623 dissensionem

222 2651 389 2712 Stoicorum
412 2662 440 2708 et
462 2653 649 2727 antiquorum
667 2661 834 2729 exaggeret,
857 2660 956 2709 tamen
975 2660 1126 2728 appareat,
1149 2652 1179 2708 in
1198 2651 1295 2708 verbis

222 2756 286 2795 eam
315 2738 441 2815 positam
470 2757 548 2806 esse;
579 2736 722 2795 Catonem
745 2747 842 2794 autem
868 2738 1078 2795 balbutientem
1103 2738 1131 2794 in
1155 2755 1209 2793 sua
1231 2754 1296 2793 sen·

221 2823 313 2881 tantia
335 2823 489 2894 inducere,
518 2842 553 2879 ea
575 2842 645 2880 vero
668 2842 727 2880 non
755 2823 869 2879 malitia
891 2832 950 2893 est,
979 2822 1029 2880 sed
1053 2822 1187 2879 stultitia.
1231 2821 1296 2878 Nec

221 2919 320 2965 tamon
353 2928 455 2965 verum
489 2919 547 2979 est,
581 2909 659 2982 quod
695 2908 834 2965 Davisius
867 2917 966 2983 putat,
1000 2907 1107 2966 Catoni
1140 2906 1303 2963 dicendum·

223 2993 329 3051 fnisse:
356 3014 408 3050 non
430 2997 552 3064 minoeia
581 3013 648 3050 nam
677 3013 713 3050 ne
740 2994 796 3050 hoc
819 2993 935 3067 quidem
960 2993 1076 3052 Stoicus
1098 2993 1162 3068 ipse
1184 2992 1294 3066 apertis

222 3080 321 3137 verbis
343 3078 530 3136 confessurus
553 3089 630 3149 erat,
659 3080 714 3136 etsi
741 3078 902 3136 adversarii
931 3096 968 3134 ex
991 3077 1043 3134 illa
1066 3078 1197 3134 oratione
1221 3077 1294 3134 nihii

221 3164 301 3222 aliud
324 3166 427 3223 confici
451 3166 596 3223 dicebant.
631 3166 767 3240 Apparet
783 3164 882 3240 igitur,
905 3164 984 3238 quod
1007 3164 1093 3221 etiam
1119 3162 1295 3220 indicativus

220 3250 304 3307 verbi
326 3251 429 3308 modus
452 3251 580 3307 ostendit
601 3251 691 3323 (narn,
715 3251 739 3308 si
763 3250 835 3306 haec
846 3249 953 3309 Catoni
976 3249 1151 3320 tribuantur,
1174 3267 1294 3324 prorsus

220 3336 416 3393 necessarium
440 3354 503 3392 esse
526 3337 761 3408 coniunctivum,
791 3344 869 3392 recte
898 3345 1012 3392 veteres
1040 3334 1168 3392 editores
1194 3352 1293 3391 sense·

219 3430 299 3491 rant,
328 3440 402 3496 quos
425 3421 554 3480 Orellius
578 3422 660 3496 sequi
684 3422 837 3495 debebat),
861 3420 932 3477 haec
955 3439 971 3478 e
995 3420 1146 3480 Ciceronis
1169 3437 1295 3495 persona

219 3507 262 3565 sic
283 3506 432 3584 interponi
454 3507 505 3577 iis,
534 3526 609 3582 quae
638 3507 700 3564 sola
728 3525 746 3563 a
769 3506 881 3566 Catone
904 3506 1075 3582 responderi
1097 3523 1183 3581 posse
1206 3504 1292 3572 dieat,

219 3601 252 3649 ut
274 3592 442 3662 admoneat,
466 3592 502 3649 iis
525 3593 636 3659 verbis,
668 3593 774 3668 quibus
797 3591 870 3651 Cato
894 3610 1000 3648 usurus
1022 3593 1075 3659 sit,
1098 3590 1171 3648 nihil
1194 3598 1292 3646 tamon

218 3695 312 3735 novae
334 3679 386 3746 rei,
410 3697 468 3753 quo
492 3687 623 3735 veterum
647 3678 793 3735 sententia
815 3677 995 3748 emendetur,
1018 3677 1148 3734 subesse.
1187 3675 1292 3749 Itaque

218 3782 300 3838 quom
323 3764 484 3821 tollendum
508 3772 565 3832 est,
595 3764 672 3837 quod
701 3763 838 3820 librarius
861 3762 969 3837 aliquis
992 3761 1193 3838 comparativo
1217 3760 1292 3816 male

217 3848 339 3906 addidit.
384 3849 445 3908 Cur
472 3849 545 3906 mire
573 3849 645 3905 haec
669 3849 783 3906 interici
807 3847 937 3906 Orellius
960 3848 1084 3919 iudicet,
1113 3865 1170 3903 non
1194 3845 1291 3904 video.

217 3933 324 4008 Neque
354 3935 430 3991 enim
459 3935 563 3994 Cicero
596 3935 692 4010 ipsum
721 3934 864 3992 Catonern
892 3942 973 3990 recta
1000 3934 1133 3991 oratione
1161 3939 1291 3989 utentem

217 4019 345 4091 inducit,
368 4021 419 4077 ssd
440 4020 513 4096 ipse,
537 4020 607 4095 quid
630 4020 807 4095 respondere
830 4019 937 4095 possit,
961 4019 1041 4077 dicit.
1085 4020 1190 4092 itaquo
1213 4026 1292 4074 recte

217 4123 302 4163 suam
330 4106 504 4163 sententiam
532 4106 615 4163 verbi
649 4105 735 4162 modo
770 4104 937 4162 distinctam
967 4105 1139 4181 interponit.
1186 4099 1293 4184 [Quam

216 4190 289 4248 olim
317 4200 502 4261 notaveram,
531 4209 607 4248 nunc
635 4191 716 4248 eieci.
761 4191 811 4249 Fr.
835 4189 939 4247 Iacobi
966 4177 1292 4266 ddeep'ostcviolentas

217 4276 338 4351 (Philol.
362 4278 408 4335 VI
429 4298 457 4353 p.
470 4279 529 4334 481
544 4279 600 4351 sq.)
623 4276 800 4333 refellendas
823 4294 883 4333 non
906 4271 1001 4353 puto]

304 4364 352 4420 boc
373 4382 434 4419 vero
458 4373 482 4419 te
504 4395 543 4405 -
562 4360 696 4441 potuisse)
719 4364 821 4420 diceres
843 4371 895 4419 aut
916 4362 1129 4436 respondendum
1157 4360 1205 4417 tibi
1224 4367 1290 4416 erat.

215 4449 346 4508 Mutavit
356 4447 480 4506 formam
494 4448 649 4518 orationis3
671 4467 738 4506 narn
752 4458 819 4524 post
836 4448 923 4506 illud:
941 4448 1041 4522 quippe
1051 4448 1225 4521 quiprimum
1236 4451 1291 4502 cet.
