3030 5086
267 484 328 550 706
654 499 700 543 nu
722 497 853 545 sturnus
876 497 947 543 nou.

266 669 359 734 etiam
381 665 552 732 maioribus
574 665 710 743 minora,
740 664 892 729 maximae
913 670 1017 728 autern
1040 669 1114 728 sunt
1134 664 1291 746 primum,
1316 668 1359 724 ut

265 770 340 834 mihi
356 768 482 850 quidem
494 767 617 832 videtur
634 775 667 830 et
681 767 728 846 iis,
745 784 877 847 quorum
895 782 977 829 nunc
992 764 1023 828 in
1036 764 1157 829 ratione
1167 781 1357 839 versamur,

267 869 475 936 consideratio
498 868 697 949 cognitioque
718 886 822 931 rerum
838 865 1016 931 caelestium
1034 872 1066 930 et
1082 884 1199 945 earum,
1221 881 1308 947 quas
1334 880 1358 927 a

141 1039 152 1049 ,
267 978 380 1037 natura
402 970 572 1034 occultatas
600 976 631 1033 et
652 969 785 1033 latentes
807 968 956 1048 indagare
978 967 1058 1032 ratio
1081 973 1199 1048 potest,
1228 964 1358 1031 deinde

229 1075 371 1141 brorum
393 1071 586 1153 publicarum
608 1069 839 1134 administratio
867 1078 922 1134 aut
944 1069 1182 1134 administrandi
1205 1066 1356 1141 scientia,

267 1181 334 1238 tum
352 1173 501 1255 prudens,
523 1177 706 1251 temperata,
728 1169 828 1248 tertie,
850 1171 934 1234 iusta
951 1171 1041 1248 ratio,
1064 1171 1266 1251 reliquaeque
1283 1168 1355 1232 vir·

341 1364 361 1410 1.
385 1357 512 1407 tucioribus
539 1357 665 1406 minoribus
691 1358 712 1406 E
732 1356 830 1406 minora
855 1356 983 1405 maioribus
1007 1355 1141 1407 urceos.
1193 1355 1302 1405 mortim
1330 1352 1357 1403 B

270 1432 293 1479 2.
311 1426 347 1476 die
362 1425 451 1476 LCOr.
488 1430 510 1475 3,
527 1425 710 1489 copnr'tr'oneEP
728 1424 1007 1490 copnr‘ttooeLngffl
1044 1422 1222 1475 ⁴.occu1torR
1259 1427 1282 1473 5.
1302 1420 1358 1470 ad·

269 1494 421 1544 ministrandi
436 1493 571 1557 sciendt'que
587 1492 691 1557 prudens
711 1493 799 1544 LPCR
851 1497 873 1544 6.
888 1493 955 1556 sorti
974 1492 998 1541 ei
1017 1493 1081 1541 iusta
1099 1492 1120 1540 E
1138 1491 1215 1556 sortia
1238 1499 1261 1540 et
1283 1490 1357 1540 resta

269 1561 381 1614 PCROr.
397 1563 521 1626 fortisque
539 1570 560 1610 et
579 1562 642 1611 iusto
660 1561 681 1610 Ι,

269 1718 342 1776 sime
366 1717 558 1788 omitteretur,
582 1717 606 1774 si
630 1735 665 1774 ea
686 1716 734 1773 hic
753 1716 939 1784 consisteret;
962 1734 1016 1772 nee
1033 1715 1121 1772 facile
1140 1715 1298 1789 quisquam
1319 1712 1355 1770 in

271 1808 285 1874 ξ
300 1803 339 1859 36
357 1801 458 1872 ferret,
483 1802 591 1858 omisso
608 1812 679 1869 arant,
703 1801 744 1858 sic
762 1801 834 1858 dici:
858 1803 950 1857 Andri
964 1811 1051 1857 autem
1066 1833 1101 1842 -
1114 1802 1208 1875 plures
1224 1806 1355 1855 vinutes.

270 1889 336 1945 Hoc
355 1896 516 1957 senserant,
536 1887 633 1961 quiin
653 1887 766 1942 duobus
779 1884 847 1944 Gzii
866 1886 948 1942 codd.
966 1885 1141 1942 addiderunt
1158 1894 1228 1950 stou,
1246 1883 1358 1940 nescio

271 1991 328 2047 quo
347 1973 425 2040 ioco;
449 1971 501 2028 sed
520 1971 561 2028 sic
579 1972 651 2028 hacc
670 1971 887 2041 continuantur,
911 1970 988 2044 quod
1005 1970 1239 2045 interpungendo
1257 1968 1356 2044 signi·
1454 1980 1457 1991 ·

271 2058 366 2125 ficari,
385 2066 418 2113 ut
430 2075 466 2113 ex
479 2057 534 2113 hoc
547 2057 677 2112 membro
690 2057 810 2112 verbum
828 2067 890 2112 euru
908 2065 1019 2112 tantum
1038 2055 1066 2112 in
1085 2055 1250 2129 proximum
1265 2051 1358 2110 diffe-

271 2153 360 2200 ratur.
386 2138 498 2221 [Etiam
513 2142 538 2198 B
556 2143 700 2198 maioribus
717 2143 875 2209 miror-dum
899 2141 944 2198 ed.
959 2140 1040 2198 Crat.
1059 2142 1202 2196 nemoribus
1219 2134 1357 2214 mitiora]

356 2226 532 2300 coquitt'oqrre)
555 2227 589 2283 ln
614 2227 677 2283 cod.
700 2226 780 2284 arch.
805 2234 869 2282 erat
890 2228 1032 2298 coercitione
1054 2226 1097 2297 (ut
1120 2226 1149 2282 in
1173 2224 1273 2292 Oxx.‚
1297 2242 1356 2280 ex·

272 2321 357 2385 cepto
375 2307 400 2381 ξ,
419 2310 552 2379 Gzianis‚
570 2312 594 2367 si
612 2311 668 2386 ipsi
687 2311 841 2378 credimus,
860 2321 984 2385 excepto
1003 2309 1081 2368 Gud.
1095 2311 1125 2383 2)
1137 2320 1188 2366 aut
1203 2312 1359 2382 cognitione

273 2399 316 2468 (ut
335 2413 399 2452 cum
419 2395 481 2451 Erl.
499 2391 552 2474 [Β]
571 2395 627 2452 Orc.
647 2391 662 2464 ξ
679 2406 705 2451 et
726 2395 804 2453 Gud.
821 2397 866 2468 2);
883 2395 912 2451 in
931 2396 995 2454 cod.
1011 2396 1086 2453 Mor.
1106 2404 1169 2451 erat
1185 2397 1356 2467 cogitetioee.

272 2480 360 2538 solite
377 2479 558 2547 confusione,
576 2481 605 2536 in
624 2480 765 2555 Scaligcri
783 2484 944 2553 copr'tutione.
980 2481 1069 2537 Recte
1087 2488 1152 2555 post
1171 2478 1356 2536 Ascensium

273 2575 302 2623 et
324 2565 398 2622 alios
416 2564 561 2632 Orellius3
585 2566 650 2621 riam
669 2567 845 2622 consideratio
862 2569 1026 2639 coan'tioque
1042 2568 1129 2638 (quse
1146 2583 1162 2620 e
1180 2563 1357 2621 considera·

273 2651 353 2708 tione
376 2649 481 2720 oritur)
500 2650 665 2706 necessario
683 2650 908 2724 coniunguntur,
933 2661 963 2706 ut
982 2654 996 2720 ἕ
1013 2653 1064 2706 11:
1087 2654 1113 2707 r'n
1131 2651 1357 2724 contemplatione

273 2746 297 2792 et
319 2737 462 2808 coercitione
484 2754 581 2803 rerruu,
605 2733 662 2792 Off.
687 2735 710 2802 Ι,
735 2735 808 2791 153:
831 2738 943 2807 copttitt'o
964 2737 1199 2810 contemplatioque
1220 2742 1357 2800 stottona

273 2819 396 2877 ridicule
416 2819 486 2875 Piso
509 2820 656 2894 optionem
681 2820 773 2886 daret,
797 2828 894 2876 utrum
919 2820 984 2893 quis
1007 2820 1193 2877 considerare
1210 2818 1359 2875 caelestia

273 2923 310 2962 an
334 2921 509 2979 cognoscere
532 2904 629 2960 veliet.
665 2904 767 2979 Longe
790 2904 877 2960 aliter
900 2907 987 2979 paulo
1010 2914 1075 2980 post
1099 2905 1218 2961 dicitur:
1241 2913 1290 2959 out
1313 2902 1355 2975 (si

274 3008 335 3046 rem
365 2989 511 3064 publicam
541 3008 598 3045 non
629 3007 732 3063 reapse
760 2989 961 3059 administres,
996 2989 1112 3063 saltem)
1139 2990 1359 3046 odorinietrundi

274 3077 394 3132 scientia.
419 3074 513 3131 Paulo
541 3085 606 3148 post
631 3076 777 3130 occultatas
799 3084 957 3131 annotatur
979 3074 1008 3130 in
1033 3094 1089 3149 mg.
1113 3073 1192 3133 Crat.
1215 3078 1294 3145 (nem
1320 3074 1354 3129 in

275 3167 414 3217 contextu
438 3169 509 3228 erat,
533 3159 611 3233 quod
635 3159 663 3214 in
688 3159 726 3232 R)
749 3168 778 3215 et
801 3179 816 3216 e
840 3159 903 3215 cod.
927 3160 1002 3215 Mor.

360 3246 478 3312 scientio,
502 3253 556 3300 tion
575 3243 712 3318 prudens)
735 3245 802 3300 Hoc
825 3262 840 3300 e
864 3244 1034 3301 melioribus
1057 3244 1206 3301 codicibus
1223 3241 1298 3316 (Erl.
1323 3252 1357 3299 et

276 3329 363 3404 Spin,
377 3347 392 3384 e
405 3328 611 3402 quibustius
623 3328 735 3404 profert
747 3332 856 3385 seientia
867 3348 935 3399 eum,
945 3325 1009 3410 [tt]
1017 3349 1072 3405 mg.
1080 3329 1170 3391 Crat..
1182 3327 1266 3384 codd.
1274 3328 1354 3385 Mor.

168 3424 173 3429 '
276 3424 305 3471 et
318 3413 406 3482 Sosi,
424 3423 523 3469 vetere
541 3414 616 3469 libro
629 3414 765 3477 Manutii,
783 3414 840 3480 Et,
860 3425 918 3470 tum
933 3415 997 3471 Pal.
1011 3416 1042 3486 6)
1058 3414 1185 3471 restituit
1198 3412 1355 3483 Davisius,

276 3498 411 3556 Manutio
436 3509 585 3567 monente;
614 3499 727 3572 priores
755 3502 907 3574 emendique
927 3502 1061 3574 prudeus,
1090 3499 1172 3555 nulla
1194 3497 1354 3555 sententie.

276 3583 399 3640 Minime
417 3584 567 3657 eleganter
581 3584 727 3639 actionum
746 3603 854 3659 genera
872 3585 913 3641 sic
931 3584 1032 3645 dividi.
1051 3594 1082 3640 nt
1100 3585 1225 3659 primum
1244 3582 1356 3638 mentis

276 3669 413 3744 agitatio,
444 3679 503 3723 tum
535 3678 631 3724 certae
660 3670 765 3744 agendi
795 3670 935 3725 materiae
963 3670 1016 3741 (rei
1040 3669 1187 3744 publicae)
1212 3667 1356 3725 tractatio

277 3765 410 3829 ponatur.
430 3763 577 3829 postremo
596 3763 735 3826 qtrattuor
752 3753 820 3811 illae
837 3754 943 3830 agendi
961 3754 1126 3828 qualitates.
1147 3771 1221 3828 quae
1238 3753 1356 3828 primae

276 3838 400 3894 virtutes
423 3847 500 3901 suut,
523 3837 610 3894 facile
627 3849 759 3914 stiparet.
793 3840 875 3896 Ratio
892 3842 1023 3915 prudens,
1047 3850 1193 3914 temperato
1210 3856 1264 3913 pro
1281 3856 1354 3913 pru·

277 3923 390 3992 dentis,
419 3924 613 3997 temperantia
642 3924 730 3998 paulo
754 3924 927 3981 insolentius
955 3935 982 3981 et
1006 3925 1124 3981 brevius
1147 3924 1268 3987 dicitur;
1298 3923 1354 3980 sed

277 4008 364 4064 nimis
386 4008 544 4064 absurdum
569 4019 629 4064 erat
656 4009 684 4064 in
708 4010 855 4065 actionum
879 4010 1034 4085 generibus
1057 4008 1263 4066 enumerandis
1280 4028 1356 4084 pru·

278 4095 379 4149 dentem
402 4095 527 4165 spondi
549 4098 674 4150 rationem
699 4112 822 4168 ponere:
846 4096 926 4151 aliud
949 4113 1005 4150 non
1030 4095 1214 4169 suppetebat.

357 4180 451 4251 sortis,
475 4182 544 4233 inste
567 4181 649 4249 ratio)
668 4179 754 4251 Quod
777 4180 807 4235 in
821 4180 880 4235 Eri.
904 4188 957 4248 est,
980 4198 1016 4235 ex
1040 4199 1099 4254 quo
1118 4198 1203 4236 uuam
1222 4177 1355 4235 litteram

279 4262 353 4319 maio
376 4264 553 4339 geminatam
579 4264 703 4332 detraxi,
727 4283 783 4321 non
808 4265 924 4326 dubito,
948 4265 1035 4338 quin,
1059 4265 1083 4321 si
1108 4265 1234 4322 editores
1256 4272 1357 4319 atten-

279 4348 398 4415 dissent.¹
422 4349 451 4403 in
475 4349 580 4403 ceteris
604 4349 688 4405 bonis
710 4351 854 4425 reperturi
878 4350 1001 4419 fuerint3
1025 4349 1085 4429 [est
1103 4351 1132 4407 in
1151 4348 1204 4427 ss;]
1228 4348 1298 4424 quid
1323 4348 1357 4405 in

279 4434 371 4490 ultera
388 4434 535 4508 scriptura
551 4443 627 4489 esset
645 4434 719 4504 vitii,
744 4435 805 4492 dixi
823 4436 858 4492 ad
876 4436 932 4504 IV,
946 4436 995 4493 56.
1028 4436 1124 4493 Paulo
1140 4444 1207 4511 post
1223 4443 1247 4491 et
1264 4436 1359 4508 σοφή·
