3030 5086
419 504 464 549 nn
487 502 569 550 unu.
591 501 654 550 nm.
678 503 700 549 n
723 503 796 550 car.
817 506 856 553 ra.
876 499 1008 565 (oe-ro.)
1189 483 1251 549 213

174 679 323 751 moveret,
339 691 493 737 summum
510 671 626 736 bonum
642 689 768 752 ponere,
788 675 1022 737 contemnentes
1038 669 1130 733 istam
1147 669 1252 733 vacui-

175 783 271 841 tatem
293 773 420 839 doloris.
464 773 515 837 40.
538 773 581 836 Hi
601 791 664 838 non
683 774 838 852 viderunt,
860 779 896 837 ut
916 773 959 836 ad
981 789 1106 836 cursum
1129 789 1252 852 equum,

174 879 217 942 ad
239 878 392 942 arandum
414 874 538 953 bovem,
566 877 608 940 ad
635 876 846 956 indagandum
874 892 997 952 mnam,
1025 873 1070 938 sic
1098 873 1253 938 hominem

174 980 216 1043 ad
232 981 312 1044 duas
330 997 390 1057 res,
408 984 444 1042 ut
459 979 504 1043 ait
519 978 716 1055 Aristoteles,
735 978 777 1042 ad
792 977 1032 1057 intellegendum
1051 980 1083 1041 et
1099 974 1142 1038 od
1156 993 1252 1057 agen-

174 1084 249 1145 dum
265 1099 335 1145 esse
352 1086 468 1158 natum,
484 1079 576 1160 quasi
590 1079 753 1144 mortalem
770 1080 872 1158 deum,
890 1086 1061 1159 contraque
1077 1083 1112 1141 ut
1129 1078 1253 1142 tardam
1270 1075 1291 1142 5

174 1183 311 1263 aliquam
334 1188 366 1246 ct
386 1181 565 1263 languidam
586 1182 738 1263 pecudem
760 1181 801 1244 ad
817 1188 945 1275 pastum
960 1185 992 1245 et
1007 1181 1049 1244 ad
1064 1180 1252 1261 procreandi

174 1285 368 1367 voluptatem
389 1282 449 1348 hoc
471 1284 609 1348 divinum
631 1282 747 1347 animal
769 1289 871 1346 ortum
894 1300 963 1347 esse
985 1281 1163 1361 voluerunt,
1191 1300 1252 1364 quo

244 1492 268 1536 2.
288 1485 376 1536 uua
411 1494 434 1539 4.
454 1487 489 1536 ad
506 1496 564 1536 ante
582 1486 645 1537 duur
664 1486 746 1537 omli
773 1486 808 1535 ed
825 1502 875 1535 om.
895 1495 953 1535 ante
971 1485 1085 1551 aquidum
1097 1485 1175 1604 [Δὲῆ
1195 1494 1254 1538 aute

175 1555 352 1620 intelleqendanr
372 1555 401 1616 Ο,
422 1556 556 1621 utrobique
575 1557 672 1605 LPMR
708 1560 730 1606 6,
746 1554 922 1620 procreandam
940 1555 969 1603 M
1005 1559 1027 1604 7.
1047 1553 1112 1618 quod

260 1748 328 1803 quoa
350 1748 401 1785 non
424 1739 463 1785 est
485 1729 609 1804 veritum)
633 1727 786 1786 Rariorem
811 1739 840 1784 et
858 1727 1009 1802 antiquam
1026 1727 1153 1785 formam
1171 1729 1254 1786 verbi

174 1813 381 1889 impersonalis
403 1813 515 1890 passivi
538 1832 575 1870 ex
598 1814 744 1871 eudemo
724 1832 846 1888 genere,
876 1832 934 1887 quo
952 1811 1082 1888 puditum
1105 1823 1157 1884 eet,
1184 1817 1254 1889 piqi·

174 1910 239 1966 tum,
261 1902 410 1969 misereurr,
433 1899 588 1955 annotavit
610 1898 738 1957 Gellius.
783 1900 924 1955 Veterum
948 1906 1103 1993 poetarum
1126 1908 1155 1957 et
1177 1900 1255 1957 Var-

172 1984 255 2063 ranis
277 1984 414 2059 exempla
436 1984 552 2040 Nonius
576 1984 665 2040 habet
687 2004 716 2059 p
731 1984 802 2041 496

260 2070 310 2125 40.
354 2071 394 2126 ad
414 2068 536 2142 marsum)
560 2066 611 2138 Εξ,
635 2068 715 2127 Gud.
744 2072 769 2137 l,
795 2069 862 2125 Bas.
884 2070 924 2125 ud
944 2070 1113 2125 currendum

259 2156 298 2210 ad
319 2156 522 2227 intelleqendnnt
544 2165 569 2210 et
590 2156 629 2211 ud
650 2153 796 2229 wordum)
816 2157 896 2211 Ante
913 2154 1083 2211 Ernestium
1101 2154 1253 2226 edebatur,

173 2238 261 2297 Grut.
285 2248 416 2308 tacente,
444 2241 647 2312 intelteqendunt
668 2251 693 2296 et
714 2241 860 2312 aquidum,
889 2239 999 2296 omissa
1021 2248 1145 2313 utraque
1167 2258 1254 2314 prae·

173 2323 336 2399 positione,
366 2325 423 2381 nisi
447 2324 526 2398 quod
549 2325 708 2399 pleraeque
731 2334 846 2380 veteres
875 2325 939 2382 edd.
965 2333 1033 2380 ante
1056 2324 1137 2384 Crat.
1159 2325 1256 2397 altero⁴

173 2407 239 2466 loco
261 2409 512 2485 praepositionem
536 2409 656 2479 addunt,
679 2409 822 2467 Davisius
844 2429 860 2465 e
883 2410 952 2466 Par.
974 2413 986 2466 l
1012 2410 1119 2484 priore.
1159 2408 1253 2469 Gaius

172 2493 272 2569 priore
283 2494 350 2552 loco
367 2495 616 2570 praepositionem
634 2496 663 2552 in
676 2494 778 2571 paucis
797 2495 882 2552 modo
899 2494 1051 2552 codicibus
1068 2494 1137 2571 legi,
1155 2505 1254 2571 poste-

174 2578 252 2636 riora
281 2579 311 2635 in
335 2580 416 2636 nullo
439 2580 539 2639 tradit.
595 2578 635 2660 [B
657 2590 691 2637 nt
712 2581 741 2636 A
770 2588 801 2636 et
823 2579 884 2636 Erl.
912 2581 952 2636 ud
978 2583 1059 2637 intell.
1087 2591 1112 2638 et
1142 2577 1255 2660 apend]

173 2663 343 2738 Numquam
367 2666 445 2740 apud
469 2664 641 2724 Ciceronem
670 2665 740 2738 (nisi
762 2664 839 2721 torte
862 2665 910 2721 hic
931 2666 963 2734 Ι,
989 2666 1043 2735 36,
1075 2666 1125 2723 ubi
1154 2675 1253 2723 tamen

173 2748 322 2806 ablativus
342 2769 442 2825 perse
461 2752 529 2825 poni
554 2754 681 2826 poterat)
698 2750 872 2827 gerundium
896 2750 938 2806 sic
961 2751 1146 2809 substantivo
1163 2739 1255 2827 ¹prae-

173 2833 322 2909 positione
351 2854 409 2891 non
437 2836 563 2910 repetita
586 2837 759 2912 apponitnr;
787 2835 880 2913 [apud
904 2836 1020 2892 Livium
1050 2836 1080 2892 id
1108 2838 1141 2893 fit
1162 2838 1253 2908 XXI,

174 2921 203 2987 4,
228 2919 256 2989 8,
279 2920 386 2990 XXII,
411 2921 438 2991 8,
464 2923 492 2990 5,
515 2923 593 2996 apud
616 2922 772 2979 Horatium
797 2921 852 2995 Ep.
872 2921 913 2991 lI,
935 2919 1045 2998 1,19];
1069 2922 1175 2978 necin
1199 2923 1254 2980 hac

173 3003 308 3080 diligenti
326 3005 515 3062 distinctione
533 3007 655 3063 duarum
679 3025 777 3062 rerum
800 3006 891 3062 semel
914 3006 1095 3081 praepositio
1112 3008 1182 3082 poni
1201 3027 1254 3083 po·

173 3088 264 3146 tuisse
288 3090 413 3148 videtur.
459 3091 538 3149 Gud.
564 3094 581 3148 2
605 3094 772 3165 intelleqendi
793 3102 818 3147 et
839 3094 945 3165 oqendi.
985 3092 1052 3148 Non
1076 3102 1175 3167 potest
1196 3094 1254 3151 huc

173 3174 313 3231 advocari
340 3176 494 3251 genetivus
522 3177 573 3234 ille
601 3179 631 3234 in
660 3176 836 3253 explicando
865 3186 896 3232 et
922 3176 1088 3234 definiendo
1115 3178 1252 3249 usitatus,

172 3259 209 3315 de
238 3278 297 3334 quo
326 3262 388 3318 dixi
411 3262 506 3336 Epist.
529 3263 566 3319 ad
590 3263 682 3322 Orell.
705 3281 733 3338 p.
754 3263 792 3318 79
821 3264 888 3336 (pro
910 3262 1011 3319 Plane.
1038 3263 1092 3318 30:
1120 3267 1254 3322 nonnullis

172 3346 261 3414 rebus,
281 3351 387 3419 qenen's
409 3349 468 3404 dico
490 3358 515 3403 et
537 3350 671 3422 nominis).
718 3347 892 3404 Aristotelis
914 3347 943 3403 in
967 3348 1018 3419 iis,
1043 3366 1117 3422 quae
1141 3359 1253 3419 extant,

172 3430 291 3506 scriptis
314 3433 412 3489 nullus
435 3440 481 3489 est
502 3433 598 3501 locus,
629 3434 680 3490 ubi
704 3433 749 3490 his
772 3433 845 3507 ipsis
868 3434 967 3489 verbis
989 3442 1104 3502 utatur,
1128 3435 1183 3491 etsi
1207 3455 1253 3494 res

172 3514 260 3590 plane
290 3519 427 3575 convenit
450 3535 516 3574 cnm
539 3519 662 3615 reliquis
684 3518 856 3575 Aristotelis
879 3519 1033 3575 sententiis
1057 3529 1086 3574 et
1109 3519 1254 3578 divisione

171 3600 300 3671 virtutis,
324 3621 400 3676 quae
424 3604 530 3678 partim
555 3603 583 3659 in
608 3604 732 3660 scientia
755 3603 937 3679 sit,pa1tim
961 3604 991 3660 in
1014 3604 1138 3678 agendo.
1185 3607 1253 3663 Vid

170 3684 280 3743 Ritteri
307 3688 386 3745 Hist
409 3688 522 3745 Philos.
548 3689 606 3745 vol.
630 3689 807 3784 111p.302
827 3708 905 3763 sqq„
930 3689 1090 3763 335sqq„
1113 3689 1191 3747 iufra
1213 3693 1252 3763 V,

172 3770 223 3828 36.
268 3762 488 3867 (Ἀναγναῖον
490 3763 542 3828 τὸν
570 3767 682 3830 τέλειον
705 3762 800 3848 aedon
822 3792 871 3829 και
893 3765 1076 3848 θεωρητικὸν
1098 3768 1253 3832 εἶναιτῶν

172 3842 265 3911 ὄντων
287 3874 336 3911 και
358 3846 509 3930 ποιητικὸν
530 3854 589 3914 τῶν
612 3846 751 3926 δεόντων,
780 3859 859 3914 Plut.
884 3860 919 3915 de
942 3859 1023 3915 Plac.
1046 3859 1159 3916 Philos.
1182 3861 1208 3930 I,
1235 3864 1249 3918 1

76 3936 80 3944 ’
169 3958 199 4014 p.
213 3939 275 3998 874
298 3940 323 3997 F
346 3960 362 3997 e
384 3942 531 3998 sententia
553 3943 726 3999 Aristotelis
749 3953 779 3999 et
801 3940 1026 4041 Theophrasti.)

257 4029 339 4101 qnasi
359 4029 496 4083 mortalem
518 4027 611 4107 deum)
634 4028 694 4086 Vix
718 4039 817 4104 putem
842 4028 1015 4087 Ciceroni'
1006 4047 1036 4085 ιη
1060 4029 1149 4086 obvia
1171 4048 1254 4087 com·

170 4112 326 4186 paratione
355 4113 542 4169 obversatam
571 4132 650 4182 esse,
679 4113 757 4186 quod
786 4114 927 4170 Davisius
955 4113 1062 4183 credit,
1096 4114 1251 4173 obscuram

170 4195 317 4254 Heracliti
335 4199 525 4254 sententiam:
542 4185 722 4274 ’Ἄνθρωποι
744 4187 812 4254 θεοὶ
836 4188 941 4272 θνητοι
965 4192 1075 4255 &corma
1095 4187 1252 4275 ἅνθρωποι

171 4265 335 4337 ἄθανατοι.

256 4367 305 4422 hoc
327 4365 461 4445 diuinam)
478 4369 508 4424 la·
524 4369 571 4425 loc
590 4369 667 4425 Dav.
687 4368 784 4424 ePar.
800 4372 832 4438 ¹3
849 4369 917 4428 Urs.
930 4368 1031 4426 cod.
1006 4387 1044 4430 stc
1061 4370 1119 4439 noc,
1132 4368 1179 4426 El.
1193 4367 1251 4442 20)
