3030 5086
471 511 513 556 nn
536 511 617 556 man.
640 511 702 556 nm.
725 511 751 556 n
772 510 844 557 cnr.
864 513 888 560 a.
906 511 1039 574 (ra-aea
1227 494 1290 559 185

261 684 288 747 Ο
311 680 484 760 lapatho,
512 689 553 743 ut
572 680 723 743 iactare
751 698 818 744 neo
840 698 880 746 es
903 680 993 744 sati'
1016 681 1197 762 cognitu,
1225 681 1288 762 qui

627 798 634 809 ·
1128 783 1196 846 siat

259 886 299 948 ln
323 902 395 965 qno
419 883 566 948 Laeliu’
589 882 780 946 clamores
803 871 920 960 σοφός
942 883 1009 948 ille
1032 884 1183 949 solebat

260 987 396 1062 Edere,
418 984 655 1064 compellans
677 985 826 1064 gumias
849 1003 891 1049 ex
913 986 1050 1050 ordine
1072 992 1238 1052 nostros.

216 1088 381 1153 Praeclare
402 1087 536 1163 Laelius
560 1092 590 1150 et
613 1092 697 1150 recte
720 1074 824 1161 σοφός,
847 1086 985 1168 illudque
1007 1106 1097 1152 vere:

261 1192 287 1253 O
321 1188 445 1264 Publi,
485 1206 503 1250 o
537 1205 691 1269 gurgeS‚
725 1187 898 1259 Galloni,
936 1207 975 1253 es
1013 1189 1121 1254 homo
1160 1189 1327 1268 misemb

1128 1292 1261 1373 inquit

261 1392 415 1457 Cenasti
443 1392 477 1454 in
507 1391 587 1453 vita
614 1408 814 1471 numquam
841 1390 949 1471 bene,
983 1411 1062 1457 cunr
1095 1395 1219 1458 omnia
1251 1393 1288 1457 in

352 1578 354 1581 Ι
1127 1498 1206 1560 ista

261 1595 460 1660 Consumis
494 1593 640 1674 squilla
673 1602 788 1672 atque
815 1595 1045 1675 acipensere
1078 1616 1156 1662 oum
1185 1597 1289 1662 deei-

1128 1717 1244 1763 mano.

288 1872 307 1916 1,
328 1867 388 1914 etE
424 1865 553 1915 necessatis
574 1864 721 1933 [manmit
743 1880 771 1911 ne
793 1874 866 1914 cesset
889 1866 909 1914 ie
929 1867 949 1917 C
971 1885 1017 1917 aaa
1035 1869 1134 1918 cessata
1152 1869 1175 1917 R
1196 1885 1290 1918 aeoeaee

217 1944 251 1984 eet
270 1934 311 1986 Or.
357 1937 448 1997 copnt'tn
467 1934 560 1997 quisi}
583 1933 681 1999 coqaitn'
699 1932 738 1981 cai
756 1932 798 1983 Or.
823 1936 925 2000 (cepada
943 1935 984 1985 hio
1003 1943 1099 1995 ornnes)
1152 1942 1175 1987 9,
1198 1937 1222 1985 r'a
1244 1953 1290 2000 qno

216 2004 309 2068 copario
327 2003 425 2052 Laetius
444 2017 531 2051 omnes
567 2007 581 2049 2
600 2012 625 2051 et
642 2009 664 2050 4,
685 1999 779 2068 [sophos
796 2001 829 2070 Α]
869 2009 891 2052 3.
909 2021 1006 2068 prumea
1024 2006 1047 2053 F.
1068 2021 1152 2070 pomae
1170 2004 1289 2053 Lumen

216 2080 288 2122 nostr.
307 2089 327 2119 e.
345 2089 367 2123 o.
383 2071 507 2135 pomasi»
559 2077 581 2118 4.
601 2070 661 2118 illud
678 2076 773 2123 veron
823 2081 844 2122 tr.
864 2072 945 2123 maeri
964 2072 1049 2140 [NJK
1103 2078 1128 2125 6.
1145 2073 1247 2121 cenasse
1267 2073 1289 2121 E

217 2140 261 2188 isto
282 2139 452 2206 [A]LPMCR
507 2143 529 2191 7.
551 2137 591 2204 [cu
609 2139 681 2186 sumis
701 2144 750 2208 ΑΙ]
774 2142 905 2210 [accubans
924 2159 979 2191 aare
999 2142 1031 2207 Α]
1057 2142 1174 2191 accubant
1192 2158 1248 2189 aera
1265 2141 1288 2188 E

216 2210 394 2340 pfieppppjoere
412 2209 471 2268 (ere)
490 2207 563 2255 Pam
583 2208 686 2256 accubas
704 2211 728 2258 ia
745 2229 801 2260 aere
820 2212 840 2259 L
875 2211 1004 2260 docimesio
1019 2211 1041 2258 E
1060 2210 1288 2261 decamaaoCROr.

304 2416 327 2474 0
349 2416 470 2490 aparte)
494 2415 665 2473 Communia
687 2419 770 2475 cibus
788 2419 860 2476 haee
877 2419 968 2475 herba
985 2428 1015 2474 et
1031 2417 1213 2483 tenuiorum
1236 2414 1289 2473 cfr.

216 2502 288 2558 Hor.
313 2502 406 2575 Epod.
436 2501 481 2565 ΙΙ,
507 2502 561 2567 57;
591 2503 678 2560 Varr.
708 2504 785 2579 apud
813 2504 891 2561 Non.
920 2523 947 2578 p.
967 2503 1042 2559 550:
1071 2503 1152 2559 Hane
1179 2503 1290 2558 eandem

216 2588 375 2660 uoluptatem
399 2587 523 2641 tocr'trdua
546 2588 629 2642 ronta
651 2593 778 2662 consequi
798 2590 908 2663 lapatho
929 2598 954 2644 et
972 2591 1084 2662 ptisana
1101 2606 1222 2663 possum.

301 2689 348 2728 aee
370 2691 397 2727 ee
419 2669 500 2746 sotis)
523 2670 616 2729 Codd.
640 2673 727 2729 etiam
751 2673 885 2739 aliorum,
909 2673 993 2737 boni,
1017 2672 1103 2728 mali:
1126 2674 1290 2728 necessatis

217 2758 330 2828 (ornnes
352 2756 439 2820 Part,
464 2751 528 2835 [B,]
551 2756 597 2814 El.
616 2760 640 2817 1.
665 2757 771 2819 disard„
795 2758 871 2815 Ball.
895 2760 955 2831 (ψ),
980 2757 1036 2816 Ox.
1050 2757 1093 2825 U;
1116 2767 1229 2813 tanturn
1247 2753 1290 2823 Εξ

218 2862 267 2898 aon
295 2845 419 2899 cessatio.
447 2860 464 2915 χ
492 2845 617 2903 cessatio:
647 2841 740 2900 Gaius
769 2861 837 2899 auos
865 2843 936 2899 dicit
966 2843 1014 2909 „in
1043 2843 1166 2918 singulis
1196 2859 1289 2917 paene

218 2927 315 2983 verbis
328 2927 516 2982 vehementer
533 2927 660 2989 turbare,
680 2928 721 2983 sie
740 2939 836 2984 tamen
849 2937 881 2985 ut
894 2947 963 2984 vera
979 2928 1066 2984 leetio
1083 2946 1114 2983 ea
1127 2926 1290 2999 vrrtpntoess)

218 3030 281 3067 essa
298 3012 475 3082 videatrrr“).
512 3012 625 3067 necesse
646 3024 685 3067 est
701 3014 825 3087 primum
844 3014 960 3088 reperio
978 3013 1005 3068 in
1025 3013 1069 3068 ed.
1083 3012 1161 3081 Ald„
1185 3011 1290 3068 deinde

219 3097 246 3152 in
266 3116 323 3170 mg.
336 3097 415 3154 Crat.
440 3116 509 3151 sane
527 3116 542 3152 e
560 3097 736 3163 coniectura,
756 3108 785 3154 et
796 3094 917 3171 corrigit
934 3098 975 3153 sic
988 3097 1147 3154 Victorius
1176 3098 1292 3170 (laetere

218 3200 274 3236 non
305 3192 364 3237 tarn
389 3181 523 3237 Lambini
554 3200 640 3254 quern
672 3183 841 3258 typothetae
869 3202 933 3239 esee
961 3183 1099 3253 videtur.)
1149 3183 1225 3239 Dein
1249 3185 1293 3239 ear'

218 3267 283 3341 quis
300 3267 413 3341 primus
430 3267 589 3341 scripserit,
613 3270 725 3334 neseio;
749 3277 794 3324 eat
810 3269 886 3343 apud
900 3267 1109 3333 Cratandrum3
1134 3266 1290 3334 Gruterus,

220 3352 368 3410 Davisius.
386 3351 480 3408 Gaius
497 3361 603 3416 tacent,
622 3352 676 3407 nisi
695 3354 772 3426 qnod
785 3354 862 3428 Spin.
875 3356 950 3427 qrn's3
969 3351 1009 3433 [B
1021 3349 1064 3431 et]
1076 3352 1156 3411 Oxx.
1168 3353 1223 3423 Uet}
1236 3355 1291 3426 qai.

218 3435 401 3517 [invulgata
418 3437 562 3511 scriptura
576 3436 652 3510 (Or.)
664 3438 838 3494 sententiam
857 3438 925 3493 olim
944 3449 1115 3495 annotarem
1134 3456 1191 3494 non
1206 3455 1291 3512 posse

218 3542 281 3579 earn
301 3541 374 3581 esse.
392 3541 478 3595 qnam
492 3521 622 3580 Oreliius
640 3532 669 3577 et
685 3522 755 3579 Otto
773 3533 939 3597 putassent:
960 3533 1119 3597 „quantum
1139 3523 1248 3578 iactare
1265 3542 1293 3578 se

219 3608 306 3664 debet
323 3609 357 3667 is.
376 3608 426 3680 qni
444 3607 653 3681 praestantiam
672 3617 751 3663 tuam
770 3609 939 3682 cognorit“;
960 3609 1014 3664 hoe
1032 3609 1130 3683 potius
1148 3608 1220 3664 diei:
1241 3616 1292 3675 „at

219 3711 337 3749 neeesse
361 3701 405 3747 est
428 3693 535 3765 (decet)
558 3692 667 3748 iactare
691 3702 720 3749 et
742 3711 980 3762 commemorare,
1005 3702 1115 3767 qrranto
1138 3693 1202 3749 viro
1225 3710 1293 3767 eog-

219 3778 297 3833 nitua
320 3778 390 3833 sis“.
436 3777 493 3833 Sed
517 3777 595 3833 aliud
620 3778 711 3835 latere
735 3779 866 3833 dixeram
890 3796 943 3833 nec
967 3788 1078 3842 tamen,
1111 3778 1182 3850 quid
1204 3787 1291 3845 esset,

218 3862 410 3937 reperiebam.
455 3863 597 3938 Repperit
618 3863 822 3919 Lachmannus
844 3863 881 3918 ad
899 3863 1066 3919 Iarreretium
1091 3881 1118 3936 p.
1138 3863 1186 3927 99,
1209 3861 1293 3918 euius

219 3948 425 4003 coniecturam.
450 3966 508 4020 qna
531 3958 643 4004 tantum
667 3949 782 4004 litterae
805 3948 914 4004 rectius
933 3957 1115 4023 separantur,
1139 3956 1205 4020 post
1223 3947 1291 4003 Bai·

218 4043 311 4088 terum
336 4045 453 4088 aeentus
476 4051 549 4089 sirm.
597 4034 700 4089 lectori
721 4034 828 4089 dieitur
847 4033 992 4107 lapathus,
1015 4033 1097 4089 euius
1115 4031 1239 4105 pretium
1264 4039 1293 4088 et

218 4117 345 4192 dignitas
368 4136 425 4172 non
450 4113 589 4195 constet]

305 4205 432 4271 Laeh'us)
448 4205 559 4275 (operito
572 4213 754 4278 praeponunt
770 4203 856 4258 etiarn
871 4221 972 4258 omnes
981 4202 1060 4262 Oxx.
1075 4203 1178 4275 (iniquo
1188 4204 1292 4273 eopnr'ta

220 4287 254 4355 E,
279 4290 369 4361 r'm'quo
391 4292 509 4358 ooqrrr'taa
527 4283 553 4358 ξ)
577 4299 614 4349 et,
641 4287 710 4343 mihi
734 4289 827 4348 erade,
851 4306 952 4343 omnes
969 4288 1108 4345 omniurn.
1132 4287 1186 4342 etsi
1205 4285 1293 4343 Grut.

219 4381 249 4427 et
272 4373 346 4428 Dav.
371 4381 482 4429 tacent.
512 4372 605 4430 Gaius
636 4390 723 4437 „aaron
751 4373 906 4447 ignorarett
937 4391 989 4447 pro
1017 4371 1185 4428 testimonio
1213 4371 1293 4438 die-it,

219 4457 270 4530 qni
292 4457 353 4515 Eri.
377 4456 422 4535 [et
447 4455 485 4533 B]
508 4458 702 4514 convincitur.
749 4461 899 4532 Apparet,
928 4458 984 4514 iarn
1009 4457 1118 4514 codicis
1141 4456 1293 4534 archetypi
