3030 5086
496 495 539 540 nr
565 495 645 541 mar„
670 495 732 541 arn.
752 496 774 541 v
797 495 870 543 cnr.
890 498 931 546 aa
946 499 1009 560 (or.)
1229 480 1292 545 749

214 662 303 725 bonis
327 662 520 741 numerabis,
542 663 668 741 amicos,
691 663 813 741 liberos,
835 665 1045 746 propinquos,
1068 664 1210 744 divitias,
1232 664 1293 729 ho-

215 781 318 842 nores,
336 781 422 843 opes.
452 763 569 828 Contra
585 765 643 828 hoc
659 767 787 830 attende
804 785 853 831 me
870 765 945 830 nihil
963 766 1081 846 dicere;
1097 764 1174 829 iilud
1188 766 1292 846 dune,

213 865 241 929 si
263 865 325 928 ista
347 864 430 929 mala
451 872 540 943 sunt,
562 866 593 929 in
616 885 697 946 quae
719 873 824 947 potest
845 867 983 932 incidere
1003 867 1144 949 sapiens,
1166 869 1291 949 sapien-

214 974 276 1031 tem
305 985 374 1030 esse
403 984 465 1030 non
493 967 571 1032 satis
599 986 669 1033 esse
691 969 733 1033 ad
755 969 846 1034 beate
869 969 1043 1034 vivendum.
1086 970 1185 1034 Immo
1207 987 1291 1048 vero,

214 1068 327 1149 inquit,
350 1068 391 1132 ad
414 1068 591 1134 beatissime
613 1069 777 1135 vivendum
805 1089 919 1151 parum
940 1077 1001 1150 est,
1027 1072 1070 1136 ad
1091 1071 1181 1135 beate
1204 1070 1331 1139 salisb

215 1171 444 1247 Animadverti,
472 1169 613 1252 inquam,
642 1180 673 1236 te
694 1172 755 1236 isto
777 1171 871 1236 modo
894 1172 988 1253 paulo
1011 1179 1237 1254 anteponere,
1262 1179 1295 1237 et

285 1365 307 1405 2.
329 1358 417 1407 Contra
434 1356 615 1411 huecLCllOr.
643 1357 703 1406 nihil
719 1373 776 1407 curn
795 1360 867 1408 uncis
883 1360 928 1410 Or.
956 1358 1016 1408 illud
1031 1359 1109 1409 etiem
1128 1375 1176 1408 orn,
1196 1375 1291 1418 omncs,

216 1425 259 1473 Or.
297 1433 319 1476 A.
339 1443 385 1473 non
403 1436 550 1473 asareem
579 1425 678 1475 Paetis
697 1436 790 1491 transp.
810 1428 1005 1491 postoioendnm
1025 1427 1158 1478 LPCllOr.
1195 1432 1217 1474 A,
1238 1429 1294 1476 bane

216 1496 273 1557 (pro
291 1495 368 1553 beate)
390 1494 408 1540 l,
428 1493 489 1542 Post
506 1494 573 1543 bene
591 1496 640 1543 add
668 1512 723 1544 vcro
742 1495 885 1552 archon,
905 1496 945 1545 hic
964 1511 1020 1545 curn
1040 1498 1112 1546 uncis

217 1633 354 1702 minores,
378 1632 497 1690 Ottonis
514 1651 552 1688 ex
569 1634 706 1691 omnibus
722 1634 863 1692 confusos
880 1653 995 1691 errores
1013 1636 1127 1693 omitto.
1165 1636 1294 1692 Karnius

181 1720 183 1724 ⁴
217 1717 316 1773 omnia
338 1730 426 1774 recte.

301 1822 342 1859 nie
364 1804 429 1859 nihil
450 1805 553 1868 dr'oere;
575 1805 645 1859 illud
666 1804 767 1878 dicere)
788 1804 1020 1869 „Animadverte
1043 1805 1142 1881 igitur,
1167 1824 1211 1861 rna
1235 1824 1293 1861 non

217 1888 272 1943 hoc
290 1888 385 1963 ipsunt
404 1887 627 1962 reprehendere.
646 1888 723 1962 quod
742 1888 800 1945 tria
816 1907 926 1965 genera
943 1890 1084 1946 bonorum
1103 1890 1293 1947 etmalorum

216 1991 319 2047 ponas,
337 1973 388 2028 sed
406 1973 493 2046 quod,
511 1990 577 2029 cunr
595 1973 651 2029 hoc
663 1972 764 2044 facias,
783 1985 879 2030 tamen
893 1975 1054 2050 sapientem
1072 1994 1132 2032 una
1149 1975 1296 2050 sapientia

217 2069 246 2113 et
263 2057 372 2114 virtute
390 2059 507 2114 beatum
525 2076 590 2114 esse
608 2057 719 2114 dicas.“
755 2059 837 2116 Idem
856 2059 961 2119 Cicero
978 2069 1067 2125 tenet,
1087 2061 1165 2134 quod
1184 2060 1213 2116 in
1232 2070 1294 2117 tolo

216 2143 272 2198 hoc
295 2143 369 2205 loco,
395 2154 427 2199 ut
450 2161 507 2199 non
530 2143 625 2216 ipsam
644 2145 821 2201 sententiam
844 2144 950 2201 falsam
973 2163 1037 2201 esse
1060 2163 1137 2202 nunc
1156 2146 1294 2219 disputet,

217 2227 267 2283 sed
291 2246 354 2284 earn
378 2227 436 2284 sibi
459 2246 515 2284 non
539 2237 684 2284 constare.
728 2229 762 2286 In
786 2228 851 2287 eod.
875 2230 953 2286 arch.
977 2229 1196 2287 interciderant.
1220 2248 1295 2303 quaa

217 2331 272 2386 ego
294 2312 421 2380 restitui,
444 2313 535 2369 verba
552 2314 622 2369 illud
643 2315 738 2383 dicere,
762 2312 919 2371 manifesta
940 2333 1039 2382 earrsa,
1063 2325 1185 2390 propter
1207 2333 1295 2389 quam

218 2397 385 2472 paulopost
401 2397 430 2452 in
444 2398 470 2453 P
482 2415 547 2453 meo
565 2407 594 2453 et
606 2396 685 2455 Gud.
700 2410 826 2472 utroque
843 2400 1017 2456 exciderunt
1035 2421 1086 2456 non
1103 2419 1168 2457 ease.
1190 2402 1296 2473 Itaque

219 2482 389 2551 Lambinus,
412 2482 582 2551 moestius,
606 2482 780 2541 Schuetaius
801 2502 820 2540 a
841 2485 988 2541 sententia
1010 2485 1096 2561 longe
1119 2485 1297 2542 coniecturis
1335 2514 1340 2525 ·

217 2569 406 2634 aberrarunt;
429 2566 570 2624 Davisius
587 2577 685 2624 autom
704 2578 735 2625 at
750 2568 845 2627 Gaius
862 2589 936 2641 earn,
956 2588 1043 2643 quarn
1062 2569 1113 2626 ille
1131 2571 1297 2646 perspicue,

218 2652 266 2709 hic
288 2653 438 2709 erroribus
460 2652 641 2727 implicatam
665 2653 747 2717 vidit,
771 2655 947 2711 sententiam
972 2654 1089 2711 efficere
1112 2673 1171 2712 non
1195 2665 1297 2731 potue-

219 2748 296 2804 runt,
315 2736 364 2793 ille
379 2737 525 2793 scribens:
548 2739 616 2795 nihil
632 2740 736 2805 dicem
759 2743 870 2796 ernisto
888 2750 954 2807 eet,
978 2740 1035 2808 hic,
1058 2758 1124 2797 cum
1142 2740 1171 2796 in
1185 2740 1296 2798 Gudt

219 2832 249 2877 et
260 2823 328 2879 Bas.
348 2823 398 2878 aed
415 2841 469 2897 pro
486 2826 511 2878 ai
526 2823 666 2897 scriptum
685 2834 772 2891 essct,
795 2825 852 2881 ita:
874 2826 941 2881 nihil
957 2826 1053 2892 dicere,
1076 2826 1125 2881 aad
1141 2832 1167 2882 si
1177 2829 1229 2881 isto
1241 2834 1297 2880 cet.

220 2908 254 2963 ln
272 2906 327 2962 hac
344 2906 487 2963 orationis
503 2906 599 2964 forma
610 2926 679 2976 non,
703 2919 734 2964 ut
747 2909 882 2980 debebat,
905 2929 943 2966 ex
960 2910 1028 2966 nihil
1042 2911 1130 2966 dicere
1147 2910 1299 2966 audiretur

220 2994 317 3060 dicere,
341 2991 391 3047 sed
415 2991 561 3048 sententia
583 2993 698 3049 infinita
720 3003 788 3068 post
805 2996 862 3059 sed.
885 3004 916 3051 ut
936 2995 1079 3069 superior,
1102 2995 1242 3068 penderet
1260 2995 1298 3050 ab

220 3076 271 3133 illo
293 3078 408 3135 attende.
454 3077 562 3148 (Acad.
582 3078 622 3139 ΙΙ,
647 3079 720 3134 103:
742 3099 760 3135 α
782 3080 879 3153 qubus
901 3099 1047 3154 numquam
1069 3081 1169 3137 doctrino
1190 3083 1233 3136 ait.
1258 3111 1292 3120 --

220 3163 289 3218 illud
315 3166 349 3217 ait
371 3162 538 3235 disputatum
559 3174 615 3218 cet.
660 3163 769 3219 Eodem
801 3164 886 3221 modo
913 3165 961 3220 hic
991 3165 1029 3221 79
1058 3166 1127 3220 illud
1155 3166 1228 3232 (lico,
1259 3164 1298 3220 80

220 3249 289 3303 illud
310 3250 458 3320 erponem.)
502 3244 577 3326 [Pro
599 3250 672 3304 molo
693 3259 756 3304 annot
785 3247 911 3305 fortasse
933 3249 1118 3306 scribendum
1141 3252 1214 3306 mohs
1236 3253 1299 3315 airu,

222 3332 358 3388 Baiterus
388 3349 446 3387 non
470 3332 533 3388 siue
556 3350 645 3390 causa
667 3329 859 3412 suspicatum]
907 3334 1007 3391 Contra
1035 3336 1083 3391 hoc
1110 3334 1199 3391 etiam
1222 3333 1299 3398 Pall,

222 3419 241 3472 4
264 3427 293 3472 et
317 3418 345 3474 6,
393 3415 545 3492 [Baitorus
568 3418 656 3474 tacite
679 3419 752 3476 haec.
799 3418 862 3475 Non
884 3423 951 3475 natis
973 3438 1030 3475 eoae
1051 3419 1140 3476 etiarn
1164 3416 1213 3496 Β.]
1258 3413 1301 3485 E}

221 3501 361 3559 omittunt
380 3505 454 3560 sotio.
496 3503 569 3565 Vero,
593 3502 671 3576 quod
695 3502 783 3578 paulo
805 3512 873 3578 post
895 3504 1061 3561 intendente
1078 3513 1107 3560 et
1125 3509 1192 3561 aetia
1211 3504 1302 3559 inter·

222 3586 402 3661 ponebatur,
426 3587 580 3643 omittebat
603 3588 691 3644 etiam
716 3588 793 3663 Spir.
817 3586 883 3666 [B].
931 3589 970 3647 Et
992 3588 1163 3664 saepissimo
1187 3588 1301 3645 librarii

222 3672 381 3746 particulas
404 3672 606 3730 adversativas
629 3672 750 3744 addunt,
774 3673 824 3730 ubi
847 3673 982 3732 Ciceroni
1006 3675 1036 3730 in
1059 3673 1215 3731 contrariis
1237 3674 1305 3730 aine'

224 3757 368 3830 particula
390 3757 475 3813 iuxta
496 3757 601 3832 positis
624 3757 717 3815 maius
740 3758 854 3833 pondus
877 3759 1019 3816 orationis
1041 3777 1106 3816 esse
1129 3759 1224 3815 visum
1248 3767 1301 3814 est.

304 3844 388 3915 poulo
410 3845 483 3915 arete)
501 3847 516 3913 ξ
531 3844 579 3899 71.
615 3843 795 3900 Antiochum
820 3843 906 3900 huius
929 3843 1127 3900 distinctionis
1150 3853 1300 3900 auctorem

222 3925 327 3984 Cicero
349 3925 423 3983 facit
445 3927 532 3984 etiarn
552 3928 645 3984 Aead.
658 3929 699 3996 ΙΙ,
716 3930 785 3998 134,
808 3928 865 3985 nisi
878 3929 1060 3986 Antiochum
1080 3948 1134 4004 pro
1149 3928 1302 4003 Peripate·

223 4012 298 4081 ticin,
322 4032 445 4086 quorum
469 4013 587 4068 decreta
609 4012 647 4068 ab
669 4013 721 4069 illo
740 4014 884 4082 sumebat,
908 4013 1086 4082 nominavit3
1110 4012 1301 4087 nequeenim

223 4097 417 4171 improbabile
440 4106 499 4165 est,
524 4097 582 4153 iam
605 4106 673 4154 ante
696 4098 827 4172 aliquos,
850 4106 916 4155 orta
939 4099 1110 4174 praesertim
1136 4098 1302 4157 Stoicorum

223 4182 337 4244 schola,
361 4183 549 4238 fluctuantem
573 4183 746 4240 Aristotelia
770 4182 990 4257 mollioremque
1013 4182 1212 4258 Theophrasti
1234 4201 1302 4240 sen-

224 4267 345 4324 tentiam
369 4268 398 4322 in
422 4285 510 4324 unam
533 4267 690 4324 formulam
713 4268 756 4325 sic
778 4269 929 4326 conflasse.
975 4269 1024 4325 Ab
1041 4268 1192 4326 Antiocho
1214 4268 1303 4325 etiarn

225 4352 320 4408 Varro
343 4351 432 4408 sumit
454 4352 533 4427 apud
556 4352 756 4429 Augustinum
780 4353 816 4409 da
833 4352 899 4412 civ.
913 4354 972 4412 Dei
983 4355 1073 4413 xlx
1087 4355 1121 4412 3:
1143 4354 1220 4411 Haec
1241 4372 1304 4426 erpo

225 4439 279 4493 nito
301 4438 422 4505 lerninis,
445 4457 515 4512 qnae
536 4441 632 4495 vinata
653 4447 678 4495 et
700 4439 762 4496 aliia
783 4440 868 4497 annm
884 4449 909 4497 et
925 4447 1047 4516 eorporis
1064 4441 1148 4510 bonta
1170 4441 1227 4496 anre
1242 4441 1305 4514 qni·
