3030 5086
244 455 308 522 312
636 473 681 519 ns
703 472 834 520 marens
856 472 929 518 serv.

244 641 312 720 sit,
345 641 384 705 id
414 658 500 706 esse
534 641 618 706 sine
648 657 777 718 sensu;
810 641 912 721 qnod
940 647 1066 706 autem
1096 640 1179 706 sine
1208 658 1323 706 sensu

245 744 312 821 sit,
340 743 379 806 id
407 741 502 807 nihil
529 743 577 806 ad
605 741 900 823 nospertinere
928 742 1087 806 omnino.
1132 742 1200 807 Hoc
1221 743 1323 823 ipsum

245 844 418 924 elegantius
448 843 522 924 poni
544 843 715 924 meliusque
737 843 847 925 potuit
892 843 973 908 Nam
1002 845 1087 925 quod
1113 844 1158 908 ita
1185 844 1323 926 positum

245 953 307 1024 est,
341 948 441 1026 quod
469 945 701 1010 dissolutum
730 945 796 1024 sit,
828 945 867 1010 id
896 963 981 1010 esse
1014 946 1098 1010 sine
1125 964 1255 1025 sensu,
1290 946 1323 1010 id

204 1048 397 1115 heiusmodi
419 1055 477 1127 est,
499 1052 535 1111 ut
557 1066 619 1112 non
641 1048 717 1112 satis
739 1047 834 1129 plane
857 1047 949 1126 dicat,
973 1048 1047 1128 quid
1070 1047 1111 1112 sit
1128 1047 1322 1113 dissolutum.

245 1151 318 1216 101.
341 1149 402 1215 Sed
424 1156 525 1214 tamen
549 1149 709 1230 intellego,
737 1149 812 1231 quid
834 1149 916 1214 velit.
962 1152 1087 1228 Quaero
1109 1156 1227 1228 autem,
1249 1150 1324 1230 quid

245 1252 294 1331 sit,
316 1253 409 1333 quod,
432 1270 501 1317 curn
524 1251 735 1330 dissolutione,
757 1252 790 1315 id
812 1257 868 1329 est,
890 1260 991 1315 morte
1013 1269 1123 1315 sensus
1146 1250 1247 1315 omnis
1270 1269 1323 1316 ex·

244 1353 418 1436 tingvatur,
446 1364 480 1418 ct
505 1371 574 1418 cum
597 1353 710 1434 reliqui
731 1352 806 1418 nihil
829 1353 870 1417 sit
891 1352 1031 1430 omnino,
1061 1354 1146 1433 quod
1168 1353 1325 1434 pertineat

245 1456 287 1521 ad
308 1473 380 1533 nos,
410 1461 474 1519 tam
500 1461 645 1519 accurate
668 1460 793 1536 tamque
816 1453 981 1535 diligenter
1008 1460 1117 1518 caveat
1143 1460 1175 1518 et
1197 1455 1324 1533 sanciat,

186 1556 287 1622 tout
309 1555 612 1638 Amynomachus
635 1567 672 1620 et
694 1556 951 1629 TimocrateS,
982 1555 1145 1621 heredes
1174 1556 1247 1636 sui,
1277 1556 1324 1621 de

246 1656 472 1723 Hermarchi
496 1657 694 1722 sententia
716 1658 815 1734 dent,
838 1658 938 1739 quod
961 1657 1058 1721 satis
1081 1658 1134 1721 sit
1154 1658 1205 1722 ad
1226 1658 1325 1723 diem

316 1882 338 1926 2.
358 1878 450 1927 omnino
469 1876 506 1927 ad
523 1893 566 1926 aas
581 1876 698 1942 pertinere
716 1877 815 1928 nucu
866 1881 889 1928 8.
910 1877 968 1941 quid
985 1879 1060 1928 aas}
1113 1883 1136 1930 h.
1154 1875 1325 1929 huiusmodic

249 1949 270 1994 7.
294 1964 345 1996 cam
370 1962 419 1996 om.
443 1946 465 1994 E
519 1945 658 2010 satrirpvr'tur
681 1946 701 1996 C
772 1951 795 1994 9.
821 1945 934 2011 [saactr'at
952 1947 985 2013 A]
1013 1946 1128 1997 sanctitat
1149 1946 1172 1995 E
1198 1945 1284 1996 sentiat
1304 1946 1326 1995 R

250 2018 288 2064 lt).
309 2014 502 2080 [Amiaomaclms
523 2015 555 2080 A]
580 2013 766 2064 Antt'rromaelroa
785 2013 905 2065 LPMCR
947 2015 981 2064 ad
999 2017 1056 2081 (pro
1073 2014 1154 2077 delli
1202 2020 1238 2066 ll.
1259 2013 1325 2064 Her·

247 2083 326 2131 maedi
343 2083 363 2130 L
382 2082 513 2132 Hemaadii
529 2082 605 2132 Pola
640 2081 738 2132 Heronio
757 2082 777 2133 C

247 2289 336 2347 tionis
359 2289 501 2365 explicari
520 2289 656 2346 debuisse
668 2288 773 2348 Cicero
791 2289 872 2358 dicit,
896 2299 928 2348 ut
944 2290 1120 2365 interpretes
1137 2288 1327 2346 reddiderunt

248 2385 277 2432 et
299 2374 427 2431 editores
450 2374 620 2451 intellegere
644 2374 781 2431 videntur
804 2375 845 2450 (id
874 2376 951 2432 enim
975 2384 1067 2432 esset:
1095 2376 1164 2449 quid
1191 2377 1226 2431 sit
1252 2393 1326 2431 esse

247 2460 427 2533 dissolutum),
451 2460 502 2518 sed
525 2460 690 2517 addendum
713 2458 814 2528 fuisse,
837 2460 924 2529 illud,
949 2460 1027 2535 quod
1050 2459 1224 2517 dissolutum
1248 2458 1326 2516 dica-

248 2552 311 2613 tnr,
342 2563 406 2602 esse
428 2545 556 2602 animum
587 2555 616 2602 et
644 2563 750 2620 corpus
774 2555 866 2602 morte
889 2544 1064 2603 seiunctum.
1110 2545 1231 2621 Frigida
1254 2545 1327 2601 haec

247 2629 398 2687 cavillatio
421 2630 484 2687 inre
502 2629 602 2688 Gellio
619 2631 744 2687 videtur.
779 2630 838 2689 Sed
855 2649 893 2687 ex
904 2630 1070 2688 Alexandri
1084 2628 1327 2705 Aphrodisiensis

247 2715 438 2773 annotatione
467 2715 503 2772 ad
527 2716 652 2773 Aristot.
675 2717 750 2789 Top.
773 2716 787 2773 1
812 2735 839 2790 p.
859 2716 875 2771 7
901 2717 940 2791 (p.
960 2716 1022 2772 253
1045 2715 1090 2772 ed.
1114 2715 1212 2774 Berol.
1242 2715 1327 2772 scho-

248 2799 353 2858 liorum
377 2800 530 2874 Aristot.),
561 2819 648 2874 qnam
678 2810 746 2876 post
773 2801 921 2857 Manatum
950 2803 1050 2874 (Varr.
1079 2801 1160 2859 Lect.
1184 2801 1249 2868 x1,
1276 2800 1326 2873 16)

247 2883 309 2944 Iac.
327 2883 500 2943 Gronovius
523 2885 559 2942 ad
578 2884 708 2944 Gellium
726 2885 872 2960 ascripsit,
896 2904 1039 2961 apparere
1056 2886 1182 2954 videtur,
1206 2902 1260 2942 nec
1277 2882 1327 2943 ci-

248 2987 383 3028 ceronem
407 2969 604 3029 necGellinm
627 2971 699 3028 satis
721 2969 913 3039 intellexisse,
937 2970 1006 3045 quid
1030 2970 1059 3027 in
1077 2971 1206 3046 Epicuro
1229 2988 1327 3044 repre-

248 3055 440 3125 henderetur3
463 3056 519 3112 hoe
542 3056 619 3113 enim
642 3056 921 3131 reprehendebatur,
944 3056 1022 3130 quod
1040 3075 1057 3111 a
1075 3055 1267 3114 dissolutione
1289 3055 1328 3112 ad

248 3140 422 3198 dissolutum
447 3140 555 3198 iniuria
578 3140 730 3210 transiret3
754 3142 953 3215 nequeenim,
977 3141 1055 3216 quod
1074 3141 1114 3205 id,
1137 3142 1216 3216 quod
1233 3141 1327 3198 disso-

249 3225 341 3282 lutum
366 3235 457 3295 esset,
481 3226 544 3283 sine
567 3245 653 3284 sensu
677 3236 769 3296 esset,
799 3226 895 3302 sequi,
919 3235 952 3284 ut
974 3227 1062 3284 etiam
1086 3227 1152 3302 ipse
1173 3226 1327 3284 dissolutio

248 3322 279 3367 et
302 3328 380 3367 mors
402 3311 486 3368 fieret
507 3311 571 3368 sine
593 3330 690 3369 sensu.
735 3311 823 3384 (cfr,
853 3330 928 3386 quae
955 3312 1019 3387 ipse
1042 3313 1104 3368 dixi
1128 3331 1218 3388 supra
1240 3332 1266 3388 p.
1286 3312 1326 3368 83

248 3395 287 3454 ad
315 3396 406 3452 verbe
439 3416 512 3454 mors
538 3417 617 3454 sercou
645 3401 758 3470 careat.)
813 3397 889 3454 Tum
919 3397 991 3453 ordo
1019 3397 1176 3454 verborum
1205 3416 1223 3454 a
1251 3396 1327 3456 Gaio

249 3490 398 3538 correctns
426 3490 472 3538 est
499 3481 587 3539 etiam
611 3501 626 3539 e
652 3482 729 3557 Spir.
754 3493 783 3539 et
806 3481 885 3540 Gud.
914 3485 945 3552 1,
976 3492 1005 3538 et
1028 3490 1092 3539 erat
1113 3482 1156 3540 sic
1178 3482 1208 3539 in
1232 3480 1276 3559 [A
1299 3490 1329 3538 et

249 3565 275 3623 B
298 3563 342 3643 et]
366 3567 410 3622 ed.
434 3565 515 3625 Orat.
563 3568 676 3642 Vulgo,
699 3567 785 3626 utin
809 3566 917 3624 nostris
939 3577 1087 3641 quattuor.
1133 3569 1203 3626 Vox
1224 3569 1328 3623 omnivm

249 3651 345 3709 sicin
368 3661 532 3709 extremum
562 3652 657 3709 locum
686 3652 758 3708 reici
780 3653 829 3710 111
851 3653 889 3709 N.
912 3652 951 3710 D.
978 3654 1015 3709 69
1040 3656 1104 3724 (aon
1125 3653 1253 3709 adhibere
1274 3671 1327 3708 om·

248 3738 321 3811 ttirro)
344 3747 374 3793 et
397 3736 490 3797 Acad.
513 3738 555 3807 Il,
580 3740 619 3794 48
643 3746 673 3794 et
694 3737 775 3809 alibi,
800 3737 893 3796 Gaius
917 3738 1040 3794 notavit.

339 3823 406 3879 101.
435 3834 527 3879 caveat
554 3833 579 3879 et
600 3823 718 3897 sanciat)
742 3823 771 3879 in
796 3832 972 3879 testamento
994 3822 1073 3897 apud
1096 3823 1184 3899 Diog.
1207 3823 1253 3894 X,
1280 3823 1327 3880 18.

249 3907 467 3982 Amynomaehi
495 3927 601 3965 nomen
635 3909 665 3965 in
687 3908 774 3967 ·Oxx.
805 3907 888 3965 codd.
916 3908 1053 3965 similiter
1080 3916 1249 3984 corruptum
1284 3918 1330 3966 est

249 4001 337 4066 atque
360 3992 390 4048 in
414 3992 522 4050 nostris
540 3993 750 4062 deterioribus3
773 4002 851 4050 recte
869 4012 926 4069 mg.
940 3992 1020 4052 Crat.
1055 3996 1102 4050 Ad
1118 4012 1172 4069 pro
1189 3996 1223 4050 de
1239 3993 1328 4050 etiam

251 4077 327 4151 Spin.
348 4073 419 4157 [B];
448 4079 499 4135 sed
527 4081 565 4135 ad
586 4081 742 4136 senteutiam
763 4083 878 4137 alieuius
894 4081 990 4152 facem
1011 4081 1118 4153 aliquid
1139 4097 1197 4136 non
1220 4078 1328 4136 usitate

250 4161 365 4220 dicitnr.
399 4162 532 4220 Lunares
549 4163 775 4220 Atheniensium
794 4182 908 4221 menses
931 4175 961 4220 et
983 4164 1095 4221 dierum
1119 4183 1136 4219 a
1159 4182 1236 4221 nova
1258 4164 1330 4221 luna

249 4266 435 4324 progressum
460 4248 564 4307 Cicero
588 4248 765 4325 significavit
787 4251 898 4326 (lunae),
943 4250 994 4316 Iis,
1020 4268 1095 4323 quae
1118 4250 1154 4306 de
1178 4249 1223 4306 his
1245 4249 1329 4306 feriis

250 4333 408 4390 vicesimae
438 4334 523 4390 lvvnae
552 4334 672 4410 collegit
694 4335 849 4409 Menagius
877 4334 914 4391 ad
938 4335 1040 4410 Diog..
1069 4335 1234 4391 addendum
1257 4334 1330 4392 Phi·

250 4418 357 4476 lodemi
381 4419 563 4496 epigramma
584 4421 613 4477 in
637 4420 800 4496 Antholog.
823 4420 920 4478 Palat.
942 4421 999 4491 Xl,
1025 4423 1074 4477 44.
