3030 5086
462 491 504 535 aa
530 490 608 535 usa.
632 489 695 535 ura.
718 490 751 535 ru
775 467 848 536 cnr.
869 493 890 540 a.
911 494 955 550 (a).
1184 474 1246 541 353

171 658 233 735 loe,
258 659 304 721 vir
327 676 395 721 cum
419 658 561 722 omnibus
584 657 749 736 excellens,
778 666 843 721 tum
866 677 984 723 mecum
1007 667 1038 723 et
1059 657 1194 722 amicitia
1216 665 1248 723 et

244 815 264 861 l.
284 810 320 859 vir
338 818 384 858 lum
405 809 477 859 EMC

164 968 236 1006 eum
254 950 401 1019 hocloco,
419 959 507 1022 atque
525 968 622 1023 supra,
640 949 756 1005 nomine
774 948 976 1025 significasset,
995 968 1059 1006 cum
1073 949 1245 1025 praesertim

172 1054 239 1089 mox
258 1033 435 1108 Caepionem
454 1034 542 1089 alium
562 1034 727 1090 nominaret
743 1052 797 1103 nec
819 1035 908 1090 ullam
927 1035 1019 1090 altero
1037 1045 1103 1091 utro
1121 1035 1185 1091 loco
1203 1035 1247 1091 di·

172 1119 339 1194 stingvendi
367 1129 464 1177 notam
495 1118 623 1174 adderet.
668 1118 720 1188 Et,
751 1119 808 1175 nisi
836 1118 940 1177 Cicero
969 1119 1124 1176 admodum
1155 1120 1246 1176 Bruto

171 1205 328 1269 blanditur,
353 1223 410 1278 qno
434 1214 565 1278 tempore
589 1204 635 1259 hie
658 1221 753 1259 sermo
772 1204 849 1259 inter
865 1203 1036 1262 Ciceronem
1056 1214 1084 1260 et
1103 1204 1245 1263 Catonem

172 1289 289 1345 habitus
313 1289 440 1362 fingitur,
464 1288 592 1344 nondum
616 1297 732 1362 poterat
750 1289 863 1349 Brutus,
882 1289 959 1344 inter
972 1289 1125 1346 Lucullum
1144 1299 1173 1345 et
1190 1289 1246 1348 Ca·

169 1384 268 1430 tonem
294 1375 362 1448 poni
384 1373 496 1442 tertius,
519 1373 566 1428 cui
589 1391 662 1446 puer
683 1374 860 1447 respondere
884 1373 1013 1432 deberet.
1059 1374 1118 1433 Sed
1141 1392 1247 1449 magna

170 1458 330 1515 difficultas
353 1468 396 1514 est
420 1459 449 1513 in
474 1458 524 1526 iis,
549 1476 623 1531 quae
647 1468 822 1532 sequuntur:
846 1461 891 1514 avi
912 1462 1036 1514 memoria
1058 1479 1177 1525 rnooeor3
1200 1477 1247 1516 nec

170 1547 238 1599 enirn
261 1547 376 1616 ipieoroa
400 1547 496 1617 pamm
505 1546 617 1616 fecerim
638 1543 803 1616 Caepionem,
827 1551 856 1597 et
878 1543 956 1616 quod
975 1542 1049 1601 Cato
1071 1563 1138 1602 mox
1156 1543 1246 1619 signi·

171 1629 247 1694 licat,
265 1629 342 1684 hunc
361 1638 535 1684 testamento
548 1629 656 1684 liberos
668 1646 737 1684 suos
749 1627 884 1686 Ciceroni
897 1629 1125 1685 commendasse.
1159 1629 1245 1697 Nam,

171 1714 222 1787 qui
239 1732 265 1769 a.
280 1714 318 1769 90
342 1713 430 1788 periit
451 1713 565 1788 legatus
587 1713 716 1769 consulis
739 1722 768 1769 et
790 1713 849 1768 dux
873 1713 1029 1783 exercitus,
1053 1731 1147 1786 neque
1166 1731 1245 1789 mag-

172 1817 238 1854 nnm
263 1817 327 1855 cum
346 1798 496 1860 Cicerone,
521 1807 580 1853 tum
600 1797 650 1852 vix
674 1798 800 1854 sedecim
823 1816 915 1854 annos
933 1808 1012 1866 neto,
1035 1800 1119 1854 u'sum
1139 1798 1245 1854 habere

171 1902 265 1956 neque
294 1884 320 1939 ei
343 1884 452 1940 liberos
474 1883 679 1939 commendare
702 1883 806 1956 potuit.
852 1883 903 1952 Et,
932 1893 964 1938 nt
992 1892 1127 1957 putemus
1154 1883 1244 1939 alium

172 1968 253 2023 illum
272 1963 406 2042 ¹legatum
430 1967 530 2036 fuisse,
556 1966 657 2024 Liviae
676 1967 812 2024 maritum
831 1967 945 2042 longius
963 1968 1053 2024 vitam
1072 1968 1246 2043 produxisse

170 2054 359 2126 (quemquam
384 2071 478 2126 neque
494 2053 542 2109 liic
560 2052 721 2126 Q.·Caepio
744 2061 847 2127 postea
869 2053 1037 2109 nominatur
1057 2071 1152 2127 neque
1169 2053 1248 2109 alius

171 2139 208 2193 ad
237 2136 316 2193 illam
347 2138 524 2213 legationem
552 2146 638 2212 aptus
661 2138 833 2211 reperitur),
866 2148 962 2194 tamen
991 2137 1063 2194 hacc
1086 2139 1190 2194 verba:
1218 2141 1245 2194 in

166 2223 337 2297 priirerpibas
360 2227 423 2278 iam
446 2233 527 2291 esset,
555 2226 580 2278 ei
601 2225 709 2291 eiceret,
740 2221 1008 2280 manifestissimum
1032 2232 1090 2292 est,
1119 2224 1156 2279 ad
1179 2241 1245 2279 enm

171 2327 228 2363 non
242 2308 398 2381 pertinere,
417 2309 466 2381 qui
485 2308 543 2380 iam
558 2325 622 2364 cum
637 2307 735 2363 Druso
752 2315 867 2363 certans
886 2326 1023 2382 magnum
1043 2308 1071 2363 in
1085 2309 1247 2382 republica

171 2401 349 2449 momentum
374 2393 507 2449 habuerit
537 2391 653 2464 etqui,
682 2393 708 2448 si
731 2410 807 2448 nunc
830 2391 1036 2467 superfuisset,
1066 2410 1157 2449 senex
1180 2393 1247 2467 plus

170 2496 257 2550 quam
281 2479 523 2552 septuagenarius
546 2477 663 2534 loturus
685 2475 788 2546 fuerit,
819 2477 843 2533 si
873 2485 985 2532 tantum
1009 2477 1130 2553 triginta
1153 2495 1245 2534 annos

171 2571 271 2618 natum
305 2580 369 2618 cum
401 2563 499 2620 Druso
533 2562 701 2618 inimicitias
734 2561 859 2637 gessisse
893 2562 1063 2630 statuimus3
1097 2562 1148 2618 sed
1182 2571 1246 2618 erat

173 2647 262 2703 multo
287 2647 387 2708 maior,
412 2656 444 2702 nt
465 2647 515 2720 qui
538 2666 566 2704 a.
583 2648 640 2702 100
664 2655 802 2719 quaestor
818 2646 922 2703 fuisset
941 2647 990 2718 (ad
1003 2647 1132 2702 Herenn.
1145 2648 1169 2717 1,
1184 2648 1245 2720 21).

171 2731 360 2806 Significatur
382 2743 482 2805 aperte
501 2733 598 2797 home,
622 2732 681 2805 qui,
705 2732 729 2788 si
748 2732 880 2800 vixisset,
904 2732 959 2787 hoc
980 2740 1110 2806 tempore
1127 2732 1155 2787 in
1175 2733 1245 2789 flore

170 2817 276 2872 aetatis
310 2827 339 2872 et
368 2817 554 2873 auctoritatis
581 2815 699 2872 futurus
726 2815 829 2884 fuerit,
864 2816 914 2872 sed
944 2834 1028 2889 quem
1057 2826 1246 2890 praematura
1324 2852 1327 2859 ·

172 2920 249 2957 mors
272 2902 442 2969 extinxerit,
466 2901 588 2960 Catonis
610 2900 671 2957 fere
694 2901 840 2974 aequalis,
864 2901 892 2956 id
916 2910 969 2970 est,
994 2901 1029 2974 Q.
1045 2900 1164 2975 Caepio,
1189 2901 1244 2959 Ca-

171 2986 247 3041 tonis
268 2985 361 3041 frater
383 2987 524 3042 uterinus.
569 2986 598 3041 Is
622 2995 738 3060 poterat
760 2986 887 3041 moriens
910 2986 1000 3040 filium
1024 2984 1160 3043 Ciceroni
1183 2985 1244 3042 fere

171 3070 287 3143 aequali
311 3072 529 3137 commendare;
554 3072 662 3145 (liberos
674 3070 778 3128 Cicero
795 3071 989 3126 communiter·
1006 3071 1076 3125 dicit
1099 3071 1134 3126 de
1158 3090 1192 3126 eo
1215 3080 1245 3127 et

172 3154 317 3228 Lucullo).
353 3156 445 3228 Atqui
469 3156 494 3212 is
512 3174 569 3211 nou
587 3173 669 3223 avus,
692 3156 743 3211 sed
761 3156 923 3211 avunculus
941 3164 1004 3211 erat
1021 3154 1104 3229 pueri
1117 3155 1243 3215 Luculli.

169 3241 273 3313 Itaque
308 3249 385 3296 recte
415 3239 588 3299 Schuetzius
622 3238 824 3296 difficultatem
859 3240 1003 3296 sublatam
1038 3239 1102 3296 fore
1129 3240 1185 3310 eit,
1219 3241 1244 3297 si

169 3325 315 3381 scribatur
330 3328 456 3383 ourtncub'
471 3328 605 3391 anemoria,
623 3325 670 3380 cui
682 3325 724 3381 sic
742 3323 895 3393 assentior,
914 3334 945 3380 ut
961 3324 1058 3399 ipsum
1072 3324 1243 3382 Ciceronem

170 3410 389 3483 perturbatione
412 3411 536 3483 quadam
562 3409 732 3475 memoriae,
755 3410 851 3482 qualis
873 3427 961 3484 saepe
983 3410 1013 3464 in
1036 3410 1244 3485 cognationum

169 3495 245 3549 serie
262 3495 371 3568 optime
390 3496 473 3550 nobis
491 3503 560 3550 nota
577 3494 615 3550 ad
632 3494 837 3551 brevissimum
854 3503 969 3569 tempus
981 3493 1096 3563 accidit,
1114 3504 1144 3550 et
1157 3513 1244 3551 manu

170 3579 325 3634 aberrante
353 3585 398 3635 coi
419 3580 571 3654 scripsisse
595 3588 703 3654 putem.
748 3579 846 3652 (Quod
870 3578 1020 3636 Manutius
1044 3597 1075 3634 se
1098 3579 1243 3636 interdum

169 3682 205 3720 eo
228 3663 332 3719 deduci
355 3664 470 3733 scribit,
500 3673 530 3720 ut
559 3683 644 3719 avum
669 3665 767 3738 pueri,
796 3673 908 3738 patrem
933 3663 1124 3722 Serviliarum
1153 3674 1181 3720 et
1204 3664 1241 3737 Q.

170 3748 338 3822 Caepionis,
362 3767 378 3803 a
397 3749 485 3804 Drusi
503 3749 672 3804 adversario
689 3760 807 3824 separet
825 3759 855 3805 et
873 3749 935 3806 eius
952 3748 1042 3804 filium
1062 3748 1161 3819 faciat,
1184 3767 1243 3805 non

170 3842 255 3889 norat
274 3833 379 3889 Dionis
396 3833 605 3902 testimonium,
629 3834 712 3889 cuius
729 3834 856 3890 nondum
875 3833 1040 3908 fragmenta
1057 3834 1109 3890 illa
1126 3843 1243 3907 reperta

169 3927 268 3984 erant;
299 3918 403 3973 deinde
431 3937 490 3974 non
518 3918 740 3987 animadvertit,
770 3919 847 3975 hunc
875 3937 1005 3992 quoque,
1034 3935 1120 3991 quem
1149 3918 1243 3993 fingit,

170 4013 290 4077 propter
318 4003 476 4059 liberorum
507 4011 632 4059 aetatem
664 4003 808 4060 removeri
842 4004 928 4078 longe
962 4004 999 4059 ab
1033 4022 1067 4059 eo
1101 4012 1243 4078 tempore,

168 4088 248 4161 quod
272 4088 436 4162 significent
458 4088 562 4144 verba:
585 4091 612 4143 ia
630 4089 799 4162 principibus
820 4091 874 4144 inm
896 4087 988 4160 esset.)

256 4176 297 4228 vir
324 4193 382 4229 cnm
405 4174 524 4230 erunibus
546 4171 688 4248 eccelleas)
711 4173 776 4229 Hoc
800 4173 850 4228 vix
872 4172 958 4228 aliter
979 4172 1151 4247 intellegere
1175 4171 1244 4229 licet

171 4257 241 4325 nisi,
266 4258 411 4330 quomodo
435 4259 522 4314 etiam
546 4258 583 4314 ab
606 4258 673 4314 aliis
696 4266 847 4332 acceptum
867 4257 967 4325 video,
997 4264 1029 4313 ut
1051 4257 1169 4313 omnibus
1192 4257 1243 4314 da·

170 4342 248 4397 tivus
271 4343 308 4397 sit
332 4344 484 4399 masculini
506 4343 632 4418 generis.
678 4343 782 4416 Neque
812 4351 908 4398 tamen
938 4349 989 4398 aut
1017 4341 1081 4416 ipsa
1108 4341 1173 4399 leus
1201 4342 1243 4399 ita

167 4435 349 4502 exaggerata
371 4428 468 4502 placet
490 4429 653 4499 (omnibus
675 4429 818 4497 eccellens,
847 4445 905 4483 non
928 4426 983 4482 hac
1005 4426 1095 4483 illave
1116 4445 1163 4495 re,
1192 4426 1242 4484 sed

1005 4545 1037 4589 28
