3030 5086
321 504 382 571 138
710 524 755 570 nu
778 523 909 570 rmmus
932 524 1003 570 aon.

319 691 439 770 dicere,
473 710 534 772 qua
567 692 607 756 de
639 711 674 756 re
702 691 771 773 quis
799 692 892 756 vellet
919 690 1036 757 audire.
1080 694 1192 758 Audax
1223 696 1394 775 negotium;

319 795 454 859 dicerem
482 793 660 874 impudens,
691 793 751 858 nisi
778 794 838 858 hoc
864 792 1039 858 institutum
1067 804 1179 876 postea
1207 797 1394 862 translatum

319 896 362 961 ad
384 902 509 960 nostros
531 894 735 976 philosophos
758 903 850 961 esset.
894 897 923 960 2.
952 896 1013 961 Sed
1040 903 1073 962 et
1093 897 1192 976 illurn,
1222 917 1314 979 quem
1338 918 1394 964 no-

208 1036 213 1042 ·
318 997 448 1076 minavi,
477 1002 509 1060 et
530 1006 649 1062 ceteros
672 997 843 1077 sophistas,
871 1004 907 1062 ut
929 1017 946 1062 e
968 999 1100 1064 Platone
1120 999 1259 1081 intellegi
1281 1008 1395 1081 potest,

279 1099 404 1167 blusos
426 1099 568 1163 videmus
590 1118 609 1163 a
631 1099 768 1164 Socrate.
812 1100 844 1166 Is
872 1101 953 1164 enim
982 1103 1195 1181 percontando
1223 1109 1319 1183 atque
1346 1102 1394 1165 in-

317 1202 508 1282 terrogando
531 1200 641 1266 elicere
664 1200 785 1266 solebat
807 1220 914 1266 eorum
936 1203 1106 1284 opiniones,
1127 1203 1311 1284 quibuscum
1329 1204 1394 1268 dis·

317 1303 453 1383 serebat,
476 1311 511 1368 ut
532 1304 574 1367 ad
596 1322 643 1382 ea,
666 1322 747 1385 quae
768 1302 790 1367 ii
813 1303 1056 1384 respondissent,
1080 1305 1204 1385 siquid
1225 1305 1394 1384 videretur,

317 1405 445 1470 diceret.
491 1404 551 1485 Qui
573 1423 640 1469 mos
663 1423 731 1470 cum
754 1425 775 1469 a
796 1406 1023 1486 posterioribus
1053 1425 1114 1470 non
1137 1416 1220 1472 esset
1242 1415 1393 1486 retentus,

317 1507 474 1572 Arcesilas
497 1525 567 1572 eum
590 1507 751 1572 revocavit
776 1508 986 1588 instituitque,
1019 1515 1055 1572 ut
1076 1508 1111 1587 ii,
1140 1507 1193 1589 qui
1222 1528 1256 1574 se
1283 1510 1393 1574 audire

259 1611 301 1676 10
317 1608 439 1688 vellent,
462 1627 524 1673 non
547 1609 588 1674 de
610 1628 644 1674 se
667 1617 863 1690 quaererent,
886 1611 941 1674 sed
964 1608 1025 1691 ipsi
1047 1610 1199 1689 dicerent,
1222 1611 1298 1691 quid
1321 1630 1392 1675 sen-

389 1802 397 1844 l
438 1795 536 1860 an‘sque
562 1796 583 1845 L
641 1801 664 1846 ³.
694 1797 845 1861 philosophos
875 1805 969 1846 nosnos
998 1795 1032 1864 [A
1050 1796 1213 1847 trucum.
1248 1794 1310 1863 [esse
1337 1796 1388 1875 ΑΙ]

318 1870 340 1913 b.
362 1863 550 1931 [percunctando
569 1863 620 1932 ΑΙ]
660 1868 682 1916 7.
701 1865 811 1915 adhaec
831 1865 993 1918 tunicum:
1042 1863 1276 1932 liiA1ticROr.
1313 1871 1335 1917 8.
1355 1865 1392 1926 dn·

316 1933 432 1982 cerentL
468 1951 485 1982 a
503 1936 594 1983 om.R
629 1938 652 1982 9.
671 1951 714 1997 qne
733 1951 773 1983 om
803 1936 825 1983 E
855 1934 889 1999 [ti
897 1935 929 2001 A]
960 1933 1105 2000 [andnim]
1126 1933 1208 1983 audiri
1217 1935 1238 1982 ΙΙ
1278 1940 1313 1984 10.
1334 1952 1392 1983 non·

316 2001 370 2051 dam
389 2005 446 2066 (pro
464 2019 511 2050 non
528 2002 568 2065 de)
586 2002 607 2051 L
626 2002 690 2066 quod
707 2004 728 2052 E

401 2177 431 2232 id
463 2186 514 2242 cst,
548 2177 636 2233 iubere
663 2178 750 2234 dicere
785 2208 821 2218 —-
857 2176 965 2251 cadim)
995 2175 1139 2251 Suspecta
1172 2176 1244 2232 baec
1272 2176 1392 2233 Bremio

315 2271 408 2320 erant.
432 2261 509 2335 quod
528 2262 679 2335 Torquato
697 2273 727 2319 et
744 2261 862 2334 Triario
880 2262 936 2318 hoc
958 2261 1101 2336 explicari
1124 2279 1197 2336 opus
1220 2279 1279 2317 non
1302 2271 1389 2319 esset.

316 2345 374 2404 Sed
398 2347 461 2421 ipse
484 2346 574 2416 addit,
598 2348 676 2420 quod
699 2347 736 2403 ad
759 2346 958 2404 defensionem
983 2347 1054 2403 sotis
1077 2356 1135 2415 est,
1159 2346 1342 2415 Ciceronem,
1366 2347 1390 2403 si
1456 2405 1458 2411 ,

315 2431 387 2488 haec
410 2431 576 2506 scripserit,
604 2432 745 2488 lectorum
775 2432 874 2507 potius
901 2450 989 2505 quam
1012 2450 1127 2502 eorum,
1156 2432 1330 2506 quibuscum
1359 2449 1390 2489 se

315 2517 445 2591 colloqui
466 2517 567 2592 fingat,
590 2516 734 2577 rationem
757 2517 910 2587 babuisse;
933 2517 991 2574 vid.
1009 2517 1045 2573 ad
1064 2518 1088 2587 l,
1105 2519 1153 2575 17.
1204 2516 1389 2585 thucstionem

311 2621 422 2677 poscere
449 2602 577 2661 nondum
606 2603 683 2677 apud
707 2602 829 2659 Latinos
851 2611 960 2659 certam
984 2613 1014 2659 et
1035 2614 1135 2659 notam
1158 2621 1218 2658 rem
1243 2601 1389 2678 significa·

315 2688 375 2746 bat.
421 2688 498 2745 Tum
527 2686 607 2746 Oxx.
631 2682 673 2756 Εξ
701 2688 778 2760 (edd.
801 2687 880 2745 Vict.
911 2697 939 2744 et
963 2688 1081 2762 Lamb.)
1108 2690 1222 2745 dicerem
1251 2697 1276 2745 et
1303 2691 1389 2764 impu·

315 2774 394 2839 dcam,
423 2771 528 2831 Cicero
551 2773 679 2841 dubitat,
703 2782 800 2829 utrum
824 2792 930 2830 nomen
954 2772 1058 2849 eligat,
1081 2792 1139 2830 non
1163 2774 1198 2830 de
1221 2773 1315 2830 altero
1339 2774 1389 2831 ad·

314 2857 462 2934 iungendo
485 2861 574 2931 (etiam
596 2860 758 2934 impudens).

400 2945 439 3000 ad
470 2953 573 3000 nosnos
601 2942 791 3019 philosophos)
824 2943 854 3000 iu
883 2943 991 3000 scholis
1019 2944 1230 3019 posteriorum,
1264 2961 1301 3000 ex
1330 2961 1388 3017 quo

314 3038 461 3103 ternpore,
501 3029 630 3085 omnium
664 3028 789 3086 decretis
822 3029 880 3085 iarn
914 3029 1096 3096 constitutis,
1129 3047 1194 3086 cunr
1229 3028 1389 3103 quaerendi

315 3113 443 3171 studium
466 3115 645 3180 exaruisset,
674 3115 823 3171 iactabant
846 3133 877 3171 se
900 3115 1033 3171 homines
1056 3115 1085 3170 in
1108 3114 1211 3171 iisdem
1235 3113 1390 3171 sententiis

314 3199 442 3257 oratorie
465 3200 642 3257 exornandis
666 3210 695 3257 et
717 3200 746 3256 in
770 3214 913 3276 perpetue
932 3199 1167 3256 adversariorum
1185 3199 1389 3270 insectatione,

313 3294 346 3342 ut
370 3283 462 3342 Stoici
484 3284 513 3341 in
532 3285 754 3360 Epicureorum.
789 3285 961 3343 Academici
984 3292 1080 3342 autern
1105 3286 1272 3343 versatilem
1295 3293 1388 3342 artem

313 3370 436 3427 eandem
470 3389 533 3426 rem
567 3368 743 3428 defendendi
782 3379 812 3429 et
844 3369 998 3427 refellendi
1019 3382 1121 3447 ,etque
1155 3381 1257 3429 contra
1289 3371 1389 3427 omnia

313 3455 483 3530 disputandi
512 3455 669 3514 addebant.
713 3457 752 3513 Et
773 3456 967 3514 Academicos
990 3457 1148 3532 praecipue
1171 3456 1275 3515 Cicero
1299 3456 1388 3532 signi·

313 3539 390 3597 ficet.
441 3541 548 3615 Itaque
576 3552 693 3612 crostica,
728 3542 806 3616 quod
836 3542 873 3599 ad
901 3551 1011 3599 sectam
1039 3542 1181 3618 pertinet,
1216 3542 1387 3618 praeposui;

313 3625 404 3683 ceteri
427 3625 501 3682 nibil
523 3646 539 3683 e
561 3627 644 3683 codd.
668 3637 819 3684 annotant.
864 3626 928 3704 [Sic
951 3628 1039 3684 etiam
1062 3625 1112 3704 Β.]

400 3712 428 3769 2.
474 3713 513 3769 ud
540 3731 584 3780 ec,
618 3732 688 3786 qnae
715 3714 746 3786 ii)
776 3713 871 3782 Bene,
901 3713 978 3787 quod
1001 3712 1063 3773 Erl.
1088 3731 1190 3768 verum
1219 3721 1317 3769 tuetur
1345 3709 1389 3792 [et

313 3791 393 3875 AB}
417 3798 545 3854 maxime
568 3797 597 3853 in
621 3798 672 3855 illo
695 3815 773 3869 casu,
797 3799 847 3872 qui
870 3796 1019 3855 difficilius
1043 3808 1172 3855 mutatur
1194 3800 1263 3871 (ea),
1286 3809 1387 3855 contra

313 3882 491 3939 deteriorum
516 3901 706 3952 consensum3
736 3903 804 3939 nam
833 3885 898 3939 llaec
921 3910 960 3924 -·
985 3885 1013 3938 li
1039 3884 1215 3959 pravissima
1238 3893 1386 3958 tamquam

313 3968 511 4042 praesentium
541 3968 803 4038 demonstratione,
838 3988 853 4024 e
883 3968 1053 4026 Davisianis
1082 3970 1166 4027 Parr.
1196 3981 1272 4040 tres,
1301 3968 1387 4036 CCC,

313 4053 421 4122 Mead,
444 4053 521 4110 Ball.
545 4053 636 4126 (Oxx.
659 4052 739 4129 Εξχ),
763 4053 831 4112 Gzii
854 4064 1001 4129 quattuor.

398 4140 536 4195 Arcesilas
565 4159 622 4195 ueni
650 4141 794 4215 revocavit)
818 4139 950 4197 Instituit
971 4159 1045 4209 uon,
1075 4140 1145 4214 quid
1168 4139 1231 4215 ipse
1255 4140 1386 4208 sentiret,
1451 4185 1455 4194 .

312 4224 363 4281 sed
386 4233 489 4281 contra
510 4224 550 4294 id,
574 4226 651 4298 qnod
675 4226 797 4298 quisque
821 4244 852 4282 se
875 4226 983 4282 sentire
1003 4226 1136 4295 dixisset,
1160 4226 1310 4302 disputare
1329 4227 1388 4300 (ΙΙΙ

312 4309 348 4365 de
372 4310 454 4366 Orat.
480 4312 540 4384 67).
585 4310 733 4368 Credebat
755 4311 847 4379 enim,
877 4311 1009 4370 Platoni.
1039 4332 1123 4386 quem
1153 4313 1237 4387 sequi
1260 4313 1387 4382 volebat,

312 4412 455 4451 summam
480 4395 686 4471 disputationis
709 4395 800 4453 fuisse
823 4395 853 4452 in
877 4397 922 4466 iis,
948 4416 1022 4470 quae
1045 4408 1148 4456 contra
1170 4398 1245 4456 alios
1268 4399 1386 4455 diceret.
