3030 5086
428 494 483 545 ,uu
509 493 589 540 msa.
611 493 674 539 am.
696 494 733 540 111
754 493 827 540 cas.
849 496 888 544 m.
906 493 1039 558 (sa-aa.)
1206 477 1271 544 456

192 661 331 743 itemque
352 660 507 739 formicae,
530 679 616 742 apos,
638 661 775 726 ciconiae
791 661 924 726 aliorum
941 661 1034 727 etiam
1058 680 1154 728 causa
1175 681 1271 744 quac-

194 763 271 826 dam
292 761 416 826 iaciunt
462 761 560 826 Multo
582 762 659 829 hacc
680 762 873 829 coniunctius
895 763 1044 828 homines.
1079 765 1190 846 ltaque
1212 783 1269 829 na-

196 871 268 927 tura
289 881 397 928 sumus
413 864 480 944 apti
502 864 544 928 ad
561 871 677 944 coctus,
700 864 838 943 concilia,
861 864 1011 930 civitates.
1045 865 1095 932 64.
1119 865 1270 930 Mundum

192 971 299 1030 autem
332 973 457 1030 censent
491 966 556 1047 regi
590 966 714 1032 numine
746 968 875 1031 deorum
914 985 1046 1048 eumque
1079 985 1149 1032 esse
1180 967 1271 1048 quasi

265 1206 288 1253 ἱ.
307 1200 386 1252 Malta
403 1200 478 1267 mopsi
495 1202 554 1252 laec
572 1201 735 1253 LPmcttOr.
771 1203 902 1254 coniandio
927 1213 961 1254 ast
983 1203 1082 1254 hominia
1100 1219 1198 1262 omnes,
1224 1203 1267 1254 Or.

196 1268 282 1334 Itopaa
306 1297 336 1308 -
359 1270 463 1320 etaiam
481 1271 539 1333 (sic)
557 1271 655 1321 Nonius
673 1287 697 1337 p.
714 1275 770 1321 2³⁴.
825 1276 849 1321 ³.
867 1281 959 1322 coctum
978 1274 998 1321 li
1041 1271 1143 1324 conditis
1159 1271 1268 1322 mandata

193 1337 304 1388 ciuitates
321 1339 402 1388 autC
439 1345 462 1419 4.Ι
481 1338 554 1402 quasi
569 1339 658 1388 om.L

192 1544 295 1614 cham,
317 1563 339 1604 ,a
367 1563 427 1619 qua
448 1545 559 1619 anavit)
582 1546 670 1604 otiam
695 1545 773 1620 Spir.
796 1541 867 1625 [B];
898 1545 949 1602 illa
971 1547 1075 1604 verba:
1105 1551 1167 1622 qui,
1195 1549 1271 1623 quod

197 1661 236 1672 -
248 1639 359 1686 vocatur
380 1630 555 1705 interposita
576 1641 643 1688 sunt
663 1630 790 1688 nominis
809 1630 978 1688 declarandi
993 1650 1091 1701 causa,
1114 1633 1269 1706 inquibus

192 1732 253 1771 com
280 1715 317 1771 ad
348 1714 446 1790 pinam
477 1713 613 1774 refertur.
658 1715 733 1772 Tum
763 1715 792 1771 in
821 1715 885 1772 cod.
915 1715 996 1775 arch.
1025 1715 1082 1774 fuit
1109 1721 1202 1793 recipit
1224 1720 1270 1790 (ut

195 1808 259 1856 arat
280 1799 310 1856 in
333 1799 579 1874 plerisquaPall.‚
602 1800 691 1869 011..
715 1799 783 1858 Gzii
801 1800 945 1867 omnibus.
963 1796 1031 1880 [B])
1054 1811 1083 1858 at
1100 1803 1267 1860 restitutum

192 1893 239 1940 ost
261 1902 278 1940 a
298 1882 442 1955 Grutero,
467 1885 599 1954 Damam,
621 1885 697 1942 aliis.
737 1886 814 1942 Tum
838 1886 954 1942 domum
978 1886 1126 1961 pinoteres
1145 1887 1268 1945 includi·

194 1978 252 2037 tur,
275 1979 431 2045 postquam
454 1988 485 2026 sa
502 1970 623 2045 recapit,
646 1989 714 2039 non,
737 1971 806 2027 dum
830 1988 861 2027 sa
878 1971 993 2046 recipit,
1017 1982 1120 2046 astque
1136 1972 1269 2048 legitima

192 2054 268 2110 hacc
290 2053 413 2128 perfecti
435 2054 597 2128 particulae
619 2075 678 2112 cuin
695 2055 820 2113 subiecti
836 2073 901 2111 cum
920 2057 1067 2130 praesenti
1085 2057 1267 2126 coniunctim

193 2138 254 2195 vid.
276 2138 313 2195 ad
335 2139 373 2209 V,
392 2141 442 2196 41.
487 2140 590 2198 Scriba
618 2158 676 2197 iuna
703 2140 802 2197 littam
825 2150 938 2197 mutata
959 2141 1014 2198 hoc
1036 2141 1269 2200 accommodavit

192 2222 232 2279 ad
254 2224 407 2280 includitur.
452 2222 529 2301 [Cir.
554 2224 649 2283 Emm.
675 2224 758 2282 Livv.
781 2245 808 2301 p.
824 2222 909 2302 354]

281 2310 368 2366 discito
390 2310 517 2366 iaec-
541 2307 670 2387 homines)
694 2309 872 2387 [Edebatum
903 2311 989 2366 Mulm
1011 2315 1097 2385 mapia
1119 2311 1184 2368 llaec
1206 2331 1267 2368 con·

191 2396 291 2450 iunctio
312 2404 351 2451 est
372 2395 498 2464 horninis,
528 2413 586 2451 non
610 2395 722 2469 optima
743 2393 874 2467 alioquin
898 2394 1030 2451 orations
1053 2399 1099 2470 (ut
1120 2396 1266 2471 significa·

194 2488 289 2535 natur:
312 2479 411 2536 homini
430 2482 562 2548 convenit3
586 2480 637 2536 aad
659 2480 757 2554 potius
779 2479 933 2535 diccndum
951 2490 1023 2549 arat,
1047 2481 1076 2537 in
1101 2480 1268 2539 hominibus

192 2582 257 2620 cam
281 2566 450 2639 apparare);
474 2564 502 2621 in
526 2583 561 2621 eo
579 2582 697 2639 prorsus
720 2564 833 2632 vitiose,
857 2564 934 2637 quod
952 2564 1028 2622 lonso
1044 2566 1073 2623 in
1092 2583 1267 2624 commemo·

193 2648 286 2704 nanda
298 2648 447 2704 hominum
466 2649 543 2707 intar
559 2667 590 2706 sa
608 2649 813 2706 coniunctione
831 2660 861 2704 at
877 2668 978 2706 corum
996 2668 1061 2707 cum
1074 2650 1176 2708 bestiis
1188 2670 1266 2708 com·

194 2733 346 2808 paratione
363 2734 504 2809 singulari
522 2753 644 2791 nanneno
662 2734 833 2809 ponebatur.
869 2733 928 2792 Sed
950 2735 1028 2808 quod
1051 2746 1138 2793 antea
1161 2736 1189 2791 in
1208 2754 1266 2793 uno

195 2818 255 2875 Eri.
270 2818 365 2875 omitti
383 2823 468 2892 inopis
485 2819 690 2888 annotabatur‚
708 2837 784 2875 nunc
798 2837 834 2875 cx
848 2820 876 2875 A
890 2828 920 2875 at
931 2819 956 2875 B
969 2830 1093 2887 constat,
1111 2821 1175 2877 aius
1188 2820 1267 2878 vocis

192 2903 222 2960 in
247 2902 417 2961 melioribus
439 2904 523 2962 codd.
542 2903 654 2960 nullum
673 2922 736 2961 asse
753 2903 918 2978 vestigium,
942 2903 971 2959 in
990 2904 1184 2962 deterioribus
1201 2925 1265 2962 aam

193 2988 398 3063 interpolando
425 2989 554 3045 additam
578 3007 652 3046 assa.
698 2989 803 3062 Itaque
828 2989 963 3045 Baitarua
986 2989 1091 3046 edidit:
1122 2992 1209 3047 Multo
1231 2989 1266 3023 '¹'

194 3073 259 3130 laec
279 3077 427 3131 coniunctio
452 3075 634 3130 sithominis.
679 3073 737 3132 Scd
759 3091 826 3130 cum
850 3071 1036 3130 manifestum
1059 3075 1162 3131 vitium
1187 3085 1266 3132 tana·

193 3167 275 3214 ratur
297 3159 325 3214 in
349 3159 473 3224 hominis.
504 3159 554 3215 illo
577 3159 731 3215 amandato
758 3157 846 3215 facila
869 3158 905 3214 ad
929 3159 1106 3232 reliquorum
1130 3160 1267 3217 amanda·

193 3242 303 3298 tionem
328 3243 457 3318 pai-vani.
491 3243 537 3299 Ex
556 3244 620 3300 iaec
639 3253 737 3300 natum
756 3246 910 3311 coniunctio,
935 3262 991 3300 non
1015 3244 1165 3301 intellecta
1182 3262 1265 3320 praa·

192 3327 293 3384 sertim
317 3329 450 3385 oratione
473 3326 630 3406 alliptica.]

281 3414 330 3470 64.
356 3416 489 3470 isoncium
515 3445 550 3456 —
576 3417 633 3486 rapi
653 3418 758 3470 numine
780 3411 903 3491 deorum)
925 3412 983 3486 Qui
1009 3414 1090 3470 locus
1113 3414 1149 3471 da
1169 3415 1266 3490 provi·

153 3499 156 3504 '
193 3497 293 3553 dantia
321 3492 471 3573 (προνοίᾳ)
504 3498 622 3572 copiosa
656 3498 822 3575 explicatur
850 3499 880 3555 11
909 3498 947 3555 N.
972 3499 1008 3555 D.
1036 3499 1103 3555 inda
1132 3518 1149 3578 a
1177 3501 1266 3569 §753

182 3582 338 3655 'quomodo
356 3593 453 3639 autam
472 3584 609 3640 subtilius
626 3594 768 3641 tractatus
786 3583 876 3641 fuerit
893 3593 923 3640 at
939 3601 1004 3641 oum
1022 3584 1136 3658 raliqua
1153 3603 1267 3642 summa

194 3667 350 3742 disciplina
372 3668 570 3732 consociatus.
599 3669 646 3725 hic
669 3688 727 3726 non
751 3669 910 3743 quaeritur.
955 3669 1041 3743 Quod
1064 3680 1161 3727 autam
1185 3671 1267 3727 addi·

194 3763 242 3807 tur
264 3752 299 3808 da
321 3754 468 3808 communi
491 3754 612 3809 deorum
636 3764 666 3810 at
682 3753 832 3812 hominum
850 3754 970 3811 civitate
987 3754 1052 3827 (cfr.
1065 3755 1155 3831 chg.
1173 3756 1197 3824 Ι,
1217 3756 1266 3816 2³.

194 3835 231 3892 N.
243 3837 282 3892 t).
294 3837 335 3906 ΙΙ,
354 3838 432 3910 154).
457 3838 492 3893 da
515 3857 550 3895 ao
568 3839 737 3895 testimonia
759 3839 874 3913 aliquot
895 3840 982 3895 etiam
1001 3837 1183 3897 Graecorum
1207 3841 1266 3898 ool·

193 3920 263 3996 legit
292 3922 410 3997 Lipsius
433 3923 603 3998 Physiolop.
627 3922 717 3982 Stoic.
740 3923 786 3989 ΙΙ,
811 3925 839 3993 7,
868 3933 898 3979 at
925 3933 969 3981 ast
995 3943 1043 3980 ras
1071 3933 1149 3981 nota.
1194 3926 1266 3984 Mox

191 4010 363 4080 consequitur
379 4026 415 4063 ax
429 4006 452 4066 C
471 4009 580 4065 habant
596 4008 678 4064 aditt.
695 4008 838 4083 quasdam
857 4008 943 4078 aliae.
961 4018 1108 4083 postroma
1120 4011 1266 4081 Lambini,

192 4100 221 4146 at
244 4091 327 4148 codd.
351 4090 445 4160 Oxx.;
475 4096 603 4167 consequi
624 4093 699 4150 Pall.
728 4098 758 4164 l,
782 4095 817 4159 4.
842 4093 875 4162 5,
905 4092 972 4151 Gaii
996 4112 1111 4163 omncs,
1142 4106 1267 4172 excapto

192 4174 273 4234 Gud.
299 4176 327 4232 2.
372 4177 449 4233 Tum
472 4178 605 4234 hominum
628 4196 681 4253 pro
704 4182 818 4235 omnium
841 4175 920 4235 Oxx.
945 4173 1012 4252 Εξχ.
1037 4179 1114 4247 Bas..
1138 4179 1218 4240 Gud.
1236 4185 1266 4248 l;

192 4272 357 4319 correctum
380 4272 425 4319 cst
449 4262 478 4318 in
502 4263 547 4319 cd.
570 4262 651 4322 Crat.
695 4264 751 4320 Eat
772 4265 965 4338 vituperandus
988 4264 1075 4321 atiam
1100 4264 1178 4341 Spir.
1203 4265 1268 4346 [131.

191 4349 216 4403 is
237 4350 273 4403 sit
295 4348 360 4421 (pro
383 4350 418 4404 sit
439 4350 475 4419 is)
499 4366 555 4404 non
580 4357 713 4417 notatum
736 4347 802 4427 [sad
825 4348 866 4405 ita
890 4346 939 4426 Β].
