3030 5086
171 488 176 494 ·
291 442 320 508 X
727 424 922 509 umalama.

290 641 400 711 genter
422 651 491 697 esse
514 650 703 712 expressum.
740 635 834 713 (lpse
862 632 918 697 llas
948 635 1120 716 scripturas
1144 639 1281 717 excerpsi
1305 654 1362 700 nec

171 734 174 741 ’
291 742 433 822 cuiquam
456 742 496 806 de
518 740 555 804 iis
578 742 718 822 credidi.)

376 850 408 913 Ο.
439 846 560 928 (Codex
582 847 727 929 Marelii.)
771 848 942 914 Gulielmus
970 851 1119 915 Moralius
1147 851 1298 916 Tillianus
1328 851 1360 915 iu

290 957 548 1024 Observationum
572 958 601 1020 ln
626 956 781 1022 Ciceronis
808 957 905 1022 libros
933 958 972 1023 de
998 957 1111 1023 finibus
1139 959 1360 1023 commentario

290 1066 402 1147 (Paris.
428 1067 523 1144 15463
552 1065 612 1128 vid.
636 1063 730 1129 Orell
753 1068 862 1142 Onam.
887 1067 901 1129 I
923 1084 953 1146 p.
970 1068 1047 1148 326)
1075 1086 1151 1132 usus
1178 1077 1227 1132 est
1255 1068 1361 1132 codice

289 1175 428 1256 perbono
462 1181 493 1238 et
525 1190 562 1236 ex
595 1191 633 1237 eo
666 1171 779 1237 multas
807 1172 979 1255 scripturas
1013 1175 1150 1256 protulit.
1202 1176 1245 1241 Eo
1279 1175 1359 1240 libro

287 1288 414 1363 praeter
435 1281 624 1358 scaligerum
647 1281 745 1360 (apud
769 1280 937 1346 Gruterum
959 1283 1001 1347 ad
1023 1284 1053 1347 II
1076 1301 1101 1348 c.
1114 1285 1149 1348 21
1177 1291 1207 1348 et
1226 1284 1270 1348 IV
1290 1302 1314 1348 c.
1327 1284 1359 1359 6)

289 1400 320 1458 et
343 1391 496 1471 Guyetum
520 1389 618 1470 (apud
641 1388 817 1470 Davisium)
841 1408 930 1454 nemo
953 1391 1066 1469 exiis,
1090 1391 1142 1472 qui
1165 1391 1286 1456 adhoc
1309 1391 1358 1455 Ci-

288 1498 408 1564 ceronis
437 1515 517 1578 opus
545 1497 771 1562 emendandum
799 1496 915 1579 aliquid
943 1498 1154 1578 contulerunt,
1188 1517 1263 1563 usus
1291 1506 1360 1562 erat

288 1615 361 1671 ante
383 1605 548 1683 Orellium3
576 1612 649 1684 post
676 1605 770 1684 hunc,
800 1606 853 1687 qui
875 1615 907 1670 et
928 1606 1049 1671 minora
1076 1607 1228 1687 quaedam
1257 1606 1359 1670 omisit

288 1722 327 1791 et,
350 1722 384 1779 ut
405 1712 448 1791 fit,
471 1714 501 1776 in
526 1712 680 1776 nonnullis
704 1714 834 1793 erravit,
858 1731 916 1795 ego
940 1715 1079 1779 studiose
1101 1714 1244 1794 adhibui,
1268 1714 1358 1795 quid·

287 1823 361 1903 quid
384 1821 423 1885 de
445 1821 550 1885 codice
573 1820 722 1885 traditum
745 1826 821 1885 erat.
867 1821 1006 1899 secrevi,
1028 1830 1063 1886 ut
1085 1841 1144 1902 par·
1167 1829 1248 1900 erat,
1278 1841 1359 1903 quae

287 1930 436 1995 Moralius
459 1948 519 1994 nun
549 1929 580 1991 in
604 1946 659 1992 suo
683 1929 802 2007 codice,
831 1931 886 1994 sed
919 1928 1044 2007 ..alibi-⁴,
1076 1930 1124 2001 „in
1153 1930 1222 1995 aliis
1250 1929 1356 1994 libris‘

287 2037 346 2117 legi
374 2037 426 2101 ait.
476 2037 549 2116 lpse
577 2036 725 2101 Moralius
753 2037 910 2101 interdum
944 2037 1110 2102 aberrasse
1143 2039 1173 2101 in
1204 2038 1360 2117 scriptura

286 2145 443 2210 enutanda
464 2144 602 2223 videtur,
630 2152 665 2208 ut
687 2146 741 2223 III,
768 2147 806 2208 15
831 2145 941 2226 (nrums
961 2144 1039 2209 idern
1061 2144 1190 2209 declaret
1211 2145 1359 2210 usitatum

286 2272 358 2334 pro:
387 2252 464 2315 idem
490 2250 619 2314 declaret
645 2249 741 2334 iuopia
766 2253 942 2334 cubatum);
972 2253 1129 2317 interdum
1157 2255 1198 2331 is,
1229 2265 1263 2318 ut
1290 2254 1358 2330 alii,

286 2367 405 2425 tautum
428 2366 550 2440 partem
573 2360 747 2441 scripturae
769 2361 885 2426 codicis
907 2362 1019 2442 posuit,
1042 2371 1076 2426 ut
1098 2362 1138 2440 11,
1163 2363 1211 2426 30.
1257 2359 1358 2441 Saepe

285 2489 385 2551 parua
407 2474 550 2545 annotat;
573 2468 644 2532 alibi
667 2468 800 2532 maxima
822 2470 1050 2550 praetermittit.

370 2578 407 2641 D.
442 2573 581 2657 (Codices
611 2575 759 2657 Grutere'.)
808 2578 902 2641 lanus
931 2577 1084 2642 Gruterus
1112 2579 1153 2657 (a.
1181 2578 1274 2656 lb‘lt't)
1303 2594 1357 2639 sex
1455 2556 1461 2563 ’

285 2706 361 2752 usus
384 2693 432 2750 est
447 2684 603 2750 codicibus
621 2685 779 2763 Palatinis,
802 2703 932 2766 quorum
950 2685 1084 2766 primum
1106 2686 1173 2749 iure
1195 2685 1300 2749 laudat
1323 2697 1357 2749 ut

285 2796 443 2876 optimum,
466 2794 660 2873 eundemque
682 2793 841 2874 antiquum
864 2791 960 2858 fuisse
978 2792 1140 2875 significat.
1175 2793 1254 2857 Eum
1273 2793 1356 2856 Gru·

285 2913 370 2968 tenus
393 2904 422 2966 in
446 2901 515 2967 libr.
539 2901 582 2964 IV
602 2902 673 2983 §16
697 2901 786 2966 huius
809 2901 984 2983 scripturae
1006 2907 1115 2966 testem
1139 2901 1252 2965 citans:
1275 2905 1357 2962 ortas

285 3032 403 3092 qaoque
417 3009 586 3091 requisitos,
609 3009 651 3074 ibi
670 3009 814 3074 desinere
830 3010 946 3074 scribit.
980 3009 1100 3073 Horum
1117 3009 1254 3073 codicum
1273 3009 1355 3074 Gru·

285 3130 370 3186 terus
382 3119 495 3183 multas
507 3118 679 3199 scripturas
691 3117 862 3194 annotavit,
874 3117 988 3196 plnres,
1006 3116 1097 3180 ctiam
1110 3116 1242 3181 Palatini
1256 3116 1355 3196 primi,

284 3229 400 3305 omisit;
419 3244 475 3290 nec
492 3244 555 3302 eas,
573 3244 652 3306 quas
669 3226 838 3304 annotavit,
857 3225 934 3289 satis
945 3242 1069 3306 semper
1080 3224 1244 3306 diligenter
1256 3243 1356 3304 neque

284 3337 374 3418 plene
397 3333 515 3414 posuit,
543 3335 598 3397 sed
627 3340 746 3398 tantum
769 3351 837 3398 eam
859 3342 995 3414 partem,
1023 3333 1156 3414 quaein
1179 3332 1284 3396 oculos
1307 3332 1353 3395 in·

284 3443 437 3519 currebat,
460 3449 495 3505 ut
512 3442 552 3520 11,
565 3443 605 3507 25
617 3448 649 3505 et
661 3443 712 3518 30,
735 3460 815 3521 quae
832 3442 973 3522 exempla
990 3460 1047 3523 pro
1065 3439 1170 3504 multis
1189 3437 1352 3504 sufficiunt.

283 3550 439 3616 Particula
460 3549 502 3612 sic
523 3549 578 3631 (aie
594 3546 661 3612 Pul.
674 3552 704 3625 1,
726 3549 767 3612 sic
789 3568 890 3612 earnes
905 3547 997 3629 Poll.)
1020 3549 1176 3612 interdum
1198 3548 1242 3612 ita
1265 3547 1353 3627 poni-

283 3669 342 3736 tur,
365 3666 399 3722 ut
423 3676 483 3722 non
502 3657 542 3721 ad
561 3656 664 3720 currilia
686 3675 723 3720 ea
745 3657 848 3735 verba,
872 3675 953 3738 quae
975 3656 1169 3737 praescripta
1188 3657 1258 3736 siut,
1282 3674 1352 3736 per-

283 3767 393 3842 tineat,
422 3766 477 3828 sed
505 3767 545 3829 ad
573 3785 667 3829 uuum
689 3765 830 3844 aliquod,
861 3764 899 3829 de
927 3783 989 3846 quo
1012 3764 1167 3829 Gruterus
1191 3764 1352 3845 rogitabat,

282 3886 337 3939 aut
359 3875 463 3955 plu1·a;
488 3872 571 3936 velut
587 3873 626 3948 ll,
639 3875 680 3935 45>
700 3872 728 3936 in
748 3872 838 3936 Pall
868 3891 929 3936 non
952 3882 1020 3936 erat
1042 3871 1147 3934 (tottam
1169 3876 1354 3952 orantemque

282 3987 310 4043 et
331 4001 445 4056 cedern,
469 3981 525 4053 sed
547 3979 653 4042 dotata
675 3985 861 4061 caelatamque
883 3999 996 4059 oeream
1020 3979 1169 4045 remansit
1190 3984 1218 4042 et
1239 3999 1276 4044 ex
1300 3998 1351 4044 su·

283 4090 437 4170 periurum
456 4089 624 4152 editionum
644 4088 806 4168 scriptura.
846 4088 955 4169 Neque
971 4088 1024 4152 illa
1040 4086 1205 4152 affirmatio
1223 4088 1262 4153 ad
1282 4107 1351 4152 ver·

282 4197 389 4261 borum
412 4197 675 4277 praescriptorum
697 4197 836 4261 ordinem
859 4198 1003 4278 pertinet,
1027 4215 1065 4259 ne
1084 4195 1125 4258 ibi
1143 4196 1277 4276 quidem,
1301 4195 1349 4269 ubl

281 4305 311 4368 in
335 4324 371 4368 eo
394 4324 445 4368 res
463 4304 601 4382 vertitur,
624 4312 657 4368 ut
674 4305 698 4383 I,
712 4307 765 4368 10:
788 4303 832 4366 ret
853 4304 937 4367 nobis
958 4302 1065 4379 dicuin,
1088 4303 1140 4367 ubi
1163 4315 1280 4368 certum
1304 4312 1350 4368 est

281 4413 311 4476 in
325 4412 389 4476 Pal.
405 4415 431 4483 1,
456 4421 489 4475 ut
507 4412 536 4475 in
556 4413 664 4477 ceteris
682 4413 778 4490 bunia,
797 4412 907 4477 luisse:
927 4411 1011 4476 nobis
1026 4411 1070 4475 uel
1085 4412 1193 4476 dicum.
1221 4411 1351 4476 Praeter·
