3030 5086
503 441 548 488 nu
570 440 651 487 mat.
674 439 738 486 um.
760 440 772 486 1
795 439 867 488 cae.
885 442 905 490 1.
923 440 1021 498 (o-s.)
1281 422 1301 487 9

216 620 350 675 utamur
370 608 445 687 illis,
472 608 526 690 qui
548 608 673 673 omnino
695 616 827 674 avocent
849 628 869 672 a
890 607 1098 690 philosophia,
1128 625 1221 688 quam
1244 607 1302 688 his,

217 712 275 793 qui
297 711 393 778 rebus
413 708 544 775 infinitis
565 711 691 775 modum
714 709 905 775 constituant
932 709 964 774 in
988 727 1084 790 reque
1106 728 1142 774 eo
1166 709 1302 790 meliore,

217 830 285 895 quo
307 812 410 878 maior
430 811 480 892 sit,
501 812 747 878 mediocritatem
770 811 958 877 desiderent
1010 813 1039 877 3.
1063 811 1135 877 Sive
1156 813 1236 877 enim
1259 812 1300 894 ad

218 914 409 997 sapientiam
431 913 590 995 perveniri
615 921 735 994 potest,
765 932 827 978 non
854 913 998 995 paranda
1020 914 1109 979 nobis
1131 914 1231 979 solum
1253 932 1301 993 ea,

217 1019 279 1083 sed
306 1016 439 1082 fruenda
466 1015 560 1080 etiam
588 1022 650 1094 est;
684 1016 750 1080 sive
776 1015 835 1080 hoc
868 1013 993 1081 difficile
1020 1023 1082 1094 est,
1115 1022 1218 1080 tamen
1245 1015 1344 1081 necb

219 1120 336 1184 modus
357 1126 406 1184 est
426 1116 508 1181 ullus
529 1116 737 1198 investigandi
759 1118 841 1204 vari,
870 1117 930 1182 nisi
952 1117 1123 1196 inveneris,
1152 1124 1183 1182 et
1205 1136 1300 1199 quae·

219 1221 312 1286 rendi
339 1218 519 1299 defetigatio
547 1218 649 1300 turpis
677 1226 739 1298 est,
773 1237 843 1283 cum
864 1219 911 1298 id,
944 1219 1028 1300 quod
1055 1219 1230 1299 quaeritur,
1260 1220 1302 1285 sit

219 1321 471 1403 pulcherrimum.
522 1320 645 1385 Etenim
668 1321 695 1385 si
717 1321 920 1399 delectamur,
943 1339 1012 1385 cum
1036 1320 1208 1402 scribimus,
1230 1321 1301 1403 quis

295 1515 315 1559 l.
339 1507 369 1558 ia
391 1505 463 1556 Lau
506 1513 520 1556 Ι
552 1524 635 1571 reque,
658 1524 720 1572 quae
742 1525 768 1558 eo
791 1507 873 1558 melior
894 1520 928 1558 eat
952 1507 973 1558 C
1014 1508 1087 1570 &fit
1109 1506 1130 1557 C
1153 1506 1188 1556 ad
1204 1523 1253 1559 om.
1277 1507 1301 1557 E

220 1581 244 1625 5.
264 1577 334 1627 Inter
346 1576 814 1641 amaeaatimmonuntmpimta
832 1572 930 1637 omnes:
947 1576 1062 1628 Oneum
1081 1575 1160 1626 uncio,
1197 1580 1221 1628 6.
1239 1574 1302 1626 ullas

219 1654 257 1695 aa
274 1646 298 1695 E
335 1649 356 1696 t.
375 1643 516 1709 desmipaao
537 1641 621 1712 [Aba

218 1839 276 1892 iam
298 1838 409 1892 mmmm
430 1853 467 1891 ex
490 1837 646 1892 ammissum
669 1846 764 1893 ortum
783 1853 856 1901 esse,
880 1835 1027 1910 quomodo
1050 1835 1080 1891 in
1103 1834 1159 1891 boc
1182 1843 1212 1890 et
1233 1834 1300 1892 aliis

217 1920 321 1978 verbis
343 1937 431 1995 saepe
454 1919 592 1977 scribitur
613 1919 643 1976 in
661 1920 722 1977 Erl.
740 1929 770 1978 et
792 1921 976 1977 scribebatur
997 1919 1124 1978 fortasse
1146 1919 1176 1976 in
1200 1919 1300 1976 codice

217 2005 397 2082 archetyp03
426 2004 539 2080 accipio
562 2013 659 2062 autem
688 2008 836 2062 admissam
863 2005 1051 2081 simpliciter,
1079 2023 1134 2062 neo
1156 2004 1300 2074 desidero,

162 2152 166 2159 ,
218 2090 301 2166 quod
329 2090 446 2164 quidam
475 2097 537 2145 tum
565 2089 641 2147 adici
670 2091 806 2148 debuisse
829 2090 966 2159 credunt,
995 2097 1024 2147 ia
1045 2093 1177 2159 animum3
1211 2108 1299 2167 gene·

219 2175 314 2233 relius
337 2174 413 2233 enim
437 2174 559 2246 dicitur,
589 2183 692 2249 estque
715 2175 893 2234 contrarium
917 2177 1066 2233 occludere.
1111 2175 1165 2233 Est
1188 2175 1234 2231 hic
1257 2176 1300 2232 lo-

219 2278 274 2320 cus
296 2260 407 2330 exiis,
435 2260 465 2316 in
489 2260 596 2334 quibus
624 2258 783 2318 difficulter
810 2261 1009 2319 diiudicentur
1031 2261 1186 2318 verborum
1211 2260 1301 2338 signi·

219 2345 383 2413 ficationes,
406 2344 485 2419 quod
508 2364 565 2403 non
589 2345 662 2402 satis
685 2355 809 2416 constat,
833 2364 920 2420 quam
944 2346 1003 2403 late
1026 2346 1055 2403 in
1073 2346 1135 2403 vita
1152 2346 1299 2404 communi

218 2429 351 2507 patuerit
372 2429 532 2505 singularis
554 2430 662 2505 aliquis
684 2449 764 2490 usus.
1364 2503 1369 2511 .

308 2516 337 2574 ³.
354 2517 478 2590 fruenda
500 2519 579 2573 etiam
601 2514 654 2595 est)
677 2515 764 2590 Quod
786 2516 816 2574 in
839 2515 934 2586 codd„
958 2524 1083 2591 excepto
1101 2534 1159 2574 uno
1177 2515 1299 2582 Eliensi,

217 2600 432 2677 interponitur,
471 2601 637 2658 Manutium
671 2601 804 2676 aliosque
837 2620 963 2675 sequens
997 2600 1085 2670 eieci;
1123 2619 1189 2657 nam
1223 2619 1299 2676 quae

217 2685 358 2761 exempla
381 2693 410 2743 et
432 2685 470 2742 ab
492 2685 559 2744 aliis
582 2696 611 2743 et
634 2686 681 2744 hic
700 2705 716 2743 a
737 2687 854 2744 Bremio
876 2684 1067 2762 proferuntur
1089 2686 1299 2743 vocabulorum

217 2771 299 2829 intra
320 2771 410 2828 breve
433 2771 560 2846 spatium
583 2771 768 2829 abundanter
794 2772 988 2848 repetitornm
1017 2773 1058 2844 (et
1086 2772 1152 2845 quis
1174 2771 1299 2842 dubitat,

218 2856 292 2932 quin
321 2855 352 2912 in
379 2855 436 2913 hoc
463 2875 555 2932 genus
583 2857 787 2933 neglegentiae
814 2856 961 2914 interdum
992 2865 1021 2913 et.
1049 2856 1099 2913 alii
1128 2866 1242 2914 veteres
1271 2864 1300 2913 et

219 2940 326 3001 Cicero
350 2959 466 3016 quoqne
490 2940 645 2998 inciderit?
675 2942 730 2999 etsi
753 2943 782 2999 in
806 2942 970 3011 nonnullis,
994 2942 1044 3016 qui
1067 2942 1203 3007 citantur,
1226 2940 1299 2999 locis

218 3026 295 3084 nihil
318 3036 361 3083 cst
385 3026 463 3100 quod
487 3026 700 3102 reprehendas,
731 3035 764 3084 ut
785 3028 815 3083 in
839 3028 927 3085 Tunc.
951 3028 1011 3094 IV,
1037 3029 1091 3094 64,
1121 3027 1170 3083 ubi
1194 3026 1223 3082 in
1247 3027 1299 3083 dtr·

218 3111 290 3188 plici
314 3111 483 3168 definitione
506 3112 650 3187 ropetitur
672 3132 732 3170 vox
754 3112 930 3183 definienda,
954 3123 982 3169 et
1005 3113 1041 3169 de
1060 3113 1152 3188 Logg.
1165 3112 1223 3183 111,
1248 3115 1298 3183 41,

218 3197 270 3254 nbi
293 3206 361 3272 post
377 3216 433 3254 rem
446 3199 593 3273 publicam,
619 3198 724 3254 obiecti
742 3197 808 3254 loco
825 3199 963 3272 positum,
987 3198 1105 3255 additur
1122 3217 1164 3254 res
1179 3198 1298 3272 politica,

219 3282 343 3339 subiecti
365 3282 447 3351 loco;
480 3292 594 3339 tantum
622 3282 719 3340 minus
741 3291 811 3358 apto
834 3283 899 3340 loco
922 3283 1050 3358 positum
1074 3283 1167 3339 videri
1191 3284 1299 3358 possit3

218 3368 329 3424 rectius
345 3366 506 3425 advocatur
523 3367 558 3424 de
571 3367 674 3428 Divin.
688 3369 713 3438 1,
727 3368 791 3443 46),
811 3401 852 3414 —
870 3368 922 3425 sed
939 3378 971 3424 ut
990 3368 1086 3425 dicere
1103 3367 1298 3439 institueram,

219 3452 340 3510 axillis
362 3453 506 3529 exemplis
529 3452 641 3509 nullum
670 3453 837 3511 huiusmodi
866 3463 925 3524 est,
954 3454 984 3510 in
1013 3472 1071 3527 quo
1100 3453 1299 3511 nominativus

219 3537 249 3596 in
272 3538 384 3613 protasi
407 3539 520 3613 positus
542 3546 694 3614 repetatur
715 3539 745 3595 in
768 3538 890 3614 apodosi
913 3539 1053 3595 continuo
1076 3539 1208 3595 subiecta
1231 3539 1300 3612 (nisi

220 3622 297 3697 qnod
319 3622 350 3678 in
373 3623 552 3698 syllogismis
574 3623 630 3680 hoc
652 3623 798 3681 interdum
822 3624 853 3680 fit
877 3624 912 3680 de
935 3623 1108 3698 industria);
1132 3624 1224 3681 multo
1240 3642 1299 3681 au·

219 3718 277 3765 tem
301 3707 397 3764 minus
420 3707 586 3783 pronomini
610 3706 669 3785 (ea)
697 3709 733 3765 ad
763 3709 979 3766 substantivum
1008 3709 1102 3765 relato
1131 3709 1173 3765 ita
1201 3709 1298 3784 ipsum

219 3793 435 3850 substantivum
459 3793 617 3868 superaddi
641 3802 747 3869 potest.

304 3878 411 3934 Etenim
443 3876 515 3954 cet.)
549 3879 615 3935 Non
645 3879 681 3935 ad
710 3878 875 3954 proximam
906 3875 1081 3935 sententiam
1116 3878 1189 3935 haec
1222 3879 1298 3935 ratio

212 3963 361 4038 pertinet,
390 3962 441 4019 sed
470 3963 507 4020 ad
536 3964 659 4039 primam
690 3964 893 4038 quaestionem
922 3963 958 4020 de
986 3964 1187 4020 moderatione
1215 3963 1298 4020 adhi-

220 4048 329 4116 benda;
363 4066 431 4105 nam
461 4048 606 4124 particula
634 4053 726 4106 etenim
753 4049 866 4105 utimur
893 4068 951 4105 non
981 4057 1039 4105 tam
1069 4066 1133 4105 cum
1163 4049 1298 4123 proxima

220 4133 439 4199 confirmamus,
468 4152 555 4208 quam
584 4152 648 4191 cam
679 4135 707 4190 in
739 4135 878 4191 universa
900 4133 1154 4209 argumentatione
1177 4153 1296 4211 progre-

118 4267 121 4273 .
219 4218 330 4289 dimur,
359 4228 392 4275 nt
414 4236 502 4294 saepe
525 4218 587 4277 fere
609 4218 686 4276 idem
710 4219 747 4276 sit
771 4237 806 4276 ac
823 4239 921 4294 porro.
947 4228 1096 4298 praeterea.
1152 4219 1298 4295 Exempla

219 4304 453 4373 suntVerr.Ill,
480 4305 549 4373 178,
573 4304 661 4361 Taso.
674 4305 732 4374 ΙΙΙ,
756 4305 806 4373 20,
831 4303 866 4361 de
890 4305 927 4361 N.
942 4305 979 4361 D·
1002 4306 1043 4372 ll,
1068 4305 1119 4374 77,
1143 4304 1178 4361 dc
1196 4305 1296 4361 Divin.

219 4390 259 4460 ΙΙ,
279 4389 329 4460 89,
353 4389 403 4446 nbi
422 4390 581 4465 Hottinger
603 4399 628 4446 et
650 4390 779 4447 malebat
800 4407 855 4446 neo
877 4409 893 4446 a
916 4389 1130 4447 recentioribus
1153 4387 1297 4447 refutatus
