3030 5086
255 444 319 508 750
645 461 691 507 us
713 460 845 508 munaus
868 460 939 506 sou.

256 628 333 706 scio,
363 627 403 692 ab
427 627 580 692 Antiocho
608 634 717 693 nostro
744 628 805 693 dici
834 628 878 693 sic
905 627 1021 707 solere;
1051 629 1107 693 ssd
1134 627 1214 711 quid
1236 627 1352 692 minus

255 730 467 811 probandum,
495 748 589 811 quam
612 749 681 795 asse
702 730 838 811 aliquem
861 730 988 795 beatium
1009 748 1066 795 nco
1087 730 1164 795 setis
1187 727 1353 795 beamm?

256 832 347 911 Quod
369 837 474 895 autem
497 831 575 896 satis
598 840 659 910 cst,
682 849 719 897 eo
742 830 895 913 quidquid
916 831 1097 909 accesserit,
1119 830 1251 896 nimium
1276 838 1349 908 ast3

255 942 288 999 at
320 951 410 998 nenio
443 933 570 998 nimium
603 934 714 999 beatus
743 941 804 1011 est;
837 931 858 1014 †
890 938 924 997 st
956 951 1046 998 namo
1079 931 1171 997 besto
1205 931 1348 997 beatior.

216 1039 237 1103 5
255 1037 305 1101 82.
318 1036 412 1116 Ergo,
429 1035 537 1115 inquit.
555 1034 613 1100 tibi
625 1037 661 1114 Q.
674 1033 826 1114 Metellus,
844 1033 899 1116 qui
916 1041 980 1101 tres
997 1032 1078 1100 filios
1090 1034 1236 1100 consules
1249 1033 1350 1110 vidit,

255 1157 273 1202 e
295 1136 407 1217 quibus
430 1154 524 1200 unum
547 1137 641 1201 etism
663 1143 696 1201 et
716 1154 877 1201 censorem
899 1142 932 1201 et
953 1135 1218 1218 triumphantem,
1241 1153 1348 1216 quar-

254 1245 320 1303 tum
342 1245 445 1302 sutem
467 1242 656 1318 praetorem,
684 1231 800 1318 eosque
829 1237 934 1302 salvos
956 1238 1084 1319 reliquit
1111 1244 1144 1303 st
1167 1246 1234 1302 tres
1257 1233 1361 1313 fluas,

231 1347 383 1420 nuptas,
413 1357 482 1404 cum
504 1339 574 1419 ipse
596 1339 717 1417 consul,
746 1357 872 1418 censor,
894 1358 998 1422 augur
1025 1336 1138 1404 fuisset
1165 1343 1194 1402 et
1224 1338 1349 1402 trium-

327 1514 346 1555 l.
369 1508 464 1574 [utute
481 1507 530 1558 dici
544 1510 601 1558 inE
619 1504 685 1558 nota'
697 1518 735 1558 est
749 1510 854 1569 incerta,
873 1524 924 1558 non
941 1516 984 1559 ec·
1004 1507 1081 1576 Bait]
1110 1508 1213 1571 quodE
1251 1512 1277 1556 2.
1302 1523 1350 1556 nec

253 1577 315 1626 satis
334 1578 424 1626 beatum
443 1578 533 1626 omF.
592 1585 614 1628 4.
634 1586 655 1625 et
677 1594 743 1626 amno
767 1579 821 1626 sine
844 1584 905 1626 nota
927 1577 1011 1625 mendi
1031 1576 1074 1628 Or.
1128 1583 1150 1626 5.
1174 1575 1220 1624 tibi
1241 1591 1297 1627 om.
1326 1575 1349 1623 1.

255 1651 276 1694 6,
303 1646 363 1695 Post
385 1645 565 1709 triumphantem
588 1647 645 1693 add.
671 1644 729 1694 uidit
751 1644 773 1693 E
827 1652 849 1696 Β.
873 1643 956 1694 consul
977 1662 1060 1693 censor
1082 1648 1175 1699 (cenum
1196 1642 1286 1693 conrad
1312 1643 1349 1697 Et

254 1725 314 1762 asset
337 1715 517 1777 aupursuisret
543 1714 609 1761 EPR
652 1712 735 1763 consul
756 1730 840 1762 censor
861 1713 931 1762 cuum
954 1729 1032 1778 uapor
1044 1712 1135 1776 fuisset
1160 1712 1204 1763 Lc
1247 1722 1272 1762 et
1291 1726 1348 1760 om.

255 1939 304 1995 bus
326 1941 411 1993 uirtus
433 1955 490 1993 esse
512 1957 563 1992 riou
580 1946 684 2011 potest,
706 1940 828 2009 fruitur,
857 1938 935 1994 beato
957 1955 1015 1993 esse
1035 1937 1151 2003 diuitum
1180 1941 1207 1993 ei
1229 1955 1298 1993 uero
1322 1944 1351 1992 et

254 2025 330 2091 aluis,
354 2025 410 2079 siue
432 2022 529 2095 quibus
551 2041 608 2078 esse
629 2025 714 2078 virttis
733 2032 829 2098 potest,
853 2024 894 2079 vel
917 2023 978 2078 ullis
999 2023 1040 2078 uel
1057 2021 1192 2097 plurilus,
1218 2021 1350 2086 beotabrff

254 2112 279 2164 si
299 2117 388 2163 uuum
405 2126 523 2181 prorsus
545 2107 673 2176 omnibus,
697 2117 726 2163 ut
748 2109 850 2163 nullum
871 2110 976 2164 omnmo
998 2108 1093 2163 bortum
1111 2108 1179 2164 desit
1194 2108 1241 2162 uel
1255 2107 1353 2161 animi

254 2195 296 2249 uei
317 2194 445 2267 corporis,
469 2193 632 2250 beatissimo.
960 2245 968 2254 ,

339 2288 364 2333 et
391 2296 465 2333 nono
492 2281 601 2333 tzimium
624 2278 716 2335 beatus
738 2286 793 2343 σείς
821 2286 846 2333 et
868 2296 943 2333 nemo
964 2278 1034 2349 cst.)
1058 2274 1217 2335 Conclusio
1247 2292 1346 2350 argu·

255 2363 345 2418 menti
368 2362 515 2435 quomodo
533 2362 683 2436 procedat,
706 2370 843 2436 apparet:
867 2363 912 2435 (1)
930 2361 961 2419 si
981 2361 1046 2434 quis
1064 2361 1166 2417 beatus
1184 2369 1240 2427 est,
1264 2361 1348 2417 satis

254 2447 358 2504 beatus
382 2457 440 2514 est3
472 2448 515 2522 (2)
539 2447 617 2520 quod
640 2447 712 2504 satis
735 2455 795 2515 esc,
819 2465 854 2503 eo
877 2447 955 2521 quod
978 2446 1104 2507 accedit.
1128 2445 1253 2502 nimium
1277 2456 1346 2514 est;

254 2533 298 2605 (3)
322 2532 442 2588 nimium
472 2551 560 2607 porro
590 2533 693 2590 beatus
721 2550 807 2588 nemo
835 2541 894 2602 ast;
922 2533 966 2605 (4)
995 2550 1065 2608 ergo
1093 2531 1164 2589 nihil
1192 2530 1346 2587 accedere

254 2628 352 2692 potest
374 2617 402 2672 in
427 2636 471 2685 eo,
495 2617 545 2691 qui
569 2617 627 2674 iam
651 2618 754 2674 beatus
777 2627 830 2685 est,
853 2635 907 2674 nec
929 2617 1084 2692 quisquam
1104 2618 1190 2673 besto
1208 2615 1342 2672 beatior.

254 2703 359 2776 ltaque
382 2701 411 2758 in
435 2701 480 2758 his
503 2703 601 2760 verbis
624 2713 648 2760 et
665 2723 739 2760 nuno
756 2705 863 2758 raimium
880 2713 937 2760 cet.
956 2702 1116 2758 assumitur
1132 2700 1246 2775 aliquid
1265 2718 1343 2757 con·

254 2788 389 2845 cludendi
413 2805 516 2854 causa,
546 2805 633 2861 qtrem
661 2806 744 2843 usum
773 2787 935 2860 particulae
965 2797 990 2843 at
1017 2786 1115 2861 attigit
1137 2784 1277 2842 Handins
1308 2786 1341 2841 in

254 2874 340 2930 Tur-s.
368 2873 397 2928 ll
418 2874 522 2946 poss
548 2873 613 2927 iuno.
660 2873 730 2947 Ipsa
752 2881 848 2928 autom
874 2883 1006 2927 extrema
1034 2871 1183 2928 conclusio
1207 2885 1234 2926 et
1260 2870 1341 2940 eius,

253 2957 331 3032 quod
360 2976 397 3012 ex
426 2956 628 3030 superioribus
658 2957 815 3014 efficiatur.
846 2957 929 3030 quasi
958 2956 1094 3013 collectio
1121 2974 1156 3012 aa
1186 2954 1342 3030 particula

252 3060 373 3118 prorsus
386 3041 491 3097 vitiose
504 3042 678 3111 annectitur,
697 3041 780 3115 qussi
798 3051 902 3116 pergat
914 3041 1019 3100 Cicero
1037 3059 1128 3098 novus
1147 3053 1247 3115 portes
1264 3058 1340 3097 con·

252 3127 393 3184 clusionis
415 3126 584 3200 adiungere.
629 3127 737 3184 Merito
760 3146 830 3202 ergo
854 3127 1008 3194 Davisius,
1038 3126 1092 3182 etsi
1121 3125 1180 3182 alie
1202 3125 1251 3181 hic
1274 3136 1348 3182 non·

252 3223 331 3269 rec-te
355 3211 489 3279 tentavit,
512 3212 541 3267 in
566 3212 611 3270 his
630 3213 743 3269 verbis:
765 3222 789 3268 et
811 3232 885 3268 tremo
902 3212 978 3269 beato
995 3212 1095 3267 beurim
1113 3210 1249 3266 mendum
1267 3227 1340 3267 esse

252 3297 402 3354 iudicavit.
450 3296 508 3354 Sed
531 3298 609 3371 quod
632 3297 817 3353 scribendum
841 3305 940 3371 putot:
967 3300 1005 3353 ito
1027 3315 1115 3361 ηεηιο,
1138 3294 1209 3351 mihi
1232 3295 1341 3370 potius

252 3392 320 3457 post
342 3401 416 3438 nenio
438 3381 584 3439 excidisse
607 3382 723 3438 videtur
745 3401 807 3454 erpo
828 3382 1019 3456 additumque
1042 3398 1106 3438 esse
1128 3390 1160 3447 ct,
1184 3388 1218 3436 ut
1235 3380 1341 3438 simile

252 3467 307 3523 hoc
330 3466 474 3540 superiori
499 3476 585 3523 esset.
629 3463 795 3546 [Klotziusr
825 3477 998 3523 ultumos.
1022 3467 1046 3526 b.
1068 3476 1124 3531 est3
1146 3484 1220 3522 nouo
1244 3465 1269 3521 l.
1293 3462 1340 3545 ὰ]

339 3552 388 3608 8⁶2.
416 3551 449 3618 Q.
473 3550 611 3628 Metellus)
635 3551 852 3621 Macedonicus,
875 3551 925 3626 qui
949 3570 976 3609 a.
1006 3550 1203 3609 totiacus.
1229 3550 1340 3609 consul

250 3634 316 3704 tuit,
341 3637 376 3693 de
400 3637 482 3693 cuius
506 3639 592 3693 rebus
615 3646 644 3692 et
666 3635 808 3693 felicitate
831 3647 1014 3710 praeterae,
1041 3654 1116 3711 qrree
1139 3655 1154 3693 a
1178 3635 1340 3695 Ciceronis

251 3722 369 3796 scriptis
393 3722 422 3777 in
446 3723 592 3778 indicibus
614 3721 739 3777 collecta
761 3729 839 3790 sunt.
863 3733 960 3778 cetero
983 3721 1042 3796 peti
1066 3730 1190 3795 possunt
1212 3740 1229 3777 e
1252 3721 1340 3777 Dru·

251 3808 350 3863 manni
379 3807 458 3864 Hist.
489 3808 573 3864 Rom.
598 3807 630 3863 II
652 3825 680 3880 p.
700 3808 748 3862 20.
794 3806 886 3864 Filias
921 3806 947 3862 ei
981 3817 1040 3862 tres
1070 3806 1120 3862 dot
1147 3805 1236 3862 etiam
1260 3805 1338 3865 Val.

252 3893 331 3948 Μαι.
357 3893 426 3953 Vll.
456 3896 479 3960 l,
507 3895 532 3955 l.
561 3890 731 3949 Ciceronum
756 3910 896 3966 sequens;
927 3910 1028 3948 verum
1058 3910 1116 3948 non
1139 3890 1235 3947 solnm
1259 3889 1339 3947 Plu·

251 3977 370 4033 tsrchus
393 3977 440 4050 (de
464 3977 544 4032 Fort.
568 3977 652 4033 Rom.
676 3979 695 4032 4
719 3997 746 4051 p.
766 3978 827 4035 318
845 3977 881 4052 C)
904 3977 930 4033 ei
960 3977 1034 4033 duos
1063 3985 1176 4033 tantum
1204 3993 1339 4051 generos

146 4125 150 4133 ⁴
250 4062 420 4118 consulares
444 4061 494 4117 dut
516 4062 645 4135 (poterat
667 4062 743 4118 enim
768 4063 871 4119 tertius
895 4081 952 4119 non
976 4061 1139 4118 consularis
1162 4064 1257 4134 esse).
1281 4059 1340 4118 sed

250 4146 367 4203 Plinius
391 4148 427 4203 H.
453 4147 489 4202 N.
515 4147 589 4213 Vll,
614 4149 652 4202 59
682 4166 734 4203 sex
759 4157 871 4204 tentum
896 4148 922 4203 ei
945 4147 1055 4205 liberos
1077 4144 1188 4203 tribuit.
1233 4146 1340 4220 (Peri-

249 4231 327 4288 zonii
351 4232 510 4288 Animadv.
535 4231 614 4289 Hist.
638 4250 661 4288 c.
687 4235 703 4287 9
728 4252 756 4307 p.
775 4234 834 4289 406
860 4232 905 4288 ed.
931 4233 1060 4306 Harles.)

335 4320 435 4385 consul,
459 4336 564 4381 carison,
587 4336 676 4390 ouptcr
697 4320 798 4391 sitisset
820 4329 844 4374 et
867 4316 1072 4399 triumphasset)
1094 4315 1181 4389 Quod
1205 4333 1246 4372 ex
1271 4316 1339 4374 Erl.

249 4399 295 4479 [ct
306 4399 346 4479 B]
364 4403 442 4459 clere
466 4411 603 4459 enotatur
621 4402 689 4474 (nisi
713 4403 791 4476 quod
814 4403 840 4459 is
852 4401 898 4481 [et
909 4400 948 4480 B]
968 4416 1072 4476 curum
1089 4420 1191 4487 capsur,
1214 4403 1339 4476 consuo,
