<?xml version="1.0" encoding="UTF-8"?>
<!DOCTYPE html PUBLIC "-//W3C//DTD XHTML 1.0 Transitional//EN"
    "http://www.w3.org/TR/xhtml1/DTD/xhtml1-transitional.dtd">
<html xmlns="http://www.w3.org/1999/xhtml" xml:lang="en" lang="en">
 <head>
  <title>
</title>
<meta http-equiv="Content-Type" content="text/html;charset=utf-8" />
  <meta name='ocr-system' content='tesseract 3.04.00' />
  <meta name='ocr-capabilities' content='ocr_page ocr_carea ocr_par ocr_line ocrx_word'/>
</head>
<body>
  <div class='ocr_page' id='page_1' title='image "./mtulliiciceroni35cicegoog_0406.png"; bbox 0 0 3030 5086; ppageno 0'>
   <div class='ocr_carea' id='block_1_1' title="bbox 429 477 1295 558">
    <p class='ocr_par' dir='ltr' id='par_1_1' title="bbox 429 477 1295 558">
     <span class='ocr_line' id='line_1_1' title="bbox 429 477 1295 558; baseline 0.005 -20"><span class='ocrx_word' id='word_1_1' title='bbox 429 493 473 538; x_wconf 83' lang='lat' dir='ltr'><strong>nr</strong></span> <span class='ocrx_word' id='word_1_2' title='bbox 497 493 577 539; x_wconf 83' lang='lat' dir='ltr'><strong>man.</strong></span> <span class='ocrx_word' id='word_1_3' title='bbox 600 493 663 539; x_wconf 79' lang='lat' dir='ltr'><strong>nro.</strong></span> <span class='ocrx_word' id='word_1_4' title='bbox 686 494 710 538; x_wconf 91' lang='lat'><strong>11</strong></span> <span class='ocrx_word' id='word_1_5' title='bbox 732 494 805 540; x_wconf 75' lang='lat' dir='ltr'><strong>our.</strong></span> <span class='ocrx_word' id='word_1_6' title='bbox 824 495 933 544; x_wconf 81' lang='lat' dir='ltr'><strong>ao--so</strong></span> <span class='ocrx_word' id='word_1_7' title='bbox 953 492 1087 558; x_wconf 83' lang='lat' dir='ltr'><strong>(os-ae.)</strong></span> <span class='ocrx_word' id='word_1_8' title='bbox 1231 477 1295 542; x_wconf 77' lang='lat'><strong>305</strong></span> 
     </span>
    </p>
   </div>
   <div class='ocr_carea' id='block_1_2' title="bbox 218 661 1296 727">
    <p class='ocr_par' dir='ltr' id='par_1_2' title="bbox 218 661 1296 727">
     <span class='ocr_line' id='line_1_2' title="bbox 218 661 1296 727; baseline -0.002 0"><span class='ocrx_word' id='word_1_9' title='bbox 218 661 350 727; x_wconf 88' lang='lat' dir='ltr'><strong>bamus</strong></span> <span class='ocrx_word' id='word_1_10' title='bbox 371 661 473 726; x_wconf 87' lang='lat' dir='ltr'><strong>haec.</strong></span> <span class='ocrx_word' id='word_1_11' title='bbox 519 661 633 725; x_wconf 82' lang='lat' dir='ltr'>Tanti</span> <span class='ocrx_word' id='word_1_12' title='bbox 660 662 826 726; x_wconf 87' lang='lat' dir='ltr'><strong>aderaut</strong></span> <span class='ocrx_word' id='word_1_13' title='bbox 847 661 1001 727; x_wconf 84' lang='lat' dir='ltr'><strong>vesicae</strong></span> <span class='ocrx_word' id='word_1_14' title='bbox 1029 669 1066 726; x_wconf 89' lang='lat' dir='ltr'><strong>et</strong></span> <span class='ocrx_word' id='word_1_15' title='bbox 1092 661 1296 726; x_wconf 82' lang='lat' dir='ltr'><strong>torminum</strong></span> 
     </span>
    </p>
   </div>
   <div class='ocr_carea' id='block_1_3' title="bbox 217 880 1295 1083">
    <p class='ocr_par' dir='ltr' id='par_1_3' title="bbox 217 880 1295 1083">
     <span class='ocr_line' id='line_1_3' title="bbox 289 880 1295 946; baseline 0 -15"><span class='ocrx_word' id='word_1_16' title='bbox 289 887 310 932; x_wconf 85' lang='lat'><strong>1.</strong></span> <span class='ocrx_word' id='word_1_17' title='bbox 334 881 492 932; x_wconf 69' lang='lat' dir='ltr'><strong>scribebamus</strong></span> <span class='ocrx_word' id='word_1_18' title='bbox 518 897 547 929; x_wconf 85' lang='lat' dir='ltr'><strong>ae</strong></span> <span class='ocrx_word' id='word_1_19' title='bbox 573 881 636 929; x_wconf 82' lang='lat' dir='ltr'><strong>tenti</strong></span> <span class='ocrx_word' id='word_1_20' title='bbox 658 880 680 929; x_wconf 84' lang='lat' dir='ltr'>E</span> <span class='ocrx_word' id='word_1_21' title='bbox 734 889 812 930; x_wconf 77' lang='lat' dir='ltr'><strong>autem</strong></span> <span class='ocrx_word' id='word_1_22' title='bbox 835 883 891 946; x_wconf 88' lang='lat' dir='ltr'><strong>(pro</strong></span> <span class='ocrx_word' id='word_1_23' title='bbox 918 880 1030 946; x_wconf 83' lang='lat' dir='ltr'><strong>aderaut)</strong></span> <span class='ocrx_word' id='word_1_24' title='bbox 1052 882 1146 930; x_wconf 75' lang='lat' dir='ltr'><strong>uesicae</strong></span> <span class='ocrx_word' id='word_1_25' title='bbox 1168 881 1190 931; x_wconf 83' lang='lat' dir='ltr'>E</span> <span class='ocrx_word' id='word_1_26' title='bbox 1216 889 1295 931; x_wconf 75' lang='lat' dir='ltr'><strong>autent</strong></span> 
     </span>
     <span class='ocr_line' id='line_1_4' title="bbox 217 948 1295 1015; baseline -0.002 -15"><span class='ocrx_word' id='word_1_27' title='bbox 217 950 293 1000; x_wconf 80' lang='lat' dir='ltr'><em>morbi</em></span> <span class='ocrx_word' id='word_1_28' title='bbox 315 950 417 1000; x_wconf 80' lang='lat' dir='ltr'><strong>oderant</strong></span> <span class='ocrx_word' id='word_1_29' title='bbox 440 967 486 1001; x_wconf 81' lang='grc' dir='ltr'><strong>υιε,</strong></span> <span class='ocrx_word' id='word_1_30' title='bbox 507 948 627 999; x_wconf 85' lang='lat' dir='ltr'>LPMCR</span> <span class='ocrx_word' id='word_1_31' title='bbox 652 957 731 999; x_wconf 76' lang='lat' dir='ltr'><strong>autem</strong></span> <span class='ocrx_word' id='word_1_32' title='bbox 754 948 857 999; x_wconf 65' lang='lat' dir='ltr'><strong>educat</strong></span> <span class='ocrx_word' id='word_1_33' title='bbox 879 965 926 1004; x_wconf 83' lang='lat' dir='ltr'><strong>ves.</strong></span> <span class='ocrx_word' id='word_1_34' title='bbox 945 948 988 1000; x_wconf 89' lang='lat' dir='ltr'><strong>Or.</strong></span> <span class='ocrx_word' id='word_1_35' title='bbox 1030 951 1144 1000; x_wconf 80' lang='grc' dir='ltr'><strong><em>υίεοινιιιιι</em></strong></span> <span class='ocrx_word' id='word_1_36' title='bbox 1167 954 1223 1015; x_wconf 90' lang='lat' dir='ltr'><strong>(pro</strong></span> <span class='ocrx_word' id='word_1_37' title='bbox 1245 959 1295 1000; x_wconf 81' lang='lat' dir='ltr'><strong>tor·</strong></span> 
     </span>
     <span class='ocr_line' id='line_1_5' title="bbox 218 1019 452 1083; baseline 0.009 -16"><span class='ocrx_word' id='word_1_38' title='bbox 218 1019 313 1083; x_wconf 80' lang='lat' dir='ltr'><strong>urinum)</strong></span> <span class='ocrx_word' id='word_1_39' title='bbox 332 1019 452 1069; x_wconf 84' lang='lat' dir='ltr'>LPMCR</span> 
     </span>
    </p>
   </div>
   <div class='ocr_carea' id='block_1_4' title="bbox 201 1196 1338 4506">
    <p class='ocr_par' dir='ltr' id='par_1_4' title="bbox 217 1196 1338 3995">
     <span class='ocr_line' id='line_1_6' title="bbox 218 1196 1295 1302; baseline -0.001 -37"><span class='ocrx_word' id='word_1_40' title='bbox 218 1201 369 1286; x_wconf 88' lang='grc' dir='ltr'><strong><em>μακαρίαν</em></strong></span> <span class='ocrx_word' id='word_1_41' title='bbox 391 1225 513 1302; x_wconf 79' lang='grc' dir='ltr'><strong><em>αγοντες</em></strong></span> <span class='ocrx_word' id='word_1_42' title='bbox 531 1197 579 1265; x_wconf 81' lang='lat' dir='ltr'><strong>uui</strong></span> <span class='ocrx_word' id='word_1_43' title='bbox 598 1196 662 1281; x_wconf 78' lang='grc' dir='ltr'><strong>ἅμα</strong></span> <span class='ocrx_word' id='word_1_44' title='bbox 678 1200 850 1264; x_wconf 74' lang='grc' dir='ltr'><strong><em>τελευταίαν</em></strong></span> <span class='ocrx_word' id='word_1_45' title='bbox 873 1208 927 1282; x_wconf 85' lang='lat' dir='ltr'><strong>(sic</strong></span> <span class='ocrx_word' id='word_1_46' title='bbox 949 1218 1028 1266; x_wconf 89' lang='lat' dir='ltr'><strong>recte</strong></span> <span class='ocrx_word' id='word_1_47' title='bbox 1045 1207 1202 1276; x_wconf 86' lang='lat' dir='ltr'><strong>Davisius;</strong></span> <span class='ocrx_word' id='word_1_48' title='bbox 1225 1207 1295 1264; x_wconf 85' lang='lat' dir='ltr'>libri</span> 
     </span>
     <span class='ocr_line' id='line_1_7' title="bbox 218 1276 1293 1369; baseline -0.002 -19"><span class='ocrx_word' id='word_1_49' title='bbox 218 1282 459 1364; x_wconf 80' lang='grc' dir='ltr'><strong><em>τελευτῶντες)</em></strong></span> <span class='ocrx_word' id='word_1_50' title='bbox 445 1286 556 1367; x_wconf 84' lang='grc' dir='ltr'><strong><em>ημίραν</em></strong></span> <span class='ocrx_word' id='word_1_51' title='bbox 583 1289 638 1349; x_wconf 84' lang='grc' dir='ltr'><strong>τοῦ</strong></span> <span class='ocrx_word' id='word_1_52' title='bbox 662 1286 727 1369; x_wconf 82' lang='grc' dir='ltr'><strong><em>βίον</em></strong></span> <span class='ocrx_word' id='word_1_53' title='bbox 751 1276 919 1368; x_wconf 82' lang='grc' dir='ltr'><strong><em>ε’γριίφομεν</em></strong></span> <span class='ocrx_word' id='word_1_54' title='bbox 942 1284 1009 1368; x_wconf 76' lang='grc' dir='ltr'><strong><em>ὑμῖν</em></strong></span> <span class='ocrx_word' id='word_1_55' title='bbox 1031 1287 1128 1350; x_wconf 89' lang='grc' dir='ltr'><strong><em>ταυτί.</em></strong></span> <span class='ocrx_word' id='word_1_56' title='bbox 1172 1291 1293 1369; x_wconf 80' lang='grc' dir='ltr'><strong><em>Στραη-</em></strong></span> 
     </span>
     <span class='ocr_line' id='line_1_8' title="bbox 218 1368 1293 1469; baseline 0.001 -37"><span class='ocrx_word' id='word_1_57' title='bbox 218 1371 324 1453; x_wconf 79' lang='grc' dir='ltr'><strong><em>ηουριά</em></strong></span> <span class='ocrx_word' id='word_1_58' title='bbox 339 1394 372 1432; x_wconf 85' lang='grc' dir='ltr'><strong>τε</strong></span> <span class='ocrx_word' id='word_1_59' title='bbox 388 1368 611 1469; x_wconf 77' lang='grc' dir='ltr'><strong>παρηκολούθει</strong></span> <span class='ocrx_word' id='word_1_60' title='bbox 624 1377 678 1449; x_wconf 87' lang='lat' dir='ltr'><strong>(sic</strong></span> <span class='ocrx_word' id='word_1_61' title='bbox 690 1375 784 1434; x_wconf 87' lang='lat' dir='ltr'><strong>Gzius</strong></span> <span class='ocrx_word' id='word_1_62' title='bbox 801 1387 890 1469; x_wconf 87' lang='lat' dir='ltr'><strong>recte,</strong></span> <span class='ocrx_word' id='word_1_63' title='bbox 909 1378 964 1435; x_wconf 85' lang='lat' dir='ltr'><strong>etsi</strong></span> <span class='ocrx_word' id='word_1_64' title='bbox 981 1378 1107 1436; x_wconf 85' lang='lat' dir='ltr'><strong>fortasse</strong></span> <span class='ocrx_word' id='word_1_65' title='bbox 1126 1395 1209 1445; x_wconf 86' lang='lat' dir='ltr'><strong>casu;</strong></span> <span class='ocrx_word' id='word_1_66' title='bbox 1228 1376 1293 1434; x_wconf 90' lang='lat' dir='ltr'><strong>edd</strong></span> 
     </span>
     <span class='ocr_line' id='line_1_9' title="bbox 218 1419 1294 1559; baseline -0.003 -40"><span class='ocrx_word' id='word_1_67' title='bbox 218 1449 500 1559; x_wconf 69' lang='grc' dir='ltr'><strong>παρηκολουθήκει)</strong></span> <span class='ocrx_word' id='word_1_68' title='bbox 511 1453 559 1518; x_wconf 83' lang='lat' dir='ltr'><strong>uui</strong></span> <span class='ocrx_word' id='word_1_69' title='bbox 589 1451 776 1536; x_wconf 69' lang='grc' dir='ltr'><strong><em>δυσεντερικὰ</em></strong></span> <span class='ocrx_word' id='word_1_70' title='bbox 803 1448 890 1556; x_wconf 79' lang='grc' dir='ltr'><strong><em>πάθη</em></strong></span> <span class='ocrx_word' id='word_1_71' title='bbox 919 1453 1080 1552; x_wconf 78' lang='grc' dir='ltr'><strong><em>υπερβολῆν</em></strong></span> <span class='ocrx_word' id='word_1_72' title='bbox 1104 1480 1156 1520; x_wconf 88' lang='grc' dir='ltr'><strong>ουκ</strong></span> <span class='ocrx_word' id='word_1_73' title='bbox 1179 1419 1294 1517; x_wconf 76' lang='grc' dir='ltr'><strong><em>οίίιολεί-</em></strong></span> 
     </span>
     <span class='ocr_line' id='line_1_10' title="bbox 217 1531 1293 1640; baseline -0.003 -38"><span class='ocrx_word' id='word_1_74' title='bbox 217 1564 314 1602; x_wconf 83' lang='grc' dir='ltr'><strong><em>ποντα</em></strong></span> <span class='ocrx_word' id='word_1_75' title='bbox 346 1541 400 1599; x_wconf 83' lang='grc' dir='ltr'><strong>τοῦ</strong></span> <span class='ocrx_word' id='word_1_76' title='bbox 429 1537 458 1599; x_wconf 76' lang='grc' dir='ltr'><strong>ἐν</strong></span> <span class='ocrx_word' id='word_1_77' title='bbox 486 1537 604 1611; x_wconf 82' lang='grc' dir='ltr'><strong><em>ἑαυτοῖς</em></strong></span> <span class='ocrx_word' id='word_1_78' title='bbox 631 1539 806 1640; x_wconf 75' lang='grc' dir='ltr'><strong><em>μεγέθους.</em></strong></span> <span class='ocrx_word' id='word_1_79' title='bbox 835 1531 1122 1635; x_wconf 79' lang='grc' dir='ltr'><strong><em>Ἀντιπαρεταττετο</em></strong></span> <span class='ocrx_word' id='word_1_80' title='bbox 1157 1536 1188 1603; x_wconf 78' lang='lat' dir='ltr'><strong>bi</strong></span> <span class='ocrx_word' id='word_1_81' title='bbox 1221 1543 1293 1602; x_wconf 85' lang='grc' dir='ltr'><strong><em>πᾶσι</em></strong></span> 
     </span>
     <span class='ocr_line' id='line_1_11' title="bbox 217 1611 1292 1727; baseline 0.001 -42"><span class='ocrx_word' id='word_1_82' title='bbox 217 1647 336 1692; x_wconf 90' lang='grc' dir='ltr'><strong><em>τουτοις</em></strong></span> <span class='ocrx_word' id='word_1_83' title='bbox 358 1616 392 1682; x_wconf 88' lang='grc' dir='ltr'><strong>τὸ</strong></span> <span class='ocrx_word' id='word_1_84' title='bbox 415 1620 492 1684; x_wconf 83' lang='grc' dir='ltr'><strong><em>κατὰ</em></strong></span> <span class='ocrx_word' id='word_1_85' title='bbox 514 1620 613 1704; x_wconf 72' lang='grc' dir='ltr'><strong><em>ψυχὴν</em></strong></span> <span class='ocrx_word' id='word_1_86' title='bbox 635 1632 739 1724; x_wconf 83' lang='grc' dir='ltr'><strong><em>χαῖρον</em></strong></span> <span class='ocrx_word' id='word_1_87' title='bbox 762 1619 807 1686; x_wconf 77' lang='grc' dir='ltr'><strong>ἐπὶ</strong></span> <span class='ocrx_word' id='word_1_88' title='bbox 829 1627 866 1727; x_wconf 69' lang='grc' dir='ltr'><strong>τη</strong></span> <span class='ocrx_word' id='word_1_89' title='bbox 887 1647 946 1685; x_wconf 84' lang='grc' dir='ltr'><strong>των</strong></span> <span class='ocrx_word' id='word_1_90' title='bbox 968 1611 1128 1705; x_wconf 76' lang='grc' dir='ltr'><strong><em>γεγονότων</em></strong></span> <span class='ocrx_word' id='word_1_91' title='bbox 1146 1649 1218 1722; x_wconf 83' lang='grc' dir='ltr'><strong><em>ημιν</em></strong></span> <span class='ocrx_word' id='word_1_92' title='bbox 1230 1630 1292 1687; x_wconf 78' lang='grc' dir='ltr'><strong><em>δια·</em></strong></span> 
     </span>
     <span class='ocr_line' id='line_1_12' title="bbox 218 1698 1294 1809; baseline 0.002 -42"><span class='ocrx_word' id='word_1_93' title='bbox 218 1710 369 1809; x_wconf 74' lang='grc' dir='ltr'><strong><em>λογισμῶν</em></strong></span> <span class='ocrx_word' id='word_1_94' title='bbox 386 1698 494 1786; x_wconf 81' lang='grc' dir='ltr'><strong><em>μνήμη</em></strong></span> <span class='ocrx_word' id='word_1_95' title='bbox 538 1705 585 1770; x_wconf 94' lang='grc' dir='ltr'><strong>Συ</strong></span> <span class='ocrx_word' id='word_1_96' title='bbox 608 1705 638 1770; x_wconf 77' lang='lat' dir='ltr'><strong>di</strong></span> <span class='ocrx_word' id='word_1_97' title='bbox 662 1704 809 1782; x_wconf 79' lang='grc' dir='ltr'><strong><em>ἀξιως</em></strong></span> <span class='ocrx_word' id='word_1_98' title='bbox 773 1733 826 1788; x_wconf 91' lang='grc' dir='ltr'><strong>της</strong></span> <span class='ocrx_word' id='word_1_99' title='bbox 848 1706 878 1770; x_wconf 79' lang='grc' dir='ltr'><strong>ἐκ</strong></span> <span class='ocrx_word' id='word_1_100' title='bbox 900 1711 1053 1809; x_wconf 70' lang='lat' dir='ltr'><strong>perpaucos</strong></span> <span class='ocrx_word' id='word_1_101' title='bbox 1076 1702 1294 1803; x_wconf 79' lang='grc' dir='ltr'><strong><em>παραστάσεως</em></strong></span> 
     </span>
     <span class='ocr_line' id='line_1_13' title="bbox 218 1781 1292 1872; baseline 0 -21"><span class='ocrx_word' id='word_1_102' title='bbox 218 1786 293 1871; x_wconf 85' lang='grc' dir='ltr'><strong><em>πρὸς</em></strong></span> <span class='ocrx_word' id='word_1_103' title='bbox 321 1786 370 1869; x_wconf 76' lang='grc' dir='ltr'><strong>ε’μέ</strong></span> <span class='ocrx_word' id='word_1_104' title='bbox 397 1787 446 1854; x_wconf 80' lang='lat' dir='ltr'><strong>aui</strong></span> <span class='ocrx_word' id='word_1_105' title='bbox 475 1790 656 1870; x_wconf 81' lang='grc' dir='ltr'><strong><em>φιλοσοφίαν</em></strong></span> <span class='ocrx_word' id='word_1_106' title='bbox 688 1790 824 1869; x_wconf 77' lang='grc' dir='ltr'><strong><em>ἐπιμελοῦ</em></strong></span> <span class='ocrx_word' id='word_1_107' title='bbox 851 1795 909 1854; x_wconf 80' lang='grc' dir='ltr'><strong>τῶν</strong></span> <span class='ocrx_word' id='word_1_108' title='bbox 936 1789 1050 1853; x_wconf 81' lang='grc' dir='ltr'><strong><em>παίδων</em></strong></span> <span class='ocrx_word' id='word_1_109' title='bbox 1073 1781 1292 1872; x_wconf 74' lang='grc' dir='ltr'><strong><em>Μητροδώρου.</em></strong></span> 
     </span>
     <span class='ocr_line' id='line_1_14' title="bbox 219 1879 1295 1979; baseline 0.002 -44"><span class='ocrx_word' id='word_1_110' title='bbox 219 1879 305 1952; x_wconf 79' lang='lat' dir='ltr'><strong>Quod</strong></span> <span class='ocrx_word' id='word_1_111' title='bbox 338 1880 379 1937; x_wconf 90' lang='lat' dir='ltr'><strong>ibi</strong></span> <span class='ocrx_word' id='word_1_112' title='bbox 407 1880 568 1938; x_wconf 86' lang='lat' dir='ltr'><strong>Idomeneo</strong></span> <span class='ocrx_word' id='word_1_113' title='bbox 596 1881 722 1956; x_wconf 86' lang='lat' dir='ltr'>epistula</span> <span class='ocrx_word' id='word_1_114' title='bbox 751 1882 863 1979; x_wconf 87' lang='lat' dir='ltr'><strong>scripta</strong></span> <span class='ocrx_word' id='word_1_115' title='bbox 889 1881 1009 1947; x_wconf 85' lang='lat' dir='ltr'><strong>dicitur,</strong></span> <span class='ocrx_word' id='word_1_116' title='bbox 1045 1880 1229 1938; x_wconf 83' lang='lat' dir='ltr'><strong>Gassendius</strong></span> <span class='ocrx_word' id='word_1_117' title='bbox 1257 1881 1295 1937; x_wconf 89' lang='lat' dir='ltr'><strong>ad</strong></span> 
     </span>
     <span class='ocr_line' id='line_1_15' title="bbox 217 1964 1295 2043; baseline 0.002 -23"><span class='ocrx_word' id='word_1_118' title='bbox 217 1974 375 2038; x_wconf 86' lang='lat' dir='ltr'><strong>utrumque</strong></span> <span class='ocrx_word' id='word_1_119' title='bbox 398 1965 496 2022; x_wconf 88' lang='lat' dir='ltr'><strong>datam</strong></span> <span class='ocrx_word' id='word_1_120' title='bbox 520 1973 618 2040; x_wconf 86' lang='lat' dir='ltr'><strong>putat,</strong></span> <span class='ocrx_word' id='word_1_121' title='bbox 642 1985 709 2043; x_wconf 80' lang='lat' dir='ltr'><strong>ego,</strong></span> <span class='ocrx_word' id='word_1_122' title='bbox 734 1967 871 2040; x_wconf 90' lang='lat' dir='ltr'><strong>quoniam</strong></span> <span class='ocrx_word' id='word_1_123' title='bbox 895 1985 959 2023; x_wconf 87' lang='lat' dir='ltr'><strong>eam</strong></span> <span class='ocrx_word' id='word_1_124' title='bbox 982 1965 1072 2023; x_wconf 85' lang='lat' dir='ltr'><strong>habat</strong></span> <span class='ocrx_word' id='word_1_125' title='bbox 1093 1964 1233 2036; x_wconf 81' lang='lat' dir='ltr'><strong>formam,</strong></span> <span class='ocrx_word' id='word_1_126' title='bbox 1262 1974 1295 2022; x_wconf 87' lang='lat' dir='ltr'><strong>ut</strong></span> 
     </span>
     <span class='ocr_line' id='line_1_16' title="bbox 219 2050 1296 2126; baseline 0.002 -22"><span class='ocrx_word' id='word_1_127' title='bbox 219 2051 410 2107; x_wconf 86' lang='lat' dir='ltr'><strong>communiter</strong></span> <span class='ocrx_word' id='word_1_128' title='bbox 435 2060 465 2107; x_wconf 88' lang='lat' dir='ltr'><strong>et</strong></span> <span class='ocrx_word' id='word_1_129' title='bbox 487 2051 571 2124; x_wconf 84' lang='lat' dir='ltr'><strong>quasi</strong></span> <span class='ocrx_word' id='word_1_130' title='bbox 593 2052 622 2107; x_wconf 91' lang='lat' dir='ltr'><strong>in</strong></span> <span class='ocrx_word' id='word_1_131' title='bbox 647 2052 746 2108; x_wconf 91' lang='lat' dir='ltr'><strong>orbem</strong></span> <span class='ocrx_word' id='word_1_132' title='bbox 770 2052 808 2108; x_wconf 88' lang='lat' dir='ltr'><strong>ad</strong></span> <span class='ocrx_word' id='word_1_133' title='bbox 830 2070 931 2109; x_wconf 85' lang='lat' dir='ltr'><strong>omnes</strong></span> <span class='ocrx_word' id='word_1_134' title='bbox 951 2050 1071 2126; x_wconf 84' lang='lat' dir='ltr'><strong>Epicuri</strong></span> <span class='ocrx_word' id='word_1_135' title='bbox 1094 2050 1204 2107; x_wconf 88' lang='lat' dir='ltr'><strong>amicos</strong></span> <span class='ocrx_word' id='word_1_136' title='bbox 1227 2050 1296 2107; x_wconf 86' lang='lat' dir='ltr'><strong>data</strong></span> 
     </span>
     <span class='ocr_line' id='line_1_17' title="bbox 219 2135 1295 2211; baseline 0.001 -21"><span class='ocrx_word' id='word_1_137' title='bbox 219 2135 313 2192; x_wconf 88' lang='lat' dir='ltr'><strong>rideri</strong></span> <span class='ocrx_word' id='word_1_138' title='bbox 331 2135 433 2210; x_wconf 80' lang='lat' dir='ltr'><strong>possit,</strong></span> <span class='ocrx_word' id='word_1_139' title='bbox 451 2136 586 2211; x_wconf 88' lang='lat' dir='ltr'><strong>pluribus</strong></span> <span class='ocrx_word' id='word_1_140' title='bbox 597 2136 877 2211; x_wconf 79' lang='lat' dir='ltr'><strong>praescriptionibus</strong></span> <span class='ocrx_word' id='word_1_141' title='bbox 889 2135 1088 2193; x_wconf 87' lang='lat' dir='ltr'><strong>circumlatam</strong></span> <span class='ocrx_word' id='word_1_142' title='bbox 1102 2135 1180 2210; x_wconf 86' lang='lat' dir='ltr'><strong>apud</strong></span> <span class='ocrx_word' id='word_1_143' title='bbox 1197 2143 1295 2209; x_wconf 84' lang='lat' dir='ltr'><strong>poste·</strong></span> 
     </span>
     <span class='ocr_line' id='line_1_18' title="bbox 218 2220 1295 2297; baseline 0 -22"><span class='ocrx_word' id='word_1_144' title='bbox 218 2220 311 2276; x_wconf 87' lang='lat' dir='ltr'><strong>riores</strong></span> <span class='ocrx_word' id='word_1_145' title='bbox 333 2231 420 2294; x_wconf 90' lang='lat' dir='ltr'><strong>puto,</strong></span> <span class='ocrx_word' id='word_1_146' title='bbox 449 2239 514 2283; x_wconf 86' lang='lat' dir='ltr'><strong>cum</strong></span> <span class='ocrx_word' id='word_1_147' title='bbox 543 2221 602 2277; x_wconf 86' lang='lat' dir='ltr'><strong>alia</strong></span> <span class='ocrx_word' id='word_1_148' title='bbox 624 2232 712 2297; x_wconf 87' lang='lat' dir='ltr'><strong>atque</strong></span> <span class='ocrx_word' id='word_1_149' title='bbox 739 2221 799 2278; x_wconf 85' lang='lat' dir='ltr'><strong>alin</strong></span> <span class='ocrx_word' id='word_1_150' title='bbox 826 2222 1007 2296; x_wconf 87' lang='lat' dir='ltr'><strong>singulorum</strong></span> <span class='ocrx_word' id='word_1_151' title='bbox 1030 2220 1149 2277; x_wconf 90' lang='lat' dir='ltr'><strong>nomina</strong></span> <span class='ocrx_word' id='word_1_152' title='bbox 1171 2238 1295 2295; x_wconf 90' lang='lat' dir='ltr'><strong>praepo·</strong></span> 
     </span>
     <span class='ocr_line' id='line_1_19' title="bbox 219 2305 1294 2382; baseline 0.001 -22"><span class='ocrx_word' id='word_1_153' title='bbox 219 2315 366 2362; x_wconf 83' lang='lat' dir='ltr'><strong>narentur.</strong></span> <span class='ocrx_word' id='word_1_154' title='bbox 412 2306 563 2363; x_wconf 87' lang='lat' dir='ltr'><strong>Extabant</strong></span> <span class='ocrx_word' id='word_1_155' title='bbox 585 2307 673 2362; x_wconf 88' lang='lat' dir='ltr'><strong>etiam</strong></span> <span class='ocrx_word' id='word_1_156' title='bbox 696 2305 818 2382; x_wconf 88' lang='lat' dir='ltr'><strong>Epicuri</strong></span> <span class='ocrx_word' id='word_1_157' title='bbox 841 2306 985 2381; x_wconf 76' lang='lat' dir='ltr'><strong>epistulae</strong></span> <span class='ocrx_word' id='word_1_158' title='bbox 1009 2306 1046 2362; x_wconf 88' lang='lat' dir='ltr'><strong>ad</strong></span> <span class='ocrx_word' id='word_1_159' title='bbox 1070 2305 1294 2375; x_wconf 77' lang='lat' dir='ltr'><strong>Hermarchum,</strong></span> 
     </span>
     <span class='ocr_line' id='line_1_20' title="bbox 219 2389 1295 2466; baseline 0.002 -21"><span class='ocrx_word' id='word_1_160' title='bbox 219 2391 325 2463; x_wconf 86' lang='lat' dir='ltr'><strong>quibus</strong></span> <span class='ocrx_word' id='word_1_161' title='bbox 348 2391 504 2447; x_wconf 82' lang='lat' dir='ltr'><strong>Leontium</strong></span> <span class='ocrx_word' id='word_1_162' title='bbox 528 2391 752 2448; x_wconf 89' lang='lat' dir='ltr'><strong>commendabat</strong></span> <span class='ocrx_word' id='word_1_163' title='bbox 769 2391 891 2465; x_wconf 84' lang='lat' dir='ltr'><strong>(Athen.</strong></span> <span class='ocrx_word' id='word_1_164' title='bbox 903 2391 984 2448; x_wconf 87' lang='lat' dir='ltr'>XIII</span> <span class='ocrx_word' id='word_1_165' title='bbox 1001 2410 1029 2466; x_wconf 93' lang='lat' dir='ltr'><strong>p.</strong></span> <span class='ocrx_word' id='word_1_166' title='bbox 1043 2392 1104 2447; x_wconf 76' lang='lat'><strong>588</strong></span> <span class='ocrx_word' id='word_1_167' title='bbox 1117 2392 1163 2464; x_wconf 91' lang='lat' dir='ltr'><strong>B).</strong></span> <span class='ocrx_word' id='word_1_168' title='bbox 1209 2389 1295 2464; x_wconf 80' lang='lat' dir='ltr'><strong>Quod</strong></span> 
     </span>
     <span class='ocr_line' id='line_1_21' title="bbox 219 2475 1294 2551; baseline 0.003 -21"><span class='ocrx_word' id='word_1_169' title='bbox 219 2485 315 2537; x_wconf 87' lang='lat' dir='ltr'><strong>autem</strong></span> <span class='ocrx_word' id='word_1_170' title='bbox 340 2476 510 2533; x_wconf 87' lang='lat' dir='ltr'><strong>nonnemini</strong></span> <span class='ocrx_word' id='word_1_171' title='bbox 534 2477 673 2534; x_wconf 84' lang='lat' dir='ltr'><strong>salutatio</strong></span> <span class='ocrx_word' id='word_1_172' title='bbox 695 2476 773 2551; x_wconf 91' lang='lat' dir='ltr'><strong>apud</strong></span> <span class='ocrx_word' id='word_1_173' title='bbox 792 2475 964 2535; x_wconf 81' lang='lat' dir='ltr'><strong>Ciceronem</strong></span> <span class='ocrx_word' id='word_1_174' title='bbox 982 2475 1140 2533; x_wconf 85' lang='lat' dir='ltr'><strong>subditicio</strong></span> <span class='ocrx_word' id='word_1_175' title='bbox 1156 2475 1221 2532; x_wconf 81' lang='lat' dir='ltr'><strong>viae</strong></span> <span class='ocrx_word' id='word_1_176' title='bbox 1240 2483 1294 2546; x_wconf 88' lang='lat' dir='ltr'><strong>est,</strong></span> 
     </span>
     <span class='ocr_line' id='line_1_22' title="bbox 219 2560 1296 2635; baseline 0.003 -20"><span class='ocrx_word' id='word_1_177' title='bbox 219 2579 313 2634; x_wconf 91' lang='lat' dir='ltr'><strong>neque</strong></span> <span class='ocrx_word' id='word_1_178' title='bbox 336 2563 455 2618; x_wconf 92' lang='lat' dir='ltr'><strong>omnino</strong></span> <span class='ocrx_word' id='word_1_179' title='bbox 478 2560 614 2635; x_wconf 88' lang='lat' dir='ltr'><strong>cuiquam</strong></span> <span class='ocrx_word' id='word_1_180' title='bbox 638 2561 751 2618; x_wconf 88' lang='lat' dir='ltr'><strong>scribae</strong></span> <span class='ocrx_word' id='word_1_181' title='bbox 773 2579 837 2617; x_wconf 85' lang='lat' dir='ltr'><strong>eam</strong></span> <span class='ocrx_word' id='word_1_182' title='bbox 861 2561 968 2618; x_wconf 86' lang='lat' dir='ltr'><strong>addere</strong></span> <span class='ocrx_word' id='word_1_183' title='bbox 991 2560 1021 2617; x_wconf 91' lang='lat' dir='ltr'><strong>in</strong></span> <span class='ocrx_word' id='word_1_184' title='bbox 1045 2569 1170 2617; x_wconf 89' lang='lat' dir='ltr'><strong>mentem</strong></span> <span class='ocrx_word' id='word_1_185' title='bbox 1194 2560 1296 2618; x_wconf 88' lang='lat' dir='ltr'><strong>venire</strong></span> 
     </span>
     <span class='ocr_line' id='line_1_23' title="bbox 219 2644 1297 2720; baseline 0.002 -19"><span class='ocrx_word' id='word_1_186' title='bbox 219 2646 328 2720; x_wconf 86' lang='lat' dir='ltr'><strong>potuit,</strong></span> <span class='ocrx_word' id='word_1_187' title='bbox 357 2656 401 2716; x_wconf 87' lang='lat' dir='ltr'><strong>et,</strong></span> <span class='ocrx_word' id='word_1_188' title='bbox 430 2647 455 2704; x_wconf 89' lang='lat' dir='ltr'><strong>si</strong></span> <span class='ocrx_word' id='word_1_189' title='bbox 483 2647 613 2703; x_wconf 91' lang='lat' dir='ltr'><strong>venisset</strong></span> <span class='ocrx_word' id='word_1_190' title='bbox 641 2647 670 2702; x_wconf 91' lang='lat' dir='ltr'><strong>in</strong></span> <span class='ocrx_word' id='word_1_191' title='bbox 700 2654 842 2713; x_wconf 90' lang='lat' dir='ltr'><strong>mentem,</strong></span> <span class='ocrx_word' id='word_1_192' title='bbox 871 2646 949 2718; x_wconf 90' lang='lat' dir='ltr'><strong>quod</strong></span> <span class='ocrx_word' id='word_1_193' title='bbox 973 2644 1121 2704; x_wconf 86' lang='lat' dir='ltr'><strong>Graecum</strong></span> <span class='ocrx_word' id='word_1_194' title='bbox 1144 2645 1297 2720; x_wconf 83' lang='lat' dir='ltr'><strong>exemplar</strong></span> 
     </span>
     <span class='ocr_line' id='line_1_24' title="bbox 219 2729 1297 2806; baseline 0.003 -21"><span class='ocrx_word' id='word_1_195' title='bbox 219 2741 329 2800; x_wconf 86' lang='lat' dir='ltr'><strong>nosset,</strong></span> <span class='ocrx_word' id='word_1_196' title='bbox 352 2731 429 2787; x_wconf 91' lang='lat' dir='ltr'><strong>idem</strong></span> <span class='ocrx_word' id='word_1_197' title='bbox 453 2750 558 2786; x_wconf 92' lang='lat' dir='ltr'><strong>nomen</strong></span> <span class='ocrx_word' id='word_1_198' title='bbox 581 2731 738 2806; x_wconf 87' lang='lat' dir='ltr'><strong>posuisset.</strong></span> <span class='ocrx_word' id='word_1_199' title='bbox 773 2731 885 2788; x_wconf 91' lang='lat' dir='ltr'><strong>Verum</strong></span> <span class='ocrx_word' id='word_1_200' title='bbox 908 2748 966 2787; x_wconf 95' lang='lat' dir='ltr'><strong>non</strong></span> <span class='ocrx_word' id='word_1_201' title='bbox 990 2739 1049 2786; x_wconf 89' lang='lat' dir='ltr'><strong>tem</strong></span> <span class='ocrx_word' id='word_1_202' title='bbox 1067 2729 1145 2787; x_wconf 89' lang='lat' dir='ltr'><strong>docti</strong></span> <span class='ocrx_word' id='word_1_203' title='bbox 1162 2730 1297 2788; x_wconf 87' lang='lat' dir='ltr'><strong>homines</strong></span> 
     </span>
     <span class='ocr_line' id='line_1_25' title="bbox 220 2814 1295 2891; baseline 0.002 -21"><span class='ocrx_word' id='word_1_204' title='bbox 220 2815 273 2871; x_wconf 86' lang='lat' dir='ltr'><strong>hos</strong></span> <span class='ocrx_word' id='word_1_205' title='bbox 307 2816 398 2873; x_wconf 84' lang='lat' dir='ltr'><strong>libros</strong></span> <span class='ocrx_word' id='word_1_206' title='bbox 432 2816 501 2873; x_wconf 92' lang='lat' dir='ltr'><strong>olim</strong></span> <span class='ocrx_word' id='word_1_207' title='bbox 530 2815 756 2891; x_wconf 89' lang='lat' dir='ltr'><strong>interpolarunt.</strong></span> <span class='ocrx_word' id='word_1_208' title='bbox 807 2815 982 2872; x_wconf 87' lang='lat' dir='ltr'><strong>Hermarchi</strong></span> <span class='ocrx_word' id='word_1_209' title='bbox 1011 2814 1210 2890; x_wconf 72' lang='lat' dir='ltr'><strong>(Mitylenaei,</strong></span> <span class='ocrx_word' id='word_1_210' title='bbox 1244 2815 1295 2889; x_wconf 92' lang='lat' dir='ltr'><strong>qui</strong></span> 
     </span>
     <span class='ocr_line' id='line_1_26' title="bbox 221 2899 1295 2976; baseline 0 -20"><span class='ocrx_word' id='word_1_211' title='bbox 221 2900 349 2975; x_wconf 82' lang='lat' dir='ltr'><strong>Epicuro</strong></span> <span class='ocrx_word' id='word_1_212' title='bbox 379 2901 408 2956; x_wconf 93' lang='lat' dir='ltr'><strong>in</strong></span> <span class='ocrx_word' id='word_1_213' title='bbox 432 2900 534 2957; x_wconf 87' lang='lat' dir='ltr'><strong>schola</strong></span> <span class='ocrx_word' id='word_1_214' title='bbox 556 2902 711 2971; x_wconf 85' lang='lat' dir='ltr'><strong>successit,</strong></span> <span class='ocrx_word' id='word_1_215' title='bbox 740 2900 799 2956; x_wconf 90' lang='lat' dir='ltr'><strong>vid.</strong></span> <span class='ocrx_word' id='word_1_216' title='bbox 822 2899 909 2976; x_wconf 87' lang='lat' dir='ltr'><strong>Diog.</strong></span> <span class='ocrx_word' id='word_1_217' title='bbox 932 2900 978 2970; x_wconf 90' lang='lat' dir='ltr'><strong>X,</strong></span> <span class='ocrx_word' id='word_1_218' title='bbox 1005 2900 1058 2970; x_wconf 86' lang='lat'><strong>15,</strong></span> <span class='ocrx_word' id='word_1_219' title='bbox 1085 2901 1138 2971; x_wconf 79' lang='lat'><strong>17,</strong></span> <span class='ocrx_word' id='word_1_220' title='bbox 1162 2901 1216 2970; x_wconf 80' lang='lat'><strong>24,</strong></span> <span class='ocrx_word' id='word_1_221' title='bbox 1242 2900 1295 2973; x_wconf 77' lang='grc'><strong>25)</strong></span> 
     </span>
     <span class='ocr_line' id='line_1_27' title="bbox 220 2984 1296 3055; baseline 0.001 -16"><span class='ocrx_word' id='word_1_222' title='bbox 220 3004 335 3055; x_wconf 85' lang='grc' dir='ltr'><strong><em>ιιοιιιειι,</em></strong></span> <span class='ocrx_word' id='word_1_223' title='bbox 358 3004 424 3042; x_wconf 91' lang='lat' dir='ltr'><strong>oum</strong></span> <span class='ocrx_word' id='word_1_224' title='bbox 448 2995 477 3042; x_wconf 90' lang='lat' dir='ltr'><strong>ot</strong></span> <span class='ocrx_word' id='word_1_225' title='bbox 498 2985 547 3042; x_wconf 92' lang='lat' dir='ltr'><strong>hic</strong></span> <span class='ocrx_word' id='word_1_226' title='bbox 569 2995 598 3043; x_wconf 90' lang='lat' dir='ltr'><strong>et</strong></span> <span class='ocrx_word' id='word_1_227' title='bbox 620 2985 697 3042; x_wconf 81' lang='lat' dir='ltr'><strong>infra</strong></span> <span class='ocrx_word' id='word_1_228' title='bbox 718 2987 774 3043; x_wconf 92' lang='lat'><strong>101</strong></span> <span class='ocrx_word' id='word_1_229' title='bbox 800 2994 829 3042; x_wconf 88' lang='lat' dir='ltr'><strong>ot</strong></span> <span class='ocrx_word' id='word_1_230' title='bbox 851 2986 880 3042; x_wconf 93' lang='lat' dir='ltr'><strong>in</strong></span> <span class='ocrx_word' id='word_1_231' title='bbox 904 2984 981 3042; x_wconf 90' lang='lat' dir='ltr'><strong>libro</strong></span> <span class='ocrx_word' id='word_1_232' title='bbox 1003 2985 1242 3043; x_wconf 70' lang='lat' dir='ltr'><strong>Ioannou</strong></span> <span class='ocrx_word' id='word_1_233' title='bbox 1265 2993 1296 3040; x_wconf 85' lang='lat' dir='ltr'><strong>et</strong></span> 
     </span>
     <span class='ocr_line' id='line_1_28' title="bbox 220 3069 1293 3146; baseline 0 -20"><span class='ocrx_word' id='word_1_234' title='bbox 220 3070 313 3126; x_wconf 87' lang='lat' dir='ltr'><strong>Acad.</strong></span> <span class='ocrx_word' id='word_1_235' title='bbox 337 3072 377 3140; x_wconf 90' lang='lat' dir='ltr'><strong>II,</strong></span> <span class='ocrx_word' id='word_1_236' title='bbox 395 3072 432 3127; x_wconf 88' lang='grc'><strong>97</strong></span> <span class='ocrx_word' id='word_1_237' title='bbox 457 3080 486 3126; x_wconf 88' lang='lat' dir='ltr'><strong>et</strong></span> <span class='ocrx_word' id='word_1_238' title='bbox 508 3072 586 3146; x_wconf 83' lang='lat' dir='ltr'><strong>opud</strong></span> <span class='ocrx_word' id='word_1_239' title='bbox 605 3071 777 3146; x_wconf 80' lang='lat' dir='ltr'><strong>Diogenem,</strong></span> <span class='ocrx_word' id='word_1_240' title='bbox 800 3072 998 3140; x_wconf 82' lang='lat' dir='ltr'><strong>Athenaeum,</strong></span> <span class='ocrx_word' id='word_1_241' title='bbox 1023 3069 1164 3128; x_wconf 86' lang='lat' dir='ltr'><strong>Senecam</strong></span> <span class='ocrx_word' id='word_1_242' title='bbox 1185 3070 1251 3144; x_wconf 90' lang='lat' dir='ltr'><strong>(Ep.</strong></span> <span class='ocrx_word' id='word_1_243' title='bbox 1265 3071 1293 3140; x_wconf 85' lang='grc'><strong>6,</strong></span> 
     </span>
     <span class='ocr_line' id='line_1_29' title="bbox 221 3154 1295 3231; baseline 0 -21"><span class='ocrx_word' id='word_1_244' title='bbox 221 3155 270 3224; x_wconf 88' lang='lat'><strong>33,</strong></span> <span class='ocrx_word' id='word_1_245' title='bbox 285 3155 345 3228; x_wconf 72' lang='lat'><strong>52),</strong></span> <span class='ocrx_word' id='word_1_246' title='bbox 369 3156 566 3231; x_wconf 86' lang='lat' dir='ltr'><strong>Porphyrium</strong></span> <span class='ocrx_word' id='word_1_247' title='bbox 591 3157 638 3226; x_wconf 91' lang='lat' dir='ltr'><strong>(de</strong></span> <span class='ocrx_word' id='word_1_248' title='bbox 662 3157 781 3214; x_wconf 91' lang='lat' dir='ltr'><strong>Abstin.</strong></span> <span class='ocrx_word' id='word_1_249' title='bbox 800 3157 824 3226; x_wconf 95' lang='grc' dir='ltr'><strong>Ι,</strong></span> <span class='ocrx_word' id='word_1_250' title='bbox 839 3157 891 3229; x_wconf 76' lang='lat'><strong>26)</strong></span> <span class='ocrx_word' id='word_1_251' title='bbox 914 3156 1086 3212; x_wconf 81' lang='lat' dir='ltr'><strong>Hemaoobus</strong></span> <span class='ocrx_word' id='word_1_252' title='bbox 1108 3154 1295 3223; x_wconf 88' lang='lat' dir='ltr'><strong>scriberetur,</strong></span> 
     </span>
     <span class='ocr_line' id='line_1_30' title="bbox 219 3240 1295 3314; baseline 0.002 -19"><span class='ocrx_word' id='word_1_253' title='bbox 219 3259 234 3295; x_wconf 93' lang='lat' dir='ltr'><strong>e</strong></span> <span class='ocrx_word' id='word_1_254' title='bbox 257 3242 454 3298; x_wconf 89' lang='lat' dir='ltr'><strong>monumentis</strong></span> <span class='ocrx_word' id='word_1_255' title='bbox 476 3240 746 3298; x_wconf 88' lang='lat' dir='ltr'><strong>Herculanensibus</strong></span> <span class='ocrx_word' id='word_1_256' title='bbox 768 3241 996 3314; x_wconf 88' lang='lat' dir='ltr'><strong>(subscriptione</strong></span> <span class='ocrx_word' id='word_1_257' title='bbox 1023 3250 1138 3298; x_wconf 87' lang='lat' dir='ltr'><strong>statuae</strong></span> <span class='ocrx_word' id='word_1_258' title='bbox 1167 3248 1196 3297; x_wconf 86' lang='lat' dir='ltr'><strong>et</strong></span> <span class='ocrx_word' id='word_1_259' title='bbox 1217 3240 1295 3297; x_wconf 90' lang='lat' dir='ltr'><strong>libro</strong></span> 
     </span>
     <span class='ocr_line' id='line_1_31' title="bbox 218 3315 1292 3401; baseline 0.001 -22"><span class='ocrx_word' id='word_1_260' title='bbox 218 3325 384 3381; x_wconf 87' lang='lat' dir='ltr'><strong>Philodemi</strong></span> <span class='ocrx_word' id='word_1_261' title='bbox 413 3315 478 3401; x_wconf 75' lang='lat' dir='ltr'><strong>napi</strong></span> <span class='ocrx_word' id='word_1_262' title='bbox 501 3317 671 3401; x_wconf 80' lang='grc' dir='ltr'><strong><em>ῥητορικῆς,</em></strong></span> <span class='ocrx_word' id='word_1_263' title='bbox 699 3326 758 3385; x_wconf 86' lang='lat' dir='ltr'><strong>vid.</strong></span> <span class='ocrx_word' id='word_1_264' title='bbox 782 3326 938 3382; x_wconf 83' lang='lat' dir='ltr'><strong>Antichita</strong></span> <span class='ocrx_word' id='word_1_265' title='bbox 961 3325 989 3382; x_wconf 89' lang='lat' dir='ltr'><strong>di</strong></span> <span class='ocrx_word' id='word_1_266' title='bbox 1012 3325 1159 3383; x_wconf 86' lang='lat' dir='ltr'><strong>Ercolano</strong></span> <span class='ocrx_word' id='word_1_267' title='bbox 1182 3325 1241 3383; x_wconf 91' lang='lat' dir='ltr'><strong>vol.</strong></span> <span class='ocrx_word' id='word_1_268' title='bbox 1266 3327 1292 3380; x_wconf 95' lang='lat' dir='ltr'>V</span> 
     </span>
     <span class='ocr_line' id='line_1_32' title="bbox 219 3409 1295 3486; baseline 0.001 -21"><span class='ocrx_word' id='word_1_269' title='bbox 219 3410 279 3467; x_wconf 88' lang='lat' dir='ltr'><strong>tab.</strong></span> <span class='ocrx_word' id='word_1_270' title='bbox 307 3412 342 3466; x_wconf 88' lang='grc'><strong>17</strong></span> <span class='ocrx_word' id='word_1_271' title='bbox 374 3419 403 3466; x_wconf 87' lang='lat' dir='ltr'><strong>et</strong></span> <span class='ocrx_word' id='word_1_272' title='bbox 430 3431 459 3486; x_wconf 94' lang='lat' dir='ltr'><strong>p.</strong></span> <span class='ocrx_word' id='word_1_273' title='bbox 480 3413 531 3483; x_wconf 88' lang='lat'><strong>71)</strong></span> <span class='ocrx_word' id='word_1_274' title='bbox 560 3429 659 3467; x_wconf 83' lang='lat' dir='ltr'><strong>veram</strong></span> <span class='ocrx_word' id='word_1_275' title='bbox 694 3409 818 3469; x_wconf 84' lang='lat' dir='ltr'><strong>formam</strong></span> <span class='ocrx_word' id='word_1_276' title='bbox 848 3411 1059 3468; x_wconf 88' lang='lat' dir='ltr'><strong>restituendam</strong></span> <span class='ocrx_word' id='word_1_277' title='bbox 1088 3429 1151 3468; x_wconf 83' lang='lat' dir='ltr'><strong>esse</strong></span> <span class='ocrx_word' id='word_1_278' title='bbox 1180 3410 1295 3467; x_wconf 86' lang='lat' dir='ltr'><strong>monuit</strong></span> 
     </span>
     <span class='ocr_line' id='line_1_33' title="bbox 220 3494 1338 3572; baseline 0.001 -22"><span class='ocrx_word' id='word_1_279' title='bbox 220 3495 413 3551; x_wconf 88' lang='lat' dir='ltr'><strong>Villoisonius</strong></span> <span class='ocrx_word' id='word_1_280' title='bbox 436 3495 549 3552; x_wconf 84' lang='lat' dir='ltr'><strong>Anecd.</strong></span> <span class='ocrx_word' id='word_1_281' title='bbox 574 3494 682 3554; x_wconf 89' lang='lat' dir='ltr'><strong>Graec.</strong></span> <span class='ocrx_word' id='word_1_282' title='bbox 707 3498 792 3554; x_wconf 84' lang='lat' dir='ltr'><strong>Tom.</strong></span> <span class='ocrx_word' id='word_1_283' title='bbox 815 3496 847 3553; x_wconf 93' lang='lat'><strong>11</strong></span> <span class='ocrx_word' id='word_1_284' title='bbox 871 3516 899 3570; x_wconf 91' lang='lat' dir='ltr'><strong>p.</strong></span> <span class='ocrx_word' id='word_1_285' title='bbox 921 3497 993 3563; x_wconf 83' lang='grc'>159,</span> <span class='ocrx_word' id='word_1_286' title='bbox 1022 3515 1107 3569; x_wconf 87' lang='lat' dir='ltr'><strong>quem</strong></span> <span class='ocrx_word' id='word_1_287' title='bbox 1132 3494 1226 3554; x_wconf 89' lang='lat' dir='ltr'><strong>Gzius</strong></span> <span class='ocrx_word' id='word_1_288' title='bbox 1249 3513 1294 3552; x_wconf 90' lang='lat' dir='ltr'><strong>se·</strong></span> <span class='ocrx_word' id='word_1_289' title='bbox 1337 3568 1338 3572; x_wconf 7' lang='grc' dir='ltr'><strong><em>η</em></strong></span> 
     </span>
     <span class='ocr_line' id='line_1_34' title="bbox 218 3577 1293 3662; baseline 0.002 -27"><span class='ocrx_word' id='word_1_290' title='bbox 218 3589 302 3637; x_wconf 89' lang='lat' dir='ltr'><strong>cutus</strong></span> <span class='ocrx_word' id='word_1_291' title='bbox 326 3589 379 3638; x_wconf 87' lang='lat' dir='ltr'><strong>est.</strong></span> <span class='ocrx_word' id='word_1_292' title='bbox 426 3579 608 3638; x_wconf 83' lang='lat' dir='ltr'><strong>Confirmant</strong></span> <span class='ocrx_word' id='word_1_293' title='bbox 630 3600 694 3638; x_wconf 89' lang='lat' dir='ltr'><strong>eam</strong></span> <span class='ocrx_word' id='word_1_294' title='bbox 717 3581 765 3638; x_wconf 90' lang='lat' dir='ltr'><strong>hic</strong></span> <span class='ocrx_word' id='word_1_295' title='bbox 786 3577 870 3662; x_wconf 88' lang='lat' dir='ltr'><strong>[AB]</strong></span> <span class='ocrx_word' id='word_1_296' title='bbox 888 3581 960 3650; x_wconf 79' lang='lat' dir='ltr'><strong>Erl,</strong></span> <span class='ocrx_word' id='word_1_297' title='bbox 984 3580 1061 3637; x_wconf 85' lang='lat' dir='ltr'><strong>infra</strong></span> <span class='ocrx_word' id='word_1_298' title='bbox 1083 3591 1180 3638; x_wconf 90' lang='lat' dir='ltr'><strong>autem</strong></span> <span class='ocrx_word' id='word_1_299' title='bbox 1204 3579 1293 3637; x_wconf 91' lang='lat' dir='ltr'><strong>iidem</strong></span> 
     </span>
     <span class='ocr_line' id='line_1_35' title="bbox 218 3665 1292 3740; baseline 0.001 -20"><span class='ocrx_word' id='word_1_300' title='bbox 218 3673 248 3720; x_wconf 90' lang='lat' dir='ltr'><strong>et</strong></span> <span class='ocrx_word' id='word_1_301' title='bbox 276 3665 353 3739; x_wconf 87' lang='lat' dir='ltr'><strong>Spir.</strong></span> <span class='ocrx_word' id='word_1_302' title='bbox 382 3665 441 3738; x_wconf 89' lang='lat' dir='ltr'><strong>(hic</strong></span> <span class='ocrx_word' id='word_1_303' title='bbox 469 3666 638 3738; x_wconf 77' lang='lat' dir='ltr'><strong>Hermarcr),</strong></span> <span class='ocrx_word' id='word_1_304' title='bbox 677 3667 707 3723; x_wconf 92' lang='lat' dir='ltr'><strong>in</strong></span> <span class='ocrx_word' id='word_1_305' title='bbox 742 3666 825 3723; x_wconf 90' lang='lat' dir='ltr'><strong>libris</strong></span> <span class='ocrx_word' id='word_1_306' title='bbox 859 3666 895 3722; x_wconf 87' lang='lat' dir='ltr'><strong>do</strong></span> <span class='ocrx_word' id='word_1_307' title='bbox 928 3666 967 3723; x_wconf 91' lang='lat' dir='ltr'><strong>N.</strong></span> <span class='ocrx_word' id='word_1_308' title='bbox 997 3666 1034 3724; x_wconf 93' lang='lat' dir='ltr'><strong>D.</strong></span> <span class='ocrx_word' id='word_1_309' title='bbox 1071 3665 1173 3740; x_wconf 89' lang='lat' dir='ltr'><strong>optimi</strong></span> <span class='ocrx_word' id='word_1_310' title='bbox 1208 3665 1292 3721; x_wconf 90' lang='lat' dir='ltr'><strong>codd.</strong></span> 
     </span>
     <span class='ocr_line' id='line_1_36' title="bbox 218 3749 1293 3826; baseline 0 -20"><span class='ocrx_word' id='word_1_311' title='bbox 218 3752 255 3821; x_wconf 90' lang='lat' dir='ltr'><strong>(B</strong></span> <span class='ocrx_word' id='word_1_312' title='bbox 279 3752 465 3819; x_wconf 63' lang='lat' dir='ltr'><strong>Hermarchus,</strong></span> <span class='ocrx_word' id='word_1_313' title='bbox 489 3749 572 3808; x_wconf 88' lang='lat' dir='ltr'><strong>ACE</strong></span> <span class='ocrx_word' id='word_1_314' title='bbox 594 3753 783 3826; x_wconf 82' lang='lat' dir='ltr'><strong>Hermorous).</strong></span> <span class='ocrx_word' id='word_1_315' title='bbox 829 3751 912 3808; x_wconf 93' lang='lat' dir='ltr'><strong>Idem</strong></span> <span class='ocrx_word' id='word_1_316' title='bbox 937 3751 1072 3807; x_wconf 90' lang='lat' dir='ltr'><strong>mendum</strong></span> <span class='ocrx_word' id='word_1_317' title='bbox 1095 3750 1210 3806; x_wconf 84' lang='lat' dir='ltr'><strong>eratin</strong></span> <span class='ocrx_word' id='word_1_318' title='bbox 1234 3749 1293 3806; x_wconf 90' lang='lat' dir='ltr'><strong>alio</strong></span> 
     </span>
     <span class='ocr_line' id='line_1_37' title="bbox 218 3835 1293 3912; baseline 0 -21"><span class='ocrx_word' id='word_1_319' title='bbox 218 3835 335 3892; x_wconf 87' lang='lat' dir='ltr'><strong>homine</strong></span> <span class='ocrx_word' id='word_1_320' title='bbox 358 3836 388 3891; x_wconf 94' lang='lat' dir='ltr'><strong>in</strong></span> <span class='ocrx_word' id='word_1_321' title='bbox 411 3845 484 3892; x_wconf 87' lang='lat' dir='ltr'><strong>orat.</strong></span> <span class='ocrx_word' id='word_1_322' title='bbox 510 3836 546 3891; x_wconf 91' lang='lat' dir='ltr'><strong>de</strong></span> <span class='ocrx_word' id='word_1_323' title='bbox 568 3835 687 3911; x_wconf 89' lang='lat' dir='ltr'><strong>harusp.</strong></span> <span class='ocrx_word' id='word_1_324' title='bbox 705 3855 783 3912; x_wconf 91' lang='lat' dir='ltr'><strong>resp.</strong></span> <span class='ocrx_word' id='word_1_325' title='bbox 805 3837 854 3893; x_wconf 83' lang='lat'><strong>34.</strong></span> <span class='ocrx_word' id='word_1_326' title='bbox 899 3836 1030 3892; x_wconf 88' lang='lat' dir='ltr'><strong>Eandem</strong></span> <span class='ocrx_word' id='word_1_327' title='bbox 1048 3835 1203 3910; x_wconf 87' lang='lat' dir='ltr'><strong>epistulam</strong></span> <span class='ocrx_word' id='word_1_328' title='bbox 1223 3835 1293 3910; x_wconf 90' lang='lat' dir='ltr'><strong>Epi·</strong></span> 
     </span>
     <span class='ocr_line' id='line_1_38' title="bbox 218 3920 1005 3995; baseline 0.003 -19"><span class='ocrx_word' id='word_1_329' title='bbox 218 3920 279 3977; x_wconf 93' lang='lat' dir='ltr'><strong>curi</strong></span> <span class='ocrx_word' id='word_1_330' title='bbox 303 3921 408 3980; x_wconf 86' lang='lat' dir='ltr'><strong>Cicero</strong></span> <span class='ocrx_word' id='word_1_331' title='bbox 431 3920 578 3995; x_wconf 82' lang='lat' dir='ltr'><strong>significat</strong></span> <span class='ocrx_word' id='word_1_332' title='bbox 600 3921 688 3978; x_wconf 89' lang='lat' dir='ltr'><strong>Tusc.</strong></span> <span class='ocrx_word' id='word_1_333' title='bbox 712 3921 754 3990; x_wconf 93' lang='lat' dir='ltr'><strong>II,</strong></span> <span class='ocrx_word' id='word_1_334' title='bbox 778 3922 817 3977; x_wconf 76' lang='lat'><strong>45</strong></span> <span class='ocrx_word' id='word_1_335' title='bbox 841 3930 871 3977; x_wconf 86' lang='lat' dir='ltr'><strong>et</strong></span> <span class='ocrx_word' id='word_1_336' title='bbox 893 3922 930 3989; x_wconf 84' lang='lat' dir='ltr'><strong>V,</strong></span> <span class='ocrx_word' id='word_1_337' title='bbox 956 3920 1005 3978; x_wconf 89' lang='lat'><strong>88.</strong></span> 
     </span>
    </p>

    <p class='ocr_par' dir='ltr' id='par_1_5' title="bbox 201 4001 1294 4506">
     <span class='ocr_line' id='line_1_39' title="bbox 308 4001 1292 4084; baseline -0.002 -22"><span class='ocrx_word' id='word_1_338' title='bbox 308 4008 389 4062; x_wconf 78' lang='lat' dir='ltr'><strong>Tanti</strong></span> <span class='ocrx_word' id='word_1_339' title='bbox 414 4004 542 4080; x_wconf 82' lang='lat' dir='ltr'><strong>oderant)</strong></span> <span class='ocrx_word' id='word_1_340' title='bbox 572 4001 674 4084; x_wconf 87' lang='lat' dir='ltr'><strong>[Edidi</strong></span> <span class='ocrx_word' id='word_1_341' title='bbox 703 4023 779 4062; x_wconf 88' lang='lat' dir='ltr'><strong>nunc</strong></span> <span class='ocrx_word' id='word_1_342' title='bbox 807 4023 871 4062; x_wconf 91' lang='lat' dir='ltr'><strong>cum</strong></span> <span class='ocrx_word' id='word_1_343' title='bbox 903 4005 1037 4075; x_wconf 88' lang='lat' dir='ltr'><strong>Baitero,</strong></span> <span class='ocrx_word' id='word_1_344' title='bbox 1067 4014 1099 4061; x_wconf 91' lang='lat' dir='ltr'><strong>ut</strong></span> <span class='ocrx_word' id='word_1_345' title='bbox 1127 4013 1172 4060; x_wconf 87' lang='lat' dir='ltr'><strong>est</strong></span> <span class='ocrx_word' id='word_1_346' title='bbox 1200 4005 1229 4061; x_wconf 94' lang='lat' dir='ltr'><strong>in</strong></span> <span class='ocrx_word' id='word_1_347' title='bbox 1253 4006 1292 4073; x_wconf 91' lang='lat' dir='ltr'><strong>A,</strong></span> 
     </span>
     <span class='ocr_line' id='line_1_40' title="bbox 218 4089 1293 4164; baseline -0.001 -18"><span class='ocrx_word' id='word_1_348' title='bbox 218 4109 302 4164; x_wconf 90' lang='lat' dir='ltr'><strong>quem</strong></span> <span class='ocrx_word' id='word_1_349' title='bbox 327 4102 414 4147; x_wconf 88' lang='lat' dir='ltr'><strong>antea</strong></span> <span class='ocrx_word' id='word_1_350' title='bbox 436 4090 512 4147; x_wconf 85' lang='lat' dir='ltr'><strong>falso</strong></span> <span class='ocrx_word' id='word_1_351' title='bbox 535 4102 707 4164; x_wconf 82' lang='lat' dir='ltr'><strong>putaveram</strong></span> <span class='ocrx_word' id='word_1_352' title='bbox 731 4090 839 4147; x_wconf 85' lang='lat' dir='ltr'><strong>habere</strong></span> <span class='ocrx_word' id='word_1_353' title='bbox 863 4094 1038 4146; x_wconf 70' lang='lat' dir='ltr'><strong>taurinatem</strong></span> <span class='ocrx_word' id='word_1_354' title='bbox 1060 4091 1190 4159; x_wconf 75' lang='lat' dir='ltr'><strong>oderant,</strong></span> <span class='ocrx_word' id='word_1_355' title='bbox 1214 4089 1293 4164; x_wconf 90' lang='lat' dir='ltr'><strong>quod</strong></span> 
     </span>
     <span class='ocr_line' id='line_1_41' title="bbox 218 4171 1293 4253; baseline -0.001 -22"><span class='ocrx_word' id='word_1_356' title='bbox 218 4185 281 4232; x_wconf 87' lang='lat' dir='ltr'><strong>crat</strong></span> <span class='ocrx_word' id='word_1_357' title='bbox 303 4177 332 4233; x_wconf 91' lang='lat' dir='ltr'><strong>in</strong></span> <span class='ocrx_word' id='word_1_358' title='bbox 351 4176 414 4233; x_wconf 90' lang='lat' dir='ltr'><strong>cod.</strong></span> <span class='ocrx_word' id='word_1_359' title='bbox 428 4177 503 4233; x_wconf 92' lang='lat' dir='ltr'><strong>Mor.</strong></span> <span class='ocrx_word' id='word_1_360' title='bbox 537 4178 572 4233; x_wconf 94' lang='lat' dir='ltr'><strong>In</strong></span> <span class='ocrx_word' id='word_1_361' title='bbox 584 4176 646 4233; x_wconf 87' lang='lat' dir='ltr'><strong>Erl.</strong></span> <span class='ocrx_word' id='word_1_362' title='bbox 664 4177 730 4233; x_wconf 88' lang='lat' dir='ltr'><strong>etB</strong></span> <span class='ocrx_word' id='word_1_363' title='bbox 747 4186 836 4233; x_wconf 83' lang='lat' dir='ltr'><strong>autem</strong></span> <span class='ocrx_word' id='word_1_364' title='bbox 853 4194 889 4232; x_wconf 88' lang='lat' dir='ltr'><strong>ex</strong></span> <span class='ocrx_word' id='word_1_365' title='bbox 907 4177 1021 4232; x_wconf 81' lang='lat' dir='ltr'><strong>aderaut</strong></span> <span class='ocrx_word' id='word_1_366' title='bbox 1038 4183 1133 4231; x_wconf 91' lang='lat' dir='ltr'><strong>ortum</strong></span> <span class='ocrx_word' id='word_1_367' title='bbox 1152 4171 1293 4253; x_wconf 70' lang='lat' dir='ltr'><strong>videtum]</strong></span> 
     </span>
     <span class='ocr_line' id='line_1_42' title="bbox 218 4258 1294 4336; baseline -0.001 -18"><span class='ocrx_word' id='word_1_368' title='bbox 218 4260 358 4319; x_wconf 89' lang='lat' dir='ltr'><strong>Ordinem</strong></span> <span class='ocrx_word' id='word_1_369' title='bbox 387 4262 465 4318; x_wconf 89' lang='lat' dir='ltr'><strong>hunc</strong></span> <span class='ocrx_word' id='word_1_370' title='bbox 493 4263 664 4330; x_wconf 87' lang='lat' dir='ltr'><strong>verborum,</strong></span> <span class='ocrx_word' id='word_1_371' title='bbox 695 4281 753 4335; x_wconf 87' lang='lat' dir='ltr'><strong>quo</strong></span> <span class='ocrx_word' id='word_1_372' title='bbox 781 4261 866 4317; x_wconf 82' lang='lat' dir='ltr'><strong>morbi</strong></span> <span class='ocrx_word' id='word_1_373' title='bbox 891 4260 1008 4336; x_wconf 77' lang='lat' dir='ltr'><strong>longius</strong></span> <span class='ocrx_word' id='word_1_374' title='bbox 1035 4259 1170 4326; x_wconf 81' lang='lat' dir='ltr'><strong>reicitur,</strong></span> <span class='ocrx_word' id='word_1_375' title='bbox 1199 4258 1294 4318; x_wconf 87' lang='lat' dir='ltr'><strong>Gzius</strong></span> 
     </span>
     <span class='ocr_line' id='line_1_43' title="bbox 217 4343 1292 4423; baseline 0.001 -21"><span class='ocrx_word' id='word_1_376' title='bbox 217 4346 259 4403; x_wconf 88' lang='lat' dir='ltr'><strong>ait</strong></span> <span class='ocrx_word' id='word_1_377' title='bbox 287 4347 316 4403; x_wconf 90' lang='lat' dir='ltr'><strong>in</strong></span> <span class='ocrx_word' id='word_1_378' title='bbox 344 4347 404 4405; x_wconf 89' lang='lat' dir='ltr'><strong>suis</strong></span> <span class='ocrx_word' id='word_1_379' title='bbox 433 4348 569 4404; x_wconf 87' lang='lat' dir='ltr'><strong>omnibus</strong></span> <span class='ocrx_word' id='word_1_380' title='bbox 597 4365 660 4404; x_wconf 84' lang='lat' dir='ltr'><strong>ease</strong></span> <span class='ocrx_word' id='word_1_381' title='bbox 688 4354 805 4423; x_wconf 89' lang='lat' dir='ltr'><strong>praeter</strong></span> <span class='ocrx_word' id='word_1_382' title='bbox 828 4344 907 4404; x_wconf 90' lang='lat' dir='ltr'><strong>Gud.</strong></span> <span class='ocrx_word' id='word_1_383' title='bbox 932 4346 965 4414; x_wconf 79' lang='lat'><strong>2;</strong></span> <span class='ocrx_word' id='word_1_384' title='bbox 999 4363 1057 4402; x_wconf 88' lang='lat' dir='ltr'><strong>non</strong></span> <span class='ocrx_word' id='word_1_385' title='bbox 1080 4343 1167 4401; x_wconf 84' lang='lat' dir='ltr'><strong>valde</strong></span> <span class='ocrx_word' id='word_1_386' title='bbox 1194 4345 1292 4416; x_wconf 89' lang='lat' dir='ltr'><strong>credo,</strong></span> 
     </span>
     <span class='ocr_line' id='line_1_44' title="bbox 201 4430 1294 4506; baseline -0.001 -18"><span class='ocrx_word' id='word_1_387' title='bbox 201 4433 355 4506; x_wconf 29' lang='lat' dir='ltr'><strong>,quoniam</strong></span> <span class='ocrx_word' id='word_1_388' title='bbox 379 4451 437 4490; x_wconf 92' lang='lat' dir='ltr'><strong>non</strong></span> <span class='ocrx_word' id='word_1_389' title='bbox 460 4432 682 4502; x_wconf 88' lang='lat' dir='ltr'><strong>animadvertit,</strong></span> <span class='ocrx_word' id='word_1_390' title='bbox 705 4432 736 4489; x_wconf 92' lang='lat' dir='ltr'><strong>in</strong></span> <span class='ocrx_word' id='word_1_391' title='bbox 759 4431 820 4489; x_wconf 88' lang='lat' dir='ltr'><strong>Erl.</strong></span> <span class='ocrx_word' id='word_1_392' title='bbox 844 4433 959 4489; x_wconf 79' lang='lat' dir='ltr'><strong>oderant</strong></span> <span class='ocrx_word' id='word_1_393' title='bbox 977 4431 1094 4488; x_wconf 67' lang='lat' dir='ltr'><strong>‘obessa</strong></span> <span class='ocrx_word' id='word_1_394' title='bbox 1139 4430 1294 4488; x_wconf 79' lang='lat' dir='ltr'><strong>Tomiaum</strong></span> 
     </span>
    </p>
   </div>
   <div class='ocr_carea' id='block_1_5' title="bbox 1054 4549 1087 4595">
    <p class='ocr_par' dir='ltr' id='par_1_6' title="bbox 1054 4549 1087 4595">
     <span class='ocr_line' id='line_1_45' title="bbox 1054 4549 1087 4595; baseline 0 0"><span class='ocrx_word' id='word_1_395' title='bbox 1054 4549 1087 4595; x_wconf 67' lang='lat'><strong>20</strong></span> 
     </span>
    </p>
   </div>
   <div class='ocr_carea' id='block_1_6' title="bbox 0 0 1520 5086">
    <p class='ocr_par' dir='ltr' id='par_1_7' title="bbox 0 0 1520 5086">
     <span class='ocr_line' id='line_1_46' title="bbox 0 0 1520 5086; baseline 0 0"><span class='ocrx_word' id='word_1_396' title='bbox 0 0 1520 5086; x_wconf 95' lang='lat' dir='ltr'><strong> </strong></span> 
     </span>
    </p>
   </div>
  </div>
 </body>
</html>
