3030 5086
487 426 552 474 «nn
575 426 648 474 nan
679 427 741 473 nin.
764 427 776 472 ι
798 427 871 474 car.
894 430 933 478 ιι,
952 427 1016 488 (aa.)
1258 411 1299 476 83

219 595 248 659 si
283 596 368 678 loqui
395 602 511 677 posset
561 594 746 661 Conclusam
779 601 829 661 est
861 595 942 660 enim
976 602 1085 660 contra
1112 594 1301 678 Cyrenaicos

221 696 302 762 satis
325 707 430 776 acute,
456 696 533 763 nihil
556 697 597 761 ad
619 697 796 779 Epicurum.
839 696 930 761 Nam·
950 697 976 761 si
1004 715 1043 762 ea
1063 698 1132 763 sola
1152 697 1299 779 voluptas

220 806 317 877 esset,
339 818 420 881 quae
442 799 533 881 quasi
555 799 697 864 titillaret
718 817 843 877 sensus,
864 806 901 863 ut
921 800 967 863 ita
987 798 1104 877 dicam,
1126 807 1158 863 et
1179 799 1299 865 ad'eos

220 904 293 966 edm
316 901 470 967 suavitate
491 899 634 966 afflueret
655 908 688 966 et
707 900 896 979 illaberetur,
921 918 978 967 neo
1000 919 1203 966 manusesse
1225 919 1298 966 eon·

297 1126 315 1168 1.
336 1120 397 1169 Post
411 1121 565 1186 porrdadd.
580 1136 660 1170 veram
669 1120 789 1172 LPMCR
816 1121 885 1187 ipim
899 1122 1070 1186 (promimlh
1098 1126 1121 1171 8.
1140 1131 1162 1171 et
1179 1139 1209 1172 eo
1227 1122 1298 1173 auc

219 1332 252 1388 p.
272 1311 320 1369 69.
345 1305 423 1389 70]),
447 1311 572 1386 primurn
595 1311 731 1386 reperiet,
755 1311 802 1368 bic
824 1310 937 1367 illic'in
961 1310 1155 1368 deterioribus
1178 1311 1298 1386 quibus·
1331 1297 1336 1306 ⁴

219 1397 288 1453 dam
312 1395 396 1453 codd.
422 1393 568 1453 excidisse
583 1397 705 1470 quidem,
728 1396 806 1470 qaod
829 1396 868 1453 sit
889 1395 919 1452 in
943 1394 1077 1471 optimis.
1100 1397 1182 1453 ath.
1206 1397 1242 1466 1.,
1267 1407 1298 1452 ιιι

219 1500 313 1556 snpra
327 1481 374 1543 19,
398 1498 507 1556 paucos
529 1479 597 1538 illos
619 1498 684 1538 esse
706 1481 795 1540 locos.
819 1480 849 1538 in
872 1481 978 1555 quibus
1000 1481 1031 1537 in
1054 1481 1190 1537 omnibus
1212 1481 1297 1538 codd.

219 1567 384 1636 omittatur,
407 1583 542 1641 magnam
565 1575 678 1640 partem
702 1565 860 1634 eiusmodi,
883 1575 931 1636 ut,
956 1565 1006 1639 qui
1029 1565 1186 1633 exciderit,
1209 1564 1297 1623 facile

220 1659 363 1728 appareat
392 1653 437 1722 (ut
465 1651 497 1707 II
524 1650 618 1708 Acad.
645 1651 684 1707 52
714 1660 782 1706 ante
811 1652 906 1725 quoe);
941 1651 1045 1707 deinde
1075 1651 1188 1725 aliquot
1216 1650 1297 1707 locos

220 1735 365 1794 eiusmodi
388 1753 452 1792 esse
476 1734 601 1804 videbit,
629 1744 662 1792 nt
689 1744 719 1792 et
741 1737 887 1792 sententia
914 1744 942 1792 et
972 1735 1086 1793 codices
1115 1754 1172 1792 non
1201 1736 1296 1795 solam

220 1823 337 1896 quidem.
361 1821 412 1877 sed
434 1821 522 1876 etiam
545 1839 578 1877 ne
599 1820 707 1877 eiciant
729 1828 759 1876 et
781 1821 868 1896 longe
891 1819 978 1877 eliam
1002 1821 1176 1896 scripturam
1195 1831 1296 1898 postu-

220 1905 292 1976 lent‚
315 1905 398 1962 velat
420 1903 466 1961 hic
490 1906 529 1974 ΙΙ,
550 1905 589 1962 55
613 1913 643 1962 et
662 1907 697 1961 V.
712 1905 751 1961 20
775 1916 865 1974 extr.;
889 1915 949 1962 tum
973 1905 1047 1962 alias
1070 1924 1185 1980 quoque
1209 1907 1296 1964 vehe-
1363 1911 1368 1922 '

219 2001 335 2049 menter
356 1989 510 2047 dubitandi
533 2008 636 2048 causas
659 2000 825 2066 cognoscet,
849 1991 930 2047 velut
953 1990 1048 2059 illam,
1072 1991 1149 2065 quod
1173 2012 1211 2049 ex
1234 2003 1296 2049 toto

220 2075 300 2134 Livii
317 2094 405 2151 opere
428 2082 488 2132 tres
505 2074 694 2151 proferuntur
712 2075 880 2133 huiusmodi
902 2074 968 2143 loci,
992 2094 1067 2132 unus
1085 2095 1121 2132 ex
1145 2096 1180 2133 ea
1201 2085 1296 2153 parte,

219 2178 297 2236 quae
316 2161 345 2217 in
363 2159 433 2217 uolo
451 2159 514 2216 cod.
528 2160 767 2217 Laurishamensi
785 2169 877 2243 extat,
896 2161 1009 2228 XLIV,
1025 2161 1074 2231 36,
1090 2161 1123 2231 83
1146 2173 1296 2237 postremo

205 2245 250 2308 ,in
284 2246 396 2319 aliquot
424 2244 497 2300 locis
525 2244 613 2301 etiam
642 2244 784 2321 singulari
813 2246 938 2319 quadarn
968 2245 1110 2302 orationis
1137 2245 1233 2303 forma
1261 2264 1296 2303 ac

217 2331 395 2388 necessitate
410 2324 527 2403 bequiri
550 2348 581 2385 ne
605 2363 639 2372 -
666 2333 773 2404 quidem
796 2330 1024 2392 animadvertet,
1059 2348 1124 2387 curn
1159 2333 1295 2407 negative

112 2425 118 2432 ·
217 2415 427 2482 concludatur,
460 2414 497 2470 de
530 2433 588 2489 quo
621 2433 727 2490 genere
761 2425 926 2490 exponetur
959 2415 989 2471 in
1017 2433 1079 2472 exc.
1108 2415 1145 2472 ad
1172 2417 1219 2482 11,
1245 2418 1294 2474 25.

218 2500 326 2575 Neque
344 2500 404 2583 nlla
420 2499 534 2556 ratione
552 2498 720 2556 defenditur
736 2500 899 2575 particulae
916 2502 1022 2574 quidem
1042 2501 1176 2572 omissio;
1199 2520 1295 2576 neque

217 2585 298 2642 enirn
321 2585 445 2642 intentio
468 2583 519 2642 illa
541 2585 721 2660 negationiS,
750 2602 825 2659 quac
848 2586 944 2641 inesse
968 2585 1069 2655 debet,
1100 2596 1145 2643 est
1172 2587 1201 2642 in
1231 2588 1295 2644 solo

218 2689 265 2730 ne.
294 2671 373 2746 quod
400 2678 434 2726 ut
460 2685 514 2745 pro
543 2689 593 2725 non
621 2670 649 2725 in
674 2669 729 2725 hac
751 2669 965 2745 significatione
987 2671 1162 2727 retineretur
1184 2690 1219 2729 ex
1244 2690 1295 2727 an·
1333 2671 1335 2674 ⁴

219 2755 303 2830 tiqno
331 2773 478 2815 sermone.
507 2754 572 2829 ipsa
599 2755 694 2810 altera
716 2755 859 2829 particula
887 2755 1002 2811 adiecta
1029 2764 1059 2811 et
1086 2756 1295 2830 pronuntiandi
1402 2784 1407 2791 ·

218 2840 296 2897 ratio
318 2838 430 2905 effecit;
461 2851 563 2914 postea
591 2849 687 2895 autem
712 2840 785 2896 adeo
813 2860 844 2896 ne
871 2859 926 2915 pro
954 2859 1005 2895 noa
1033 2840 1232 2909 obsoleverat,
1261 2852 1294 2897 nt

219 2925 315 2983 solnm
338 2925 409 2999 poni
431 2923 559 3000 incipere
583 2941 640 2980 non
664 2925 801 2998 potuerit.
845 2926 950 2999 Itaque
973 2942 1027 3001 ego
1050 2943 1086 2980 ne
1109 2933 1210 3000 poetas
1230 2926 1294 3000 qni·
1390 2948 1395 2956 ·

218 3009 284 3066 dem
308 3031 339 3066 ne
361 3029 415 3085 pro
433 3028 464 3065 ne
485 3043 520 3053 -
541 3010 646 3085 quidem
670 3007 780 3065 dixisse
803 3009 1006 3078 concesserim,
1029 3010 1176 3085 velimque
1199 3011 1293 3067 anirn-

218 3094 350 3165 adverti‚
384 3096 476 3152 solius
503 3092 619 3152 Horatii
643 3093 718 3166 (Set.
743 3093 790 3158 11,
816 3094 847 3164 3,
872 3095 946 3163 262)
975 3103 1004 3151 et
1026 3094 1121 3172 Persii
1145 3097 1195 3167 (V.
1222 3096 1294 3167 172)

217 3180 341 3237 eandem
365 3199 426 3236 rem
449 3198 486 3235 ex
510 3179 634 3236 Horatio
657 3178 805 3235 narrantis
827 3179 1031 3235 auctoritatem
1055 3180 1194 3253 proferri,
1222 3198 1293 3236 nen-

217 3277 292 3321 tram
317 3285 335 3321 a
357 3264 506 3321 codicibus
529 3264 649 3320 firmam.

305 3353 330 3405 ai
361 3352 435 3423 loqui
462 3350 566 3423 poa-eet)
603 3351 697 3404 Verum
730 3348 848 3405 additur
875 3349 965 3405 etiam
995 3348 1025 3404 in
1054 3347 1176 3405 aliorum
1207 3349 1291 3408 codd.

217 3433 374 3491 deterioria
395 3434 524 3508 generis.
554 3433 724 3490 Davisianis
748 3432 891 3507 quinque,
916 3433 995 3490 Oxx.
1018 3433 1146 3498 duobus,
1170 3433 1293 3492 Gaianis

217 3527 336 3593 praeter
348 3518 407 3574 Eri.
427 3528 456 3573 et
469 3518 545 3592 Spir.
580 3518 741 3576 Sustulisse
760 3519 872 3593 primus
889 3519 1007 3575 videtur
1023 3519 1119 3575 Aldus
1131 3519 1291 3576 Manutius.

304 3604 371 3659 nibil
392 3604 431 3659 od
453 3603 617 3677 Epicurum)
640 3605 674 3660 In
699 3603 799 3662 Pison.
826 3605 881 3661 68:
904 3614 972 3660 reete
995 3624 1031 3660 on
1053 3623 1144 3673 aecus,
1168 3604 1234 3660 nibil
1255 3606 1294 3660 od

216 3707 265 3744 nos
287 3699 348 3747 aut.
371 3692 396 3744 ci
416 3690 456 3745 od
476 3707 537 3746 noa.
560 3689 627 3744 m'lrr'l
647 3692 686 3746 od
707 3689 755 3744 boc
777 3697 893 3762 temptum
916 3687 969 3745 cir.
993 3689 1028 3745 de
1051 3688 1151 3745 Divin.
1176 3689 1216 3752 ΙΙ,
1241 3689 1291 3757 78,

216 3775 305 3831 Verr.
328 3775 352 3840 Ι,
377 3775 449 3829 116:
472 3775 541 3847 qaid
561 3775 600 3829 acl
618 3781 789 3848 praetorem?
821 3773 898 3829 Nam
922 3773 1008 3830 aliter
1031 3773 1139 3830 dicitur
1160 3773 1189 3829 in
1213 3791 1292 3830 com·

215 3860 348 3933 parando
371 3859 438 3914 nr'ltil
458 3860 497 3914 acl
522 3858 648 3914 Coelium.
672 3858 739 3914 nibil
759 3861 798 3915 od
820 3860 951 3914 Persium.

303 3946 422 3999 titillaret
444 3940 552 4020 scaras)
580 3943 701 4019 Epicuri
729 3943 851 3999 verbnm
875 3952 934 4011 est,
963 3952 995 3998 ut
1022 3942 1065 3998 ait
1086 3939 1189 3999 Cicero
1212 3943 1226 3998 Ι
1250 3942 1288 3999 N.

216 4028 255 4085 D.
284 4029 351 4085 113.
376 4027 524 4087 Graecum
547 4022 719 4103 γαγγαλίζω,
742 4021 915 4102 γαργαλΐζω.

301 4116 425 4187 osslrceret
447 4124 471 4169 et
489 4114 659 4185 illaberetur)
682 4111 779 4168 Nimis
802 4111 927 4187 diligens
950 4111 1007 4168 suit
1028 4129 1082 4167 nec
1106 4121 1201 4167 temen
1218 4111 1291 4167 saris

216 4197 342 4254 attendit
366 4198 540 4254 Lambinus.
569 4197 619 4271 qui
641 4197 803 4252 allaberetur
825 4196 913 4253 scribi
936 4195 1045 4263 voluit;
1073 4214 1138 4252 nam
1163 4195 1289 4272 primum

216 4285 305 4356 affluit
327 4284 473 4358 voluptas,
497 4282 602 4339 deinde
625 4282 745 4337 illabitur
766 4292 794 4338 et
818 4300 848 4337 se
871 4282 1009 4338 insinuat.

1052 4377 1085 4427 aa
