3030 5086
421 493 464 539 nr
487 493 567 539 nnn.
591 487 654 539 nna
676 494 719 540 ιν.
742 493 816 540 ese.
834 496 942 542 as-ee.
958 493 1090 559 (rr-rs.)
1229 477 1293 543 589

216 662 272 727 illa
294 679 355 726 non
378 660 447 725 dico
470 669 695 744 meexpetere,
718 662 774 726 sed
795 662 913 743 legere,
934 681 992 727 nec
1014 670 1139 744 optare,
1162 664 1218 728 sed
1241 681 1293 728 su-

218 783 318 841 mere,
351 764 510 827 contraria
536 768 640 828 autem
671 781 732 827 non
759 761 881 844 fugere,
914 766 970 829 sed
1003 765 1094 846 quasi
1122 783 1294 831 secernere.

219 865 302 946 Quid
324 864 369 929 eit
389 864 576 929 Aristoteles
599 864 770 946 reliquique
787 864 927 931 Platonis
950 866 1087 931 alumni?
1120 867 1160 933 Se
1183 867 1295 945 omniu,

218 985 299 1049 quse
321 966 492 1031 secundum
514 972 658 1031 naturam
681 967 756 1045 sint,
784 967 867 1031 bona
889 967 1063 1049 appellare,
1086 988 1168 1051 quae
1190 975 1295 1036 autem

217 1075 335 1147 contra,
357 1069 450 1132 mela.
494 1068 633 1133 Videsne
655 1068 753 1148 igitur
773 1069 928 1135 Zenonem
952 1079 1037 1134 tuum
1061 1088 1130 1135 cum
1149 1071 1334 1137 Aristoneb

219 1171 323 1235 verbis
350 1169 534 1248 consistere,
563 1189 597 1235 re
626 1169 792 1249 dissidere;
821 1188 889 1235 eum
917 1171 1085 1237 Aristotele
1113 1180 1145 1238 et
1173 1173 1233 1237 illis
1261 1191 1296 1238 re

219 1272 403 1351 consentire,
426 1271 531 1337 verbis
553 1272 754 1352 discrepare?
799 1272 862 1338 Cur
883 1273 987 1354 igitur,
1010 1291 1080 1338 cum
1101 1275 1142 1339 de
1164 1293 1199 1340 re
1221 1292 1295 1339 con-

219 1375 333 1453 veniat,
355 1393 418 1438 non
440 1373 595 1438 malumus
611 1374 726 1439 usitate
744 1373 850 1454 loqui?
882 1377 946 1441 Aut
962 1377 1081 1455 doceat,
1104 1375 1296 1457 paratiorem

290 1583 312 1628 3,
332 1576 477 1641 alumpniE
527 1581 549 1627 5.
568 1575 639 1641 spicer
656 1577 745 1628 om.C
794 1583 817 1628 d.
836 1579 966 1629 consentr're
983 1578 1040 1644 (pro
1058 1578 1236 1639 consisterem
1272 1595 1298 1629 re

220 1646 417 1700 antediesr'dere
441 1661 489 1696 orn.
509 1644 554 1693 ΕΡ
599 1654 620 1694 et
643 1663 693 1694 cum
716 1644 802 1696 diue
840 1650 880 1698 ·7.
899 1647 1032 1712 dt'sceptare
1050 1647 1093 1696 LP
1147 1652 1168 1697 8.
1188 1646 1298 1697 malimus

222 1714 355 1765 LPCROr.
393 1713 523 1763 usitareE
798 1725 800 1729 ’

219 1869 331 1953 teneus,
346 1889 497 1954 arcencale,
525 1886 577 1944 sed
599 1888 772 1943 coudr'toaeos
794 1886 852 1943 iarn
876 1888 954 1963 apud
976 1881 1141 1946 Varronem
1165 1882 1298 1965 legitur}

222 1973 365 2030 Secerrrere
387 1971 560 2028 insolentius
583 1971 658 2028 dixit
682 1990 737 2047 pro
761 1961 974 2047 α’πεκλέγεσθαι
996 1974 1038 2046 (et
1060 1973 1173 2031 addidit
1196 1976 1298 2047 quaer),

221 2077 274 2128 ne,
304 2057 329 2114 si
357 2060 470 2126 reicere,
501 2075 559 2131 quo
587 2056 658 2112 alibi
687 2057 780 2113 utitur
802 2056 872 2127 (sid.
896 2057 933 2113 ad
956 2059 1019 2127 111,
1044 2060 1111 2132 20),
1142 2058 1299 2133 posuisset,

223 2142 309 2200 nimis
339 2142 394 2198 hoc
423 2160 514 2216 prope
542 2142 695 2198 accederet
727 2142 765 2197 ad
793 2141 923 2215 ipsorum
957 2139 1016 2198 scio
1050 2134 1299 2217 ἀποπροηγμένων

221 2246 327 2284 nornen
353 2227 488 2282 Latinum
513 2227 550 2282 ab
573 2226 624 2282 illo
648 2227 738 2282 verbo
761 2227 889 2282 ductum.

307 2312 396 2368 verbio
418 2312 572 2385 consistere)
596 2311 681 2367 Nove
705 2311 813 2367 dictum
834 2311 888 2367 hoc
908 2311 943 2366 de
962 2311 1167 2370 convenientia
1185 2321 1214 2367 et
1231 2328 1300 2367 con-

222 2415 320 2464 sensu,
344 2414 398 2453 nec
421 2415 436 2452 e
460 2397 625 2471 propinquo
645 2396 818 2453 translatum
836 2406 896 2466 est3
919 2396 991 2452 setis
1014 2397 1091 2453 enirn
1115 2396 1205 2453 distat
1226 2394 1301 2452 illud

223 2483 252 2539 in
276 2484 344 2539 Aet.
368 2483 382 2538 I
405 2481 435 2537 in
458 2482 545 2540 Verr.
563 2482 615 2538 19:
638 2499 696 2537 cura
723 2482 770 2538 boc
792 2483 925 2550 consistit,
948 2480 998 2538 ubi
1021 2481 1087 2556 ipsa
1109 2480 1196 2538 simul
1219 2479 1301 2536 etin

223 2569 326 2624 eodem
350 2567 414 2623 loco
438 2566 534 2623 standi
558 2566 733 2641 significatio
757 2566 850 2640 arogis
872 2566 902 2622 in
922 2566 1141 2641 praepositione
1159 2575 1212 2634 est,
1236 2584 1302 2621 rer·

224 2653 302 2719 burn,
326 2661 358 2708 ut
380 2651 461 2720 alibi,
484 2651 599 2707 initium
613 2651 709 2707 standi
727 2651 880 2726 significat.
915 2651 997 2708 Stare
1019 2662 1116 2707 autern
1136 2670 1195 2707 caru
1212 2652 1302 2724 aliquo

225 2741 270 2810 (ut
287 2740 342 2794 45:
365 2746 478 2793 stantem
500 2755 559 2792 eunt
582 2739 626 2808 iis)
644 2737 681 2792 ab
704 2736 749 2796 iis,
772 2736 822 2808 qui
846 2753 912 2792 curn
934 2736 1035 2810 aliquo
1058 2736 1086 2792 in
1111 2736 1212 2792 eodem
1236 2735 1302 2792 loco

225 2840 284 2879 una
312 2822 521 2888 constiterunt,
550 2820 587 2877 ad
609 2840 673 2890 eos,
703 2820 752 2894 qui
781 2821 897 2876 easdem
928 2831 1026 2894 partes
1055 2832 1231 2894 sequuntur,
1260 2819 1304 2876 sic

224 2906 409 2971 transfertur,
433 2916 466 2962 ut
484 2906 605 2962 verbum
628 2916 657 2961 et
676 2905 856 2980 praepositio
875 2905 1022 2961 artissime
1038 2906 1210 2962 conflentur.
1245 2904 1303 2960 Hic

224 3012 283 3050 cum
313 2993 438 3048 Aristone
465 2990 660 3046 communiter
687 2990 807 3064 ponitur
836 2990 922 3062 eique
952 2990 1070 3047 additur
1103 2999 1133 3053 et
1159 2991 1303 3046 conectere

225 3078 312 3135 verbis
335 3086 364 3133 et
386 3078 517 3132 dissidere
538 3095 576 3131 re.
610 3075 710 3131 litandi
729 3073 841 3131 nullum
858 3074 997 3131 indicium
1017 3082 1070 3145 est,
1094 3084 1123 3131 et
1146 3082 1305 3131 excusatur

225 3162 355 3219 insolens
378 3161 459 3217 verbi
488 3179 558 3217 usus
581 3159 740 3216 variandae
769 3160 943 3216 elocutionis
966 3160 1150 3218 necessitate.
1199 3160 1305 3216 Manu·
1424 3174 1438 3193 ‘-

226 3249 285 3304 tius
309 3257 338 3303 et
356 3246 516 3303 Lambinus
538 3248 683 3302 consentire
706 3264 742 3300 ex
760 3243 805 3301 ed.
823 3245 933 3318 prirna;
958 3264 1010 3319 pro
1033 3245 1098 3319 ipso
1121 3241 1304 3305 autemcon-

225 3336 323 3389 seutr're
351 3332 444 3388 altero
473 3332 538 3388 loco
562 3331 722 3388 Lambinus
750 3331 779 3386 in
803 3329 867 3386 cod.
891 3330 1070 3386 Memmiano
1092 3329 1180 3387 scribi
1204 3337 1305 3385 narrat

226 3421 377 3485 consistere,
400 3418 540 3473 aberrans
564 3416 626 3472 sine
650 3415 747 3471 dubio.
792 3413 849 3492 [Re
871 3415 983 3472 excidit
1004 3416 1093 3472 etiarn
1116 3417 1145 3471 in
1169 3413 1218 3492 Β.]

313 3522 364 3557 nou
387 3502 533 3575 malumus)
558 3501 607 3560 Sic
630 3502 718 3557 etiarn
742 3497 808 3578 [B,]
831 3494 887 3569 Εξ,
911 3501 977 3558 edd.
995 3500 1076 3559 Crat.
1100 3511 1129 3556 et
1152 3500 1246 3569 Vict.;
1269 3498 1305 3556 de

227 3586 334 3643 ceteris
357 3587 442 3643 bonis
465 3597 592 3654 tacetur3
616 3587 703 3642 etiarn
729 3586 763 3641 de
782 3585 843 3642 Erl.
863 3603 881 3640 s
898 3584 984 3643 Gaio.
1020 3584 1126 3654 Latini,
1151 3595 1183 3641 ut
1205 3584 1306 3640 dicunt

229 3672 343 3746 potius:
367 3673 434 3745 quid
449 3675 513 3744 sore
530 3679 679 3747 putantes!
701 3689 788 3744 quam
807 3680 933 3746 partemue
956 3669 1020 3743 (cfr.
1039 3669 1149 3746 Opusc.
1167 3669 1261 3727 Acad.
1274 3667 1306 3725 11

229 3760 340 3833 psl),
371 3757 413 3813 sie
436 3776 472 3812 ne
503 3757 532 3813 in
561 3757 615 3812 hac
639 3756 756 3830 quidem
779 3754 875 3813 forme
898 3756 1056 3830 quidquam
1086 3774 1124 3810 ex
1152 3753 1306 3828 potentiali

228 3842 443 3918 significatione
465 3841 637 3910 admiscent,
661 3840 712 3898 sed
735 3841 771 3898 de
794 3859 837 3911 eo,
862 3841 941 3914 quod
962 3841 1022 3910 fiat,
1044 3848 1198 3914 quaerunt.

316 3928 372 3983 Aut
393 3925 500 4005 doceat)
524 3926 630 3996 Aliter,
654 3926 678 3983 si
701 3945 745 3996 ea,
769 3944 844 3998 quae
862 3925 933 3995 dixi,
957 3945 1016 3983 non
1034 3925 1177 3994 coneedit,
1202 3924 1307 3981 docen-

230 4013 300 4069 dum
323 4013 350 4068 ei
374 4022 418 4068 est
437 4023 491 4068 cet.
525 4011 674 4086 Persaepe
697 4012 739 4067 sic
762 4010 851 4086 paulo
875 4010 970 4068 laxius
994 4029 1046 4086 per
1067 4021 1115 4066 cart
1132 4009 1307 4080 declaratur,

229 4098 301 4171 quid
325 4097 453 4154 futurum
478 4097 516 4154 sit
538 4106 598 4167 aut,
622 4105 655 4152 ut
676 4095 740 4166 hic,
764 4095 834 4169 quid
857 4094 920 4151 fieri
944 4096 1050 4153 debeat
1072 4094 1259 4165 debueritne,
1283 4093 1307 4150 si

230 4183 268 4238 ab
292 4201 336 4254 eo,
360 4183 438 4255 quod
455 4193 524 4239 ante
542 4182 650 4238 dictum
669 4181 717 4250 sit,
741 4180 917 4237 discedatur.
950 4184 1119 4238 Annoterat
1136 4180 1193 4236 iam
1207 4178 1308 4239 Schel-

231 4268 310 4325 lerus
328 4288 356 4343 p.
373 4268 452 4325 1137
472 4278 501 4325 et
520 4267 697 4342 ascripserat
719 4285 757 4322 ex
780 4266 835 4322 hoc
858 4267 1020 4341 posteriore
1037 4285 1144 4343 genere
1157 4264 1309 4324 Ciceronis

231 4352 328 4410 locum
351 4353 388 4410 ad
413 4353 619 4424 Atr.11,1‚3.
664 4350 875 4410 Condicionem
892 4352 986 4427 ipsam
1010 4352 1123 4410 addidit
1145 4350 1250 4411 Cicero
1273 4349 1309 4407 de

232 4438 333 4495 Diria.
355 4439 468 4509 11,19:
491 4437 555 4509 Aut,
578 4441 604 4497 si
624 4456 705 4510 nepae
727 4455 785 4495 ease
799 4437 951 4511 fortunam,
977 4471 1014 4483 -
1038 4447 1112 4496 muta
1134 4439 1310 4512 definitivam
