3030 5086
402 505 445 551 ar
467 504 548 552 uun.
571 504 634 551 nna
658 505 693 550 n1
715 505 788 552 one.
811 508 849 554 ιο.
869 507 1001 569 (ss-as.)
1170 488 1237 554 403

161 674 260 751 valet,
288 690 351 737 non
374 672 595 755 magnitudine.
639 671 720 738 Nam
747 690 817 739 enm
839 672 1030 752 aestimatio,
1058 692 1139 755 quae
1166 668 1237 746 ἀξία

161 775 288 854 dieitur,
317 792 418 855 noque
444 775 475 839 in
502 773 593 839 bonis
621 780 783 840 numerata
804 775 847 839 sit
872 793 930 841 nec
951 794 1061 841 rursus
1082 775 1115 840 in
1137 775 1237 853 malis,

161 884 445 958 quantumcumque
467 894 504 941 eo
526 876 696 955 addideris,
718 877 750 940 in
773 895 830 941 suo
852 895 968 958 genere
986 876 1132 942 manebit
1166 877 1237 941 Aba

161 983 210 1043 est
231 978 325 1057 igitur
347 978 477 1059 propria
498 976 674 1042 aestimatio
692 976 824 1056 virtutis,
847 995 928 1058 quae
944 998 1066 1059 genere,
1088 997 1150 1043 non
1168 996 1236 1043 ore·

161 1081 276 1145 scendo
294 1073 386 1144 valet
425 1080 475 1145 35.
498 1080 565 1144 Nec
580 1097 655 1143 vero
677 1079 929 1160 perturbationes
951 1080 1133 1160 animorum,
1154 1081 1275 1162 quael)

235 1307 253 1348 t.
279 1297 349 1366 [eata
367 1299 402 1365 A}
452 1304 474 1350 2
499 1298 556 1348 dict't
578 1299 600 1347 Ε
644 1298 710 1348 boati
728 1307 817 1349 nature
835 1299 904 1351 st'tC
947 1317 995 1349 aaa
1015 1299 1139 1351 monac
1163 1315 1237 1362 aeque

160 1384 244 1417 meae
262 1367 306 1417 Or.
342 1384 384 1417 nec
401 1367 464 1417 rt'sae
485 1365 578 1434 [A]EP
597 1369 657 1430 (mg.
676 1372 769 1430 rursus)

247 1560 407 1627 aestimatio,
442 1576 512 1632 qaae
545 1545 630 1624 ἀξία
657 1557 769 1631 dicitur)
798 1575 874 1631 qnae
902 1556 1042 1614 tribuitur
1068 1557 1156 1614 rebus
1183 1558 1235 1623 iis,

160 1661 236 1717 quae
260 1643 418 1699 secundnm
443 1651 577 1698 natttrem
601 1652 683 1708 sunt,
714 1651 834 1717 propter
861 1659 948 1715 quam
977 1641 1145 1717 seligendus
1168 1654 1237 1700 sunt

161 1736 191 1784 et
214 1736 310 1784 tamen
334 1727 363 1783 in
388 1727 492 1784 mediis
514 1738 543 1783 et
565 1724 800 1784 indifferentibus
819 1726 1039 1801 relinquuntur3
1062 1726 1122 1784 vid.
1141 1728 1191 1786 20.

248 1812 296 1873 35.
331 1812 388 1868 Nee
415 1832 476 1868 vero
501 1813 715 1886 perturbationes
738 1810 809 1885 cet.)
832 1812 942 1868 Totum
966 1811 1021 1868 hoc
1044 1811 1080 1868 de
1102 1811 1236 1887 sapiente

160 1897 431 1973 perturbationibus
454 1915 548 1953 vacuo
571 1915 666 1970 neque
685 1915 749 1954 cum
768 1897 813 1966 iis,
837 1915 912 1970 quae
929 1896 1118 1972 praecedunt,
1140 1915 1236 1971 neque

160 1999 227 2039 cutn
244 1982 289 2052 iis,
313 2000 388 2055 quae
407 1993 578 2056 sequuntur,
596 1982 753 2038 admodum
771 1982 924 2057 perspicue
941 1982 1080 2038 cohaeret
1097 1999 1150 2038 nec
1167 1991 1235 2056 apte

160 2067 365 2142 interpositum
390 2067 514 2125 videtur.
561 2062 702 2146 [Videtur
723 2066 829 2125 Cicero
852 2076 940 2142 caput
962 2065 992 2122 in
1014 2066 1103 2142 plena
1121 2067 1235 2123 ethicae

160 2151 325 2210 Stoicorum
350 2151 534 2228 expositione
557 2152 726 2227 excerpeuti
744 2152 800 2208 sibi
818 2151 950 2209 oblatum
967 2151 1033 2210 loco
1050 2152 1236 2209 incommodo

159 2237 381 2314 interposuisse.
427 2237 504 2294 Nam
527 2236 605 2310 quod
623 2235 734 2293 Baltiua
752 2237 790 2293 ad
808 2236 869 2295 Cic.
888 2237 925 2293 de
937 2238 1027 2312 Legg.
1039 2256 1069 2312 p.
1084 2237 1145 2293 262
1162 2237 1235 2294 baec

160 2321 293 2378 eicienda
315 2330 407 2395 putat.
431 2340 526 2394 neque
549 2339 638 2378 causa
659 2322 897 2397 interpolationis
919 2322 989 2398 fingi
1007 2321 1069 2378 ulla
1086 2329 1184 2396 potest
1206 2329 1235 2377 et

159 2405 275 2482 singula
302 2425 394 2481 prope
422 2407 512 2463 verba
535 2405 758 2464 Ciceronianam
788 2415 887 2482 notam
915 2407 1088 2482 impressam
1116 2406 1235 2462 habent.

159 2491 223 2548 Nec
247 2490 338 2547 multo
361 2491 470 2548 arctius
489 2509 553 2547 cum
572 2491 677 2548 ceteris
694 2491 862 2559 cohaerent,
886 2509 960 2565 qnae
979 2496 993 2561 §
1011 2492 1051 2548 49
1070 2490 1235 2548 dedititiis

158 2573 408 2654 interponuntur]
426 2576 526 2633 Verba
538 2575 733 2651 auternvnlgo
745 2577 786 2632 sic
798 2576 1010 2646 scribebantur,
1023 2585 1055 2632 ut
1067 2576 1236 2650 parenthesi

158 2661 378 2718 includerentur
401 2662 486 2717 baec:
510 2680 580 2734 qttae
605 2661 705 2718 Graeci
727 2693 767 2702 ——
785 2664 879 2718 niuosa
901 2663 1038 2718 declarari
1058 2662 1163 2717 videtur
1185 2661 1234 2734 (ab

159 2746 239 2802 aliis:
260 2755 382 2819 poteram
393 2778 434 2786 —
447 2748 571 2818 or'detur),
590 2755 651 2803 tum
669 2755 862 2819 sequerentur
878 2746 944 2802 illa:
967 2765 1014 2803 nec
1030 2765 1076 2815 eae
1087 2747 1161 2818 (bae)
1170 2765 1234 2820 per·

159 2832 321 2887 turbationes
340 2863 377 2872 -
396 2841 538 2897 mouentur,
563 2831 612 2886 ubi
635 2831 749 2888 absolvi
772 2831 931 2906 putabatur
948 2830 1043 2888 oratio
1059 2830 1233 2905 interrupta.

159 2915 263 2972 deiude
287 2914 517 2991 adiungerentur
533 2917 660 2989 reliqua:
683 2930 824 2989 mittesque
838 2949 875 2959 —
888 2918 1024 2972 elaborem
1047 2918 1233 2989 voltrptariam,

160 3009 189 3057 et
216 3001 256 3056 ibi
280 3001 365 3074 plene
390 3001 655 3074 interpungeretur.
699 3001 761 3057 Nec
790 3018 966 3074 quemquam
995 3000 1124 3056 haesisse
1147 3000 1234 3056 video

159 3085 418 3143 nisiLambinum.
454 3086 493 3140 Et
516 3095 611 3141 tamen
636 3104 722 3159 quant
747 3085 839 3141 multa
860 3084 982 3142 vitiosal
1017 3086 1160 3151 Primum,
1184 3085 1234 3158 qni

159 3169 333 3226 sententiam
368 3171 559 3244 interruptam
591 3171 733 3238 absolvit,
767 3188 924 3243 numquam
960 3189 1024 3225 eam
1059 3168 1234 3245 particulam

159 3254 356 3329 copulativam
380 3257 450 3327 (trec)
474 3256 595 3329 repetit,
624 3274 682 3329 qna
709 3273 744 3311 ea
771 3255 808 3310 ab
832 3255 915 3311 initio
939 3255 1084 3330 superiori
1107 3254 1234 3310 orationi

159 3340 296 3396 adiuncta
319 3349 378 3408 est;
401 3341 546 3395 sententia
569 3341 645 3395 enim
668 3350 833 3410 revocatur,
856 3358 914 3395 non
938 3339 990 3396 illa
1012 3339 1171 3407 adiunctio,
1195 3350 1234 3407 et,

159 3424 183 3481 si
200 3443 246 3481 nec
269 3435 404 3500 ponatur.
428 3426 456 3481 id
476 3426 642 3481 necessario
660 3443 704 3494 ea,
728 3425 1008 3498 quaesubicinntur,
1029 3424 1180 3498 proximis,
1205 3423 1234 3480 id
1288 3482 1294 3494 ,

158 3517 217 3577 est,
245 3510 413 3584 parenthesi
437 3519 582 3565 annectat.
628 3510 695 3565 Non
719 3510 809 3586 igitur
836 3529 882 3566 nec
909 3529 955 3566 eae
982 3508 1136 3565 dicendum
1161 3517 1234 3579 erat,

158 3594 223 3650 sed:
246 3613 293 3650 cae
314 3598 395 3666 iqitur
413 3627 454 3637 —
472 3615 521 3650 nau
539 3603 590 3650 ant
613 3595 701 3650 simili
725 3595 820 3652 modo.
855 3594 969 3651 Deinde
987 3604 1119 3669 apparat,
1144 3593 1233 3650 inter·

156 3679 253 3753 rumpi
270 3678 318 3734 hic
337 3680 504 3753 primariam
523 3681 697 3736 sententiam
716 3680 751 3735 da
770 3679 1041 3754 perturbationibus
1058 3678 1234 3752 interposita

158 3763 355 3839 explicatione
384 3765 511 3820 maurinis
539 3782 637 3819 earnm
670 3774 699 3820 et
720 3783 870 3839 generum.
921 3765 1025 3838 ltaque
1053 3782 1088 3819 ea
1116 3763 1232 3818 damam

157 3849 249 3916 finita,
273 3850 368 3905 oratio
383 3850 419 3905 ad
438 3850 619 3923 propositum
639 3850 733 3906 redire
751 3858 856 3924 potest.
890 3849 984 3923 Atqui
1001 3867 1037 3904 ea
1054 3847 1173 3903 minime
1191 3847 1232 3903 ibi

157 3933 265 4001 linitur,
288 3934 338 3989 ubi
357 3934 422 3989 illa:
445 3954 491 3990 nec
510 3954 555 3990 eae
573 3943 627 3991 cet.
647 3944 805 4007 ponuntur,
829 3933 879 3990 'sed
897 3933 1085 3990 continuatur
1102 3932 1148 3988 his
1165 3951 1233 3988 ver·

157 4018 216 4075 bis:
239 4038 380 4092 orariosque
403 4030 468 4076 cet..
492 4029 521 4074 et
544 4027 698 4093 postquam
723 4019 907 4086 dictumest,
931 4037 990 4092 quo
1008 4018 1125 4073 nomine
1147 4024 1232 4073 uten-

156 4103 224 4159 dutn
248 4104 301 4172 sit,
331 4104 435 4160 deinde
463 4123 571 4178 genera
599 4104 778 4159 dividuntur.
823 4104 927 4177 ltaque
957 4102 1177 4178 perversissime
1202 4101 1232 4157 in

156 4188 282 4244 mediam
317 4189 391 4244 banc
420 4189 653 4264 progressionem
684 4188 893 4245 sententiarum
928 4188 979 4244 illa
1012 4187 1232 4244 intericiuntur:

156 4293 203 4330 nee
225 4292 271 4329 eae
292 4283 348 4329 cet.
393 4275 471 4330 Nec.
501 4274 578 4347 qnod
603 4284 721 4348 putant,
750 4292 784 4329 ea
812 4274 963 4329 continent
986 4272 1143 4348 primariae
1166 4289 1231 4327 sen·

155 4358 266 4415 tentiae
299 4359 524 4415 absolutionem.
574 4360 679 4434 Neque
712 4359 788 4414 enim
823 4359 993 4434 primarium
1024 4367 1083 4423 est,
1117 4366 1232 4433 pertur-

157 4443 290 4500 bationes
314 4463 371 4500 non
395 4453 500 4501 natura
522 4445 645 4515 moveri,
667 4443 717 4500 sed
741 4443 903 4520 sapientam
925 4443 963 4501 iis
985 4460 1100 4500 vacare.
1144 4441 1180 4500 Id
1203 4450 1233 4498 at
