3030 5086
220 463 285 528 404
475 532 479 539 ,
610 479 657 525 nn
678 477 809 526 rrnrnus
832 477 903 524 sou.

221 648 319 712 vitam
335 646 547 728 insipientium
559 645 704 710 miseram
716 645 923 726 acerbamque
932 645 1076 723 reddunt,
1093 663 1172 727 quas
1183 644 1305 712 Graeci

156 749 159 755 ’
220 740 308 826 πάθη
330 747 506 830 appellant,
536 753 679 828 poteram
701 764 774 828 ego,
802 746 930 811 verbum
952 746 1054 827 ipsum
1076 746 1303 828 interpretans,

221 849 345 913 morbos
367 848 536 930 appellare,
559 849 614 913 sed
636 866 697 913 non
720 847 899 913 conveniret
919 848 962 911 ed
981 846 1100 926 omnia;
1122 848 1192 929 quis
1215 847 1301 915 enim

292 1075 300 1117 1
331 1078 353 1118 et
370 1068 519 1119 aeerbamla
553 1085 621 1134 prece
635 1068 796 1135 potbe[A]1l
831 1073 855 1117 ³.
874 1068 992 1119 conoenr'et
1013 1066 1186 1135 [AJELMcR

221 1276 310 1333 totius
327 1276 384 1333 loci
407 1276 504 1333 exitus
527 1275 656 1333 ostendit
679 1285 708 1332 et
730 1274 855 1345 initium,
878 1275 929 1331 ubi
951 1274 1020 1332 huie
1042 1275 1206 1331 sententiae
1229 1292 1301 1332 con·

221 1361 342 1418 trarium
361 1361 494 1436 ponitur:
518 1380 587 1435 quoe
603 1363 684 1416 vitam
701 1363 878 1434 insipientium
895 1363 1020 1417 miseram
1030 1362 1157 1419 reddunt.
1180 1358 1301 1418 Deinde

220 1454 318 1503 autem
348 1446 425 1502 idem
459 1445 531 1502 illud
565 1445 654 1520 paulo
682 1453 750 1520 post
777 1445 896 1520 ponitur
923 1444 1053 1519 plenius:
1083 1445 1301 1520 perturbationes

219 1540 308 1587 aretem
330 1541 395 1597 cet,
419 1540 449 1587 et
465 1531 507 1588 ita
524 1530 652 1605 ponitur,
676 1538 708 1586 ut
725 1529 844 1586 omnino
866 1538 934 1586 ante
952 1529 1061 1587 dictum
1079 1548 1144 1587 esse
1160 1538 1300 1604 nequeat.

220 1615 295 1688 Quis
317 1616 410 1686 enim,
433 1633 498 1672 cum
521 1615 633 1688 aliquid
656 1615 714 1671 iam
737 1614 824 1689 plene
847 1614 970 1684 dixerit,
993 1614 1099 1671 deinde
1121 1633 1215 1689 pauca
1238 1633 1299 1672 non

220 1701 368 1757 contraria
396 1700 542 1776 posuerit,
570 1700 621 1756 sed
648 1699 794 1756 addiderit
821 1701 1000 1774 (omnesque),
1028 1699 1100 1757 illud
1129 1699 1171 1756 sic
1199 1699 1299 1771 iterat,

220 1796 369 1858 tamquam
393 1793 524 1843 transeat
545 1784 582 1841 ad
605 1783 699 1841 aliud:
723 1785 939 1859 perturbationes
961 1795 1070 1842 autem
1091 1781 1167 1841 cet?
1200 1784 1299 1841 Mani·

219 1868 327 1927 festum
355 1879 401 1927 est
422 1870 527 1945 igitur,
555 1868 782 1944 explicationem
811 1869 891 1926 illam
923 1869 1191 1944 perturbationum,
1220 1887 1299 1944 quae

219 1955 325 2030 incipit
345 1955 383 2012 ab
405 1955 452 2014 his
470 1954 582 2012 verbis:
605 1974 675 2029 quas
696 1953 796 2011 Graeci
811 1963 877 2024 eet,
900 1972 958 2011 non
976 1953 1169 2028 interruptam
1187 1954 1230 2011 sic
1247 1954 1299 2011 de·

219 2057 347 2110 currere,
371 2049 403 2096 ut
425 2058 565 2114 generum
588 2039 725 2096 divisioni
749 2039 925 2113 adiungatur
947 2038 1070 2114 originis
1089 2038 1200 2096 notatio
1217 2040 1298 2114 (per-

220 2125 381 2182 turbationes
403 2128 511 2197 autem),
539 2124 644 2181 deinde
667 2123 735 2180 huic
757 2133 907 2180 extremae
930 2125 1007 2199 parti
1030 2123 1126 2198 ipsum
1148 2122 1222 2180 illud
1245 2123 1298 2180 sd·

219 2208 302 2286 iungi
323 2219 354 2267 et
374 2210 524 2280 concludi,
554 2208 632 2283 quod
659 2208 745 2265 initio
768 2208 865 2265 dicere
888 2207 963 2267 Cato
986 2207 1177 2266 instituisset:
1205 2211 1298 2284 itaque

220 2295 262 2351 lu's
283 2298 391 2370 sapiens
413 2304 468 2352 cet.
517 2295 621 2368 Itaque
646 2293 740 2350 oratio
763 2292 848 2350 initio
871 2293 998 2368 abrupta
1020 2293 1139 2350 omnino
1161 2311 1220 2350 non
1244 2293 1296 2349 ab·

219 2379 345 2437 solvitur
367 2380 468 2436 eadem
491 2377 600 2448 forma,
624 2378 674 2434 sed
698 2378 742 2447 id,
771 2378 849 2451 quod
871 2377 1057 2435 interiectum
1080 2386 1158 2448 erat,
1186 2378 1296 2435 sensim

218 2464 249 2520 in
272 2464 349 2520 idem
373 2464 443 2521 exit.
488 2464 545 2521 Illa
573 2459 669 2520 autem
694 2463 798 2519 verba:
828 2482 874 2520 nee
901 2482 947 2519 eae
972 2496 1007 2506 -
1033 2473 1169 2519 moventur
1196 2481 1255 2520 non
1278 2481 1298 2520 a

219 2548 363 2607 Cicerone
385 2549 494 2623 scripta
517 2558 585 2605 sunt
606 2547 790 2623 ineptissimo
813 2548 888 2618 loco,
912 2548 963 2604 sed
980 2548 1018 2604 ab
1035 2547 1146 2622 aliquo,
1170 2547 1219 2620 qui
1235 2547 1297 2623 pri·

219 2633 341 2690 mariam
362 2634 537 2690 sententiam
555 2642 677 2690 conatus
695 2639 738 2689 est
756 2631 885 2689 indicare
903 2642 931 2690 et
949 2632 1113 2689 institutam
1131 2632 1296 2704 absolvere,

219 2736 273 2775 nec
295 2727 393 2775 tamen
417 2719 489 2776 satis
506 2718 641 2776 attendit.
676 2717 864 2791 (Lambinusr
887 2737 933 2775 nee
957 2719 1007 2774 irae
1028 2721 1110 2790 ipitur
1131 2726 1162 2774 et
1178 2726 1296 2792 postea:

215 2804 438 2877 perturbationes,
465 2807 585 2877 iuquam,
607 2804 682 2860 nulla
705 2804 774 2876 cet.)
819 2802 923 2872 Erunt,
946 2803 996 2876 qui
1019 2811 1132 2877 putent,
1155 2802 1220 2877 ipso
1244 2801 1296 2860 illo

218 2898 306 2944 autem
328 2890 407 2963 (post
424 2889 650 2963 perturbationes)
673 2887 848 2944 sententiam
866 2887 951 2944 initio
969 2887 1133 2944 institutam
1151 2886 1297 2959 revocari,

218 2981 396 3047 auctorequs
418 2982 539 3031 utantur
562 2972 681 3030 Handio
703 2972 733 3028 in
756 2972 884 3029 Turseli.
909 2973 924 3029 I
947 2992 976 3047 p.
996 2972 1067 3029 569.
1113 2970 1170 3031 Sed
1194 2971 1297 3028 rectis·

217 3058 291 3114 sime
314 3058 437 3115 Beierus
460 3058 616 3128 iudicarat,
640 3075 799 3130 numquam
823 3057 865 3112 sic
887 3057 957 3131 poni
980 3067 1082 3126 autern,
1106 3074 1182 3130 quae
1205 3056 1297 3131 parti·

218 3142 284 3199 cula
305 3142 351 3213 id,
374 3143 453 3216 quod
476 3142 611 3218 proxime
633 3141 809 3216 praecessit,
837 3142 1004 3210 continuet,
1035 3141 1123 3198 etiam
1147 3141 1296 3198 contrario

218 3227 419 3302 adiungend03
443 3237 544 3284 contra
562 3229 611 3284 sed
627 3244 670 3293 ea,
694 3244 769 3300 quae
786 3226 961 3301 interposita
978 3235 1054 3295 sunt,
1078 3226 1120 3282 sic
1137 3225 1296 3301 abrumpit,

218 3322 259 3382 ut,
283 3311 342 3369 illis
364 3312 485 3382 relictis,
508 3311 603 3368 oratio
626 3311 663 3367 ad
686 3310 810 3385 primam
827 3310 1002 3367 sententiam
1020 3310 1131 3370 redeat.
1166 3311 1201 3367 In
1218 3310 1297 3368 libro

217 3397 232 3453 1
256 3396 292 3453 de
314 3393 373 3454 Off.
400 3396 474 3464 153,
503 3414 561 3469 quo
590 3396 655 3471 loco
678 3394 814 3452 Handius
836 3395 942 3466 utitur,
971 3396 1073 3452 eadem
1101 3413 1222 3471 prorsus
1251 3404 1298 3453 est

217 3479 313 3538 forma
335 3481 491 3551 orationis,
520 3499 608 3555 quam
630 3480 686 3537 hoc
708 3479 773 3536 loco
796 3479 954 3539 declaravi.
999 3481 1110 3555 Incipit
1131 3479 1236 3538 Cicero
1260 3480 1297 3537 de

216 3565 363 3640 sapientia
379 3565 491 3635 dicere;
510 3565 640 3622 intericit
656 3564 886 3622 admonitionem
905 3564 941 3622 de
958 3565 1129 3640 prudentia;
1152 3565 1221 3622 huie
1237 3565 1297 3640 ipsi

217 3649 410 3708 admonitioni
441 3659 471 3706 et
492 3649 664 3724 prudentiae
687 3649 849 3706 definitioni
878 3668 915 3706 ex
944 3650 1092 3707 contrario
1120 3651 1179 3722 (ilio
1207 3659 1296 3707 areum

216 3737 361 3810 sapientia)
384 3734 546 3810 sapientiae
570 3734 701 3792 definitio
723 3735 907 3810 adiungitur,
937 3735 1006 3792 huic
1028 3734 1207 3805 annectitur,
1237 3753 1295 3792 non

218 3821 254 3876 ad
285 3820 400 3878 initium
430 3819 521 3891 redit,
549 3820 690 3895 primaria
719 3819 878 3877 sententia:
907 3840 937 3876 eo
965 3824 991 3877 si
1016 3823 1135 3876 omnimo
1162 3829 1201 3876 est
1224 3836 1298 3887 cer.;

217 3905 313 3979 ipsum
336 3904 451 3961 initium
475 3905 632 3962 orationis:
655 3906 839 3979 Princepsque
861 3914 916 3961 cet.
939 3923 1082 3979 nusquam
1105 3904 1296 3981 grammatice
1383 3926 1391 3939 ·

217 3989 391 4048 absolvitur.
421 3989 479 4063 Qui
497 3989 526 4046 in
539 3990 638 4048 verbis
652 3992 698 4047 illu
709 4000 799 4046 autem
816 4008 851 4046 eo
863 3990 951 4047 rediri
965 3998 1078 4064 putant,
1096 3989 1140 4045 illi
1153 3997 1296 4060 statuunt,

217 4075 254 4130 ab
277 4074 362 4132 initio
386 4074 523 4133 Ciceroni
551 4084 701 4149 umquam
723 4074 895 4150 primarium
919 4075 1102 4151 propositum
1125 4073 1217 4131 fuisse
1240 4073 1297 4131 hoo

217 4160 283 4216 loco
306 4160 481 4236 sapientiem
505 4160 635 4218 definire.
670 4161 715 4218 At
737 4160 832 4217 omnis
855 4160 917 4217 eius
941 4160 1035 4217 oratio
1058 4178 1093 4216 eo
1117 4168 1240 4234 spectat,
1264 4168 1296 4215 ut

217 4246 366 4315 ostendat,
395 4244 483 4303 etiam
508 4264 545 4302 ex
567 4245 729 4321 sapientiae
753 4245 871 4302 notione
895 4245 992 4319 sequi,
1009 4254 1054 4301 ¹ut
1078 4243 1296 4301 communitatis

217 4329 316 4386 officia
339 4331 469 4388 maxima
491 4331 559 4387 sint.

302 4417 423 4474 sednon
445 4413 607 4492 conveniret)
631 4413 696 4486 Sic,
727 4413 847 4489 opinor,
870 4414 956 4490 primi
980 4413 1107 4472 Manutii
1129 4422 1159 4470 et
1176 4413 1296 4472 Lambi-
