3030 5086
104 498 109 504 ·
224 450 253 518 x
659 443 857 518 rrnanrn'rro.

224 648 334 720 genter
356 660 425 706 esse
447 659 637 722 exprressum.
673 642 767 722 llpse
796 643 853 707 bas
882 644 1054 724 scripturas
1078 647 1216 726 excerpsi
1239 663 1295 710 nec

106 743 108 751 ’
225 751 368 831 cuiquam
391 752 430 816 de
452 749 490 814 iis
512 751 653 830 credidi.)

311 859 343 923 C.
373 855 494 938 (Codex
516 856 661 938 Morcbi.)
706 858 876 923 Gulielmus
904 860 1053 924 blorelius
1082 859 1232 925 Tillianns
1263 861 1293 925 in

225 966 483 1033 Observationum
506 967 535 1030 in
560 965 716 1031 Ciceronis
743 965 840 1031 libros
867 967 906 1031 de
932 965 1045 1032 finibus
1073 968 1293 1032 commentario

224 1075 337 1156 (Paris.
363 1076 458 1153 15463
487 1074 546 1138 vid.
571 1073 664 1138 Orell
687 1077 797 1152 Onom.
821 1076 835 1138 Ι
857 1094 888 1155 p.
904 1076 981 1156 326)
1009 1095 1085 1141 usus
1113 1085 1161 1140 est
1189 1076 1294 1141 codice

224 1182 363 1265 perbono
397 1190 428 1246 et
460 1199 497 1245 ex
530 1199 567 1245 eo
601 1181 714 1246 multas
741 1181 914 1264 scripturas
947 1184 1084 1265 protulit.
1136 1184 1180 1248 Eo
1213 1183 1293 1248 libro

223 1298 348 1372 praeter
370 1289 559 1368 scaligerum
581 1290 681 1369 (apud
704 1289 872 1356 Gruterum
894 1293 936 1356 ad
958 1293 988 1356 ΙΙ
1010 1311 1035 1357 c.
1048 1294 1083 1356 21
1111 1298 1142 1358 et
1160 1293 1204 1356 ΙΙΙ
1224 1311 1248 1356 c.
1261 1293 1293 1368 6)

224 1409 255 1467 et
278 1400 431 1480 Guyetum
455 1399 552 1479 (apud
576 1397 752 1478 Davisium)
776 1417 865 1463 nemo
888 1417 925 1464 ex
946 1399 1001 1478 iis,
1024 1400 1077 1481 qui
1099 1402 1140 1464 ad
1163 1399 1220 1465 hoc
1243 1400 1292 1464 Ci-

222 1507 343 1574 ceronis
372 1524 451 1586 opus
479 1507 706 1571 emendandum
734 1507 850 1588 aliquid
877 1507 1088 1585 contulerunt,
1123 1526 1197 1571 usus
1226 1516 1294 1570 erat

223 1625 295 1680 ante
318 1614 483 1692 Orellium;
511 1621 584 1693 post
611 1614 704 1693 bunc,
734 1615 788 1698 qui
810 1622 842 1680 et
863 1615 983 1680 minora
1011 1616 1163 1696 quaedam
1192 1615 1293 1679 omisit

222 1733 261 1800 et,
284 1729 319 1788 ut
339 1721 383 1799 fit,
406 1723 436 1785 in
460 1721 616 1786 nonnullis
638 1723 769 1802 erravit,
792 1741 851 1804 ego
874 1724 1014 1788 studiose
1035 1722 1179 1802 adhibui,
1202 1722 1292 1804 quid-

222 1832 294 1913 quid
319 1832 357 1894 de
379 1830 485 1894 codice
507 1829 656 1894 traditum
679 1838 755 1894 erat.
801 1830 940 1908 Secreri,
963 1838 998 1895 ut
1019 1849 1078 1910 par
1101 1839 1182 1909 erat,
1212 1849 1294 1911 quae

222 1939 371 2003 Moralins
394 1957 454 2002 non
485 1938 514 2000 in
538 1955 594 2001 suo
617 1938 736 2015 codice,
765 1940 820 2003 sed
854 1938 978 2016 ..alibi“,
1010 1939 1058 2010 ,in
1087 1939 1156 2004 aliis
1184 1938 1290 2003 ibris*

222 2047 280 2126 legi
308 2046 361 2110 ait.
411 2046 483 2124 lpse
512 2045 659 2110 blorelins
688 2046 844 2110 interdum
878 2047 1044 2111 aberrasse
1077 2047 1108 2110 in
1138 2047 1294 2126 scriptura

221 2155 377 2219 enotanda
399 2153 537 2232 videtur,
565 2162 600 2217 nt
621 2155 676 2232 Ill,
703 2157 741 2218 ln
765 2153 875 2236 (oropus
895 2153 973 2218 idem
995 2153 1293 2218 decorandorum

220 2282 293 2343 pro:
321 2261 399 2325 idern
425 2259 554 2324 declaret
580 2257 676 2344 acopis
701 2262 877 2341 imitaturam
907 2263 1062 2326 interdum
1091 2263 1132 2339 is,
1163 2272 1198 2327 ut
1225 2261 1292 2340 alii,

220 2377 340 2435 tantum
363 2377 485 2450 partem
508 2369 682 2451 scripturae
704 2369 819 2434 codicis
841 2371 954 2451 posuit,
977 2382 1010 2434 ut
1033 2371 1072 2450 IL
1097 2372 1146 2435 30.
1191 2368 1292 2450 Saepe

220 2499 320 2560 parva
341 2485 485 2555 abactam
508 2478 580 2542 alibi
603 2479 735 2542 maxima
757 2479 985 2558 praetermittit.

305 2587 342 2651 D.
376 2583 515 2666 (Codices
546 2584 694 2666 Grotcri.)
743 2587 838 2650 Ianus
865 2586 1018 2651 Gruterus
1046 2588 1087 2667 (a.
1115 2587 1209 2665 11118)
1238 2604 1292 2649 sex
1389 2566 1395 2575 ’

219 2716 296 2762 usus
318 2704 367 2760 est
382 2694 537 2759 codicibus
555 2693 713 2772 Palatinis
736 2712 866 2774 qnorum
885 2695 1017 2775 primum
1040 2695 1107 2759 inre
1129 2694 1235 2758 laudat
1258 2706 1293 2758 ut

219 2806 377 2886 optimum,
401 2803 594 2885 eundemque
616 2802 776 2883 antiquum
798 2800 895 2867 inisse
912 2801 1075 2883 significat.
1110 2802 1190 2866 Eum
1208 2802 1291 2865 Gru·

219 2923 306 2977 terus
328 2912 357 2975 in
377 2911 450 2979 libr.
473 2910 517 2973 lV
537 2911 608 2992 §16
630 2910 721 2975 buius
743 2911 918 2991 scripturae
940 2917 1050 2975 testem
1074 2911 1187 2975 citans:
1210 2913 1292 2972 ortas

219 3041 338 3102 potoque
352 3017 521 3099 reptibiles,
544 3017 586 3083 ibi
605 3018 749 3083 desinere
765 3019 880 3084 scribit.
914 3017 1034 3083 Horum
1052 3018 1189 3083 codicum
1208 3018 1290 3084 Gru·

219 3137 305 3194 torus
317 3127 429 3191 multas
442 3126 614 3207 scripturas
625 3125 797 3203 annotavit,
809 3125 923 3206 plures,
941 3125 1033 3189 etiam
1045 3126 1177 3190 Palatini
1190 3125 1290 3206 primi,

219 3236 335 3314 oruisit;
354 3253 410 3299 nec
427 3252 490 3311 eas
508 3253 586 3314 quas
604 3235 773 3312 annotavit,
792 3234 869 3299 sotis
880 3252 1004 3315 semper
1016 3233 1179 3316 diligenter
1191 3251 1290 3314 neque

218 3346 309 3426 plene
332 3342 450 3423 posuit,
478 3344 533 3407 sed
562 3349 681 3406 tantum
704 3360 771 3406 eam
794 3350 930 3422 partem,
958 3361 1039 3423 qnae
1060 3343 1091 3406 in
1114 3341 1219 3406 oeulos
1241 3341 1288 3404 in-

219 3453 372 3527 currebat,
395 3459 430 3514 ut
447 3451 647 3528 11261130,
670 3468 750 3530 quae
767 3451 909 3531 exempla
925 3469 983 3531 pro
1001 3449 1105 3514 multis
1124 3446 1287 3513 sufficiunt.

217 3559 374 3626 Particula
396 3558 437 3621 sic
458 3557 512 3640 (sic
528 3555 596 3620 Pol.
609 3561 639 3633 1,
661 3557 702 3620 sic
724 3577 825 3621 omnes
839 3556 933 3638 Poll.)
955 3557 1111 3622 interdum
1133 3557 1177 3622 ita
1199 3555 1288 3636 poni-

217 3676 277 3746 tur,
300 3674 335 3732 ut
358 3685 418 3731 non
437 3665 599 3730 adomnia
621 3684 658 3728 oa
680 3665 784 3744 verba,
806 3684 888 3747 qnae
910 3666 1104 3746 praescripta
1123 3666 1192 3745 sint,
1216 3683 1288 3745 per·

218 3777 328 3850 tinent,
357 3775 412 3837 scd
440 3775 480 3837 ad
508 3793 601 3837 nuum
625 3774 766 3853 aliquod,
795 3774 834 3838 de
862 3793 924 3855 quo
948 3773 1102 3837 Gruterus
1126 3773 1287 3853 cogitabat,

217 3895 272 3947 ant
294 3884 398 3963 plura;
422 3881 505 3945 velut
522 3882 615 3958 11,Ιό
635 3881 663 3945 in
683 3881 774 3945 Pali
804 3899 864 3945 non
888 3890 955 3945 erat
977 3880 1082 3943 (lotura
1104 3885 1289 3962 limitemque

217 3996 245 4053 ct
266 4010 381 4065 (cocart,
404 3990 459 4062 sed
482 3988 588 4051 dolant
610 3993 797 4070 rrwrrtomqnc
818 4008 931 4067 dorcon
956 3988 1104 4054 rerrransit
1125 3993 1153 4051 cl
1175 4007 1212 4053 er
1235 4009 1286 4053 su·

217 4099 372 4179 puriorum
392 4097 559 4161 editionum
580 4099 741 4177 scriptura.
781 4097 890 4178 Neque
906 4096 959 4161 illa
975 4094 1140 4161 affirmatio
1158 4098 1198 4161 ad
1218 4116 1286 4161 ver-

217 4207 324 4271 borum
347 4205 610 4286 praescriptorum
633 4206 771 4270 ordinem
794 4206 938 4287 pertinet,
962 4224 1001 4269 ne
1019 4204 1060 4268 ibi
1078 4205 1213 4285 quidem,
1237 4205 1286 4266 nbi

216 4315 246 4379 in
270 4334 305 4378 eo
329 4332 379 4377 res
398 4313 537 4391 vertitur,
559 4323 592 4377 ut
609 4314 701 4391 1,1o:
724 4313 768 4376 cel
788 4314 873 4378 nobis
893 4313 1001 4388 dicunt,
1024 4312 1074 4377 nbi
1098 4322 1217 4377 certum
1240 4322 1287 4378 est

217 4422 246 4485 in
260 4421 324 4485 Pal.
341 4424 366 4493 1,
390 4430 424 4484 ut
442 4421 472 4485 iu
491 4422 599 4487 ceteris
617 4421 714 4501 bonis,
733 4421 843 4488 luisse:
862 4422 946 4488 nobis
961 4422 1006 4486 nel
1021 4423 1128 4488 dicam.
1157 4421 1288 4486 Praeter
