3030 5086
216 477 279 540 352
608 494 653 538 nu
675 492 806 539 ciuiuus
829 492 903 538 sou.

216 662 278 726 iam
300 672 396 739 esset,
425 661 450 724 si
473 661 605 739 viveret)
632 670 663 725 et
685 659 832 724 Lucullus
861 659 934 723 mihi
956 669 1101 723 versatur
1122 672 1196 726 ante
1217 679 1292 727 ocu-

290 837 308 877 l.
329 839 350 879 et
362 816 418 879 'cum
437 828 550 878 Lucullus
572 829 590 876 L

610 988 640 1042 A
1130 1017 1132 1022 ·
1153 987 1176 1042 Β

571 1058 670 1088 -Λ-
978 1074 1024 1096 -κ
1049 1060 1273 1097 --θε--κ

244 1105 281 1178 Q.
300 1104 445 1163 Servilius
501 1103 637 1172 Servilia,
658 1122 733 1176 quae
763 1103 906 1171 Servilia,
941 1120 1016 1176 quae
1036 1104 1076 1160 M.
1092 1104 1217 1161 Porcius
1234 1104 1292 1164 Ca·

238 1190 359 1264 Caepio
381 1189 448 1245 trib.
533 1189 631 1263 nupsit
659 1190 699 1245 M.
841 1187 942 1262 nupsit
1037 1198 1076 1257 to
1100 1188 1150 1263 qui
1170 1189 1293 1248 Uticen-

218 1276 341 1332 rnilitum
371 1274 449 1330 bello
510 1273 597 1329 Iunio
620 1274 722 1331 Bruto.
794 1273 829 1331 L.
852 1272 985 1329 Lucullo.
1037 1273 1077 1330 sis
1113 1274 1208 1331 dictus
1238 1287 1293 1332 est

217 1359 352 1435 spartam
377 1360 415 1430 (p
416 1359 469 1416 1¹¹²
490 1376 530 1431 M.
548 1359 657 1432 Iunius
660 1358 745 1432 Bru·
782 1375 842 1448 (L)
860 1374 1001 1432 Lucullus

217 1445 282 1504 CM·
293 1444 366 1501 Mffl·
378 1445 471 1517 ΒΜ
489 1469 551 1530 tus
582 1461 632 1535 qui
656 1460 746 1516 inter·
840 1462 946 1535 (puer).

218 1530 471 1603 multopostmor·
488 1545 556 1601 dum
586 1545 748 1620 QCaepfo

217 1626 285 1672 “¹¹¹⁸
309 1613 380 1686 (¹bd·
410 1617 469 1686 ῙῙ)
563 1631 679 1687 dicitur.

218 1718 264 1772 De
277 1715 379 1772 Liviae
399 1715 509 1789 nuptiis
526 1717 609 1772 testis
626 1726 670 1771 est
682 1715 860 1771 Plutarchus
877 1715 905 1770 in
919 1712 984 1772 Cat
1000 1715 1072 1770 Min
1088 1733 1111 1771 c.
1130 1718 1196 1775 let
1215 1716 1295 1788 quod

217 1802 254 1857 ad
272 1800 430 1859 Servilium
455 1801 569 1869 attinet,
593 1801 651 1856 Dio
669 1800 780 1859 Cess'
771 1818 801 1855 ιιι
825 1799 929 1874 fragm.
948 1799 1075 1855 Peiresc.
1093 1818 1121 1874 p
1140 1800 1179 1855 45
1200 1801 1295 1857 Reinr.

218 1885 270 1978 [ir.
286 1886 324 1941 96
338 1883 447 1982 Beki]
471 1885 518 1954 (de
542 1887 583 1943 M.
598 1887 696 1942 Druso
720 1886 832 1941 minore
855 1895 885 1940 et
889 1886 943 1976 Q.
965 1882 1115 1958 Caepione
1143 1875 1221 1940 idias
1244 1875 1294 1940 dt-

217 1959 317 2043 altore
339 1961 452 2044 ἔχθραν
482 1963 512 2024 ἐκ
534 1963 635 2041 φιλιας
656 1966 766 2044 πολλῆς
788 1959 836 2024 uui
860 1957 960 2042 γάμων
984 1961 1149 2042 ἐπαλλαγῆι
1170 1955 1294 2042 corpoei-

217 2056 321 2126 μενοι),
340 2072 425 2127 quem
442 2054 495 2120 illi
514 2054 563 2126 qui
582 2054 617 2110 de
635 2055 689 2111 hec
706 2055 880 2129 cognatione
898 2061 1021 2126 egerunt
1039 2060 1106 2126 post
1117 2051 1295 2119 Manutium,

218 2158 252 2193 eo
278 2139 371 2194 minus
395 2139 549 2213 neglegere
572 2140 751 2199 debuerunt.
781 2139 858 2212 quod
888 2156 924 2192 ex
953 2155 988 2192 eo
1011 2136 1076 2192 loco
1098 2135 1294 2193 certissimum

219 2233 276 2291 est.
307 2224 372 2298 quis
396 2223 507 2299 Caepio
537 2225 734 2299 intellegatur.
781 2221 1014 2296 (Freinshemius
1042 2221 1061 2279 l.
1086 2238 1111 2278 c.
1137 2222 1294 2278 verborum

220 2307 334 2377 Dionis,
358 2327 395 2365 ex
418 2310 525 2383 quibus
548 2320 679 2383 apparet,
705 2309 833 2364 Drusum
851 2307 939 2363 etiam
958 2325 995 2362 ex
1007 2305 1166 2381 Caepionis
1184 2305 1296 2363 familia

218 2411 340 2450 uxorem
364 2395 483 2450 duxisse
506 2405 536 2450 et
558 2395 621 2450 sine
640 2393 728 2449 dubio
748 2411 878 2449 sororem
892 2390 1060 2465 Caepionis.
1084 2391 1186 2447 miram
1205 2391 1296 2448 inter-

218 2479 411 2552 pretationem
436 2479 583 2552 sequitur,
616 2497 634 2534 a
658 2477 792 2546 Valerio,
821 2476 871 2550 qui
900 2476 929 2531 in
958 2494 1022 2532 eam
1045 2475 1204 2543 inciderat,
1232 2474 1295 2532 fere

218 2564 427 2637 repudiatam.)
471 2565 575 2637 Itaque
598 2563 733 2638 superior
757 2562 871 2618 Drusus
894 2559 1016 2619 Catonis
1046 2579 1119 2617 avus
1148 2560 1296 2618 dicituro

218 2646 361 2704 Cicerone
383 2647 470 2704 huius
492 2648 590 2723 operis
613 2647 678 2702 libr.
703 2648 757 2714 lv,
777 2648 826 2708 66.
850 2645 947 2702 minor
969 2645 1032 2701 eius
1054 2646 1217 2702 avunculus
1241 2664 1296 2720 pro

220 2731 283 2789 Mil.
312 2734 364 2800 16,
396 2732 531 2806 idemque
555 2732 639 2789 Bruti
669 2751 791 2807 magnus
813 2731 976 2787 avunculus
999 2730 1083 2788 Brut.
1110 2731 1181 2788 222.
1227 2729 1295 2789 Ser·

219 2816 319 2873 viliam
343 2817 520 2873 Plutarchus
543 2816 594 2873 illo
617 2816 682 2874 loeo
705 2835 791 2872 unam
815 2814 897 2884 facit,
921 2833 946 2872 c.
969 2816 1009 2872 24
1033 2815 1187 2890 perspicue
1211 2815 1294 2873 duas.

219 2901 254 2958 In
278 2901 361 2959 Brut.
387 2903 458 2958 2‘et
481 2902 498 2958 5
523 2901 607 2958 Bruti
632 2911 733 2967 meter,
756 2901 786 2957 in
810 2899 876 2958 Cat.
902 2901 973 2957 Min.
999 2900 1038 2956 54
1061 2910 1091 2957 et
1115 2899 1229 2959 Lucull.
1255 2900 1296 2957 38

219 2985 336 3043 Luculli
356 3005 431 3043 uxor
447 2986 489 3042 sic
506 2987 683 3046 nominatur.
702 2998 743 3053 ut,
761 3004 848 3042 unam
867 3004 903 3040 an
922 2985 995 3041 duas
1008 2984 1186 3042 Plutarchus
1203 2994 1296 3060 putet.

219 3089 277 3126 ιιοιι
301 3071 465 3147 dignosces.
501 3070 560 3129 Sed
583 3071 656 3127 duas
679 3070 780 3137 fuisse,
804 3069 942 3139 ostendit,
965 3069 1044 3143 quod
1061 3088 1115 3126 nec
1133 3070 1180 3126 bio
1192 3070 1297 3129 Cicero

219 3155 344 3212 Brutum
373 3155 489 3212 Luculli
518 3156 601 3230 pueri
629 3154 749 3212 fratrem
779 3154 926 3211 uterinum
961 3154 1053 3211 fuisse
1088 3155 1235 3230 significat
1267 3165 1298 3211 et

220 3239 351 3315 Philipp.
375 3241 422 3312 X,
447 3241 465 3296 8
494 3249 606 3296 tantum
636 3241 832 3315 propinquum
862 3239 925 3295 eius
953 3239 1098 3314 appellat3
1127 3240 1298 3298 consobrini

219 3323 309 3399 igitur
326 3335 425 3382 erant.
453 3325 549 3396 (Duas
561 3324 704 3383 Servilios
721 3327 809 3381 etiarn
824 3325 1014 3381 Drumannus
1031 3323 1103 3382 iacit
1117 3323 1195 3383 Hist.
1209 3325 1296 3382 Bom.

219 3408 266 3466 lv
278 3429 306 3484 p.
325 3411 392 3466 174.
429 3410 534 3466 Altera
551 3420 691 3485 nupserat
709 3409 796 3465 etiam
816 3410 853 3466 D.
869 3408 986 3479 Silano;
1004 3429 1032 3469 v.
1046 3409 1125 3466 Plut.
1141 3408 1207 3467 Cat.
1221 3407 1296 3465 Min.

221 3494 286 3566 21.)
326 3494 448 3550 Brutum
471 3494 538 3550 inde
559 3494 595 3567 Q.
617 3494 796 3569 Caepionem
819 3495 1001 3568 appellatum
1024 3493 1218 3568 probabiliter
1236 3501 1299 3549 ata·

220 3588 315 3643 tuuut,
338 3579 415 3652 quod
439 3580 476 3635 ab
499 3580 645 3636 avunculo
669 3578 705 3651 Q.
725 3578 875 3653 Caepione
898 3579 959 3635 filio
983 3588 1158 3635 testamento
1175 3577 1300 3651 adopta·

221 3671 267 3718 tus
290 3663 342 3731 sit,
372 3663 426 3719 etsi
455 3664 485 3719 id
507 3662 616 3720 iactum
640 3682 704 3719 esse
727 3682 821 3738 neque
844 3663 915 3719 alibi
939 3664 1046 3719 dicitur
1068 3682 1163 3737 neque
1186 3681 1203 3718 a
1226 3663 1299 3718 Plu·

215 3748 322 3804 tarcho
344 3747 422 3819 (Cat.
447 3749 520 3806 Min.
551 3751 615 3823 11),
644 3748 694 3822 qui
717 3748 858 3822 Capionis
886 3749 1077 3805 hereditatem
1107 3748 1184 3803 inter
1207 3739 1298 3805 tiliam

116 3905 120 3911 ι
221 3844 250 3887 et
273 3832 424 3900 Catonem,
448 3833 567 3890 fratrem
593 3833 753 3898 uterinum,
777 3833 901 3889 divisam
925 3832 1037 3889 scribit.
1083 3833 1145 3888 Iam
1171 3832 1298 3907 primum

221 3919 380 3989 quaeritur,
404 3918 454 3973 ubi
473 3918 578 3975 Cicero
601 3918 672 3974 dicit
692 3919 819 3992 Caepioni
840 3928 939 3983 nostro,
963 3929 1070 3984 utrum,
1095 3917 1172 3991 quod
1191 3919 1299 3975 Manu·

221 4002 279 4058 tius
301 4012 394 4077 putat,
418 4002 541 4060 Catonis
563 4001 663 4069 irater,
689 4002 773 4077 pueri
796 4003 960 4058 avunculus
982 4000 1170 4076 intellegatur
1192 4020 1229 4058 an
1253 4003 1295 4060 M.

224 4086 344 4143 Brutus.
373 4088 566 4143 consobrinus
594 4088 691 4163 pueri.
720 4087 798 4160 quod
827 4087 1014 4144 Schuetzium
1044 4095 1173 4142 statuere
1202 4086 1298 4150 video.

222 4180 331 4226 motum
355 4170 481 4228 fortasse
504 4192 554 4239 eo,
584 4173 662 4246 quod
691 4183 780 4228 nostro
803 4173 838 4226 de
863 4172 931 4227 vivo
960 4171 1142 4227 corumodius
1165 4171 1297 4228 additum

221 4255 379 4313 videretur.
426 4256 484 4313 Sed
507 4258 593 4332 longe
617 4267 746 4331 praestat
769 4257 895 4313 Manutii
919 4256 1079 4321 sententia3
1104 4274 1197 4328 neque
1221 4256 1300 4314 enim

222 4340 259 4395 ad
278 4341 401 4397 Brutum
419 4343 550 4398 scribens
568 4342 671 4399 Cicero
690 4342 752 4398 sine
776 4360 883 4415 magna
905 4341 1107 4416 ambiguitatis
1130 4341 1218 4416 culpa
1240 4344 1301 4401 alio
