3030 5086
317 511 362 556 nr
385 510 465 558 nan.
489 511 552 557 nm.
574 511 610 556 111
632 509 705 558 car.
729 509 983 574 rs-ro.(er-oa.)
1016 541 1019 546 .
1126 491 1189 559 tos

111 680 216 761 Atque
238 680 331 744 etiam
353 680 384 742 in
407 679 515 744 bestiis
536 679 584 743 vis
606 683 738 743 naturae
757 678 892 759 perspici
914 684 1035 759 potest;
1057 696 1190 760 quarum

111 783 144 847 iu
171 779 237 846 ictu
266 789 298 846 et
325 781 356 845 in
385 781 569 846 educatione
596 780 737 846 laborem
764 797 833 845 cum
860 779 1028 859 cernimus,
1058 786 1191 847 neutras

111 867 211 965 ipsius
239 900 346 947 vocem
375 883 518 947 videmur
545 883 662 947 audire.
714 884 818 962 Quare
844 885 880 944 at
905 881 1105 963 perspicuum
1132 889 1189 960 est

112 995 228 1050 natura
251 1003 308 1049 nos
331 1004 352 1048 a
373 985 483 1048 dolore
504 984 682 1075 abhorrere,
706 985 751 1048 sic
767 990 910 1064 apparet
932 1004 953 1048 a
974 992 1089 1048 natura
1109 983 1188 1064 ipsa,

112 1092 148 1151 ut
169 1105 232 1165 eos,
256 1104 335 1166 quos
356 1085 563 1167 genuerimua
586 1104 736 1165 amemus,
758 1084 884 1166 impelli.
919 1086 969 1150 63.
992 1085 1038 1148 Ex
1056 1084 1116 1149 hoc
1132 1104 1188 1148 na·
1206 1086 1228 1152 5
1281 1136 1282 1139 ,

112 1188 218 1266 scitur,
240 1197 275 1251 ut
297 1187 391 1252 etiam
414 1188 585 1252 communis
608 1187 766 1252 hominum
782 1187 865 1251 inter
880 1185 1019 1251 homines
1037 1185 1189 1251 naturalis

112 1289 157 1354 sit
181 1290 423 1368 commendatio,
456 1297 492 1353 ut
519 1295 664 1370 oporteat
690 1289 843 1353 hominem
872 1288 912 1351 ab
938 1286 1063 1353 homine
1090 1287 1129 1353 ob
1156 1287 1189 1351 id

112 1391 232 1472 ipsum,
260 1392 345 1471 quod
373 1391 464 1455 homo
493 1391 547 1469 sit,
575 1410 637 1455 non
665 1390 799 1455 alienum
828 1390 934 1453 videri.
979 1389 1023 1454 Ut
1049 1389 1129 1453 enim
1157 1389 1188 1453 in

112 1492 258 1556 membris
280 1493 342 1556 alia
364 1499 438 1556 sunt
460 1500 619 1573 tamquam
648 1492 707 1555 sibi
728 1501 817 1569 nata,
845 1500 881 1554 nt
903 1489 996 1570 oculi,
1024 1499 1060 1554 ut
1086 1510 1188 1569 aures,

112 1593 174 1658 alia
196 1594 289 1658 etiam
311 1601 484 1658 ceterorum
507 1594 716 1658 membrorum
739 1610 829 1657 usum
851 1593 1009 1670 adiuvant
1031 1599 1066 1656 ut
1088 1610 1188 1671 crura,
1209 1597 1250 1661 10

186 1803 206 1846 1.
224 1797 311 1862 inspici
327 1797 446 1846 LPMCR
478 1805 555 1860 potest
572 1812 621 1846 om.
642 1796 662 1844 P
707 1801 729 1847 2.
739 1798 796 1859 seta
814 1796 884 1846 etiam
902 1795 926 1844 ia
944 1796 968 1844 E
986 1795 1010 1844 ia
1018 1798 1075 1858 seta
1093 1804 1115 1846 et
1132 1796 1188 1846 edu·

112 1865 204 1916 cntr'oae
227 1867 271 1917 Lc
323 1871 345 1912 3.
370 1864 474 1914 videmus
499 1867 516 1914 t
538 1864 623 1914 audire
645 1880 694 1913 om.
720 1864 763 1912 Ll'
782 1863 903 1925 audoinus,
927 1879 974 1915 orn.
1000 1863 1116 1925 vrilemar,
1137 1867 1189 1914 MR

112 1933 185 1998 quasi
197 1934 380 1998 perspicuitati)
412 1942 437 1981 ut
456 1934 524 1997 (post
542 1941 626 1997 quare)
646 1948 693 1982 om.
714 1947 800 1981 omnes
836 1939 859 1981 ⁴.
883 1931 1021 1999 [abliorrere
1032 1931 1065 2000 Α]
1104 1938 1127 1983 5.
1146 1932 1188 1981 irn-

110 2000 172 2064 pclli
187 2013 280 2067 transp.
300 2004 365 2050 inter
383 2000 436 2064 ipsc
456 2001 549 2051 etuti)
586 2006 608 2049 6.
629 2000 697 2049 etiam
716 2001 817 2049 utEOr.
843 2000 959 2050 lominum
975 2015 1015 2049 em
1035 2001 1062 2049 t.
1100 2006 1124 2051 9.
1141 2001 1189 2050 aiat

114 2069 185 2140 [Am
221 2079 264 2119 aut
281 2087 352 2119 auree
371 2070 398 2118 M
449 2076 484 2120 10.
504 2069 642 2132 alobqneE
678 2067 761 2132 alique
782 2067 995 2135 [spumeum.
1032 2077 1057 2119 et
1074 2085 1146 2119 crura
1163 2078 1189 2119 ut

110 2155 196 2190 manus
215 2155 264 2191 om.
284 2141 305 2188 E

196 2331 236 2385 vis
254 2338 368 2384 naturae
380 2330 501 2402 perspici
514 2324 615 2401 potest)
628 2325 678 2384 Sic
693 2326 781 2383 etiam
795 2345 852 2402 mg.
866 2325 957 2397 Crat,
971 2326 1048 2403 Spin.
1063 2324 1128 2404 [B]‚
1142 2327 1187 2384 El.

111 2410 221 2487 (uteri)
233 2413 420 2486 restituitque
433 2422 500 2486 post
512 2413 591 2468 Man.
601 2410 709 2480 Gaius3
727 2421 814 2469 antea
826 2421 891 2468 erat
901 2415 999 2488 inspici
1003 2432 1010 2482 ;
1029 2407 1071 2481 Εξ
1082 2415 1187 2486 respici.

111 2499 213 2555 Verba
230 2499 302 2555 haec
320 2498 349 2554 in
362 2497 532 2553 memoriam
551 2506 688 2554 revocant
703 2496 855 2555 Ciceronis
872 2496 968 2554 locum
985 2497 1016 2554 in
1028 2498 1117 2554 Tusc.
1129 2496 1187 2568 ΙΙΙ,

112 2583 140 2654 3,
159 2583 209 2640 nbi
228 2583 331 2658 optimi
344 2582 427 2639 codd.
441 2582 564 2638 babent:
582 2592 610 2639 nt
626 2583 700 2638 nobis
718 2586 814 2657 optime
829 2592 955 2639 natarum
972 2584 1099 2639 inuidisse
1114 2584 1187 2640 nide-

110 2679 199 2737 ontur‚
223 2672 272 2742 qni
292 2669 359 2723 nibil
380 2669 473 2723 melius
496 2668 602 2736 lomim',
625 2668 693 2724 nili!
713 2670 799 2741 anapia
818 2669 1000 2742 expetendam,
1024 2668 1092 2724 nibil
1104 2687 1187 2742 proe-

110 2757 225 2811 stoute'us
243 2754 393 2820 bonoribus,
417 2756 544 2826 imperiis,
560 2755 690 2827 popnttnri
703 2754 791 2825 plenia
808 2754 1003 2811 iudicaverunt.
1039 2752 1078 2808 Et
1094 2753 1186 2821 adest,
1267 2752 1272 2761 '

110 2839 161 2913 qui
184 2857 238 2895 nne
260 2838 378 2901 doceat,
409 2838 479 2911 quid
507 2838 546 2893 sit
568 2841 664 2911 optime
685 2839 768 2894 alictii
788 2847 913 2893 notarum
935 2839 1067 2906 inuidere3
1096 2838 1186 2895 ceteri

110 2923 304 2998 interpolatos
337 2923 453 2979 codices
486 2930 648 2995 sequuntur
680 2922 824 2997 longeque
858 2941 876 2977 a
904 2922 1093 2978 cohaerentia
1121 2940 1187 2979 sen·

110 3009 221 3065 tentiae
241 3009 388 3064 aberrant.
433 3007 552 3077 Cicero,
576 3007 705 3063 indicata
727 3007 897 3082 opinionum
922 3015 951 3062 et
974 3025 1105 3063 errorum
1129 3007 1187 3064 ori-

86 3159 88 3163 ?
110 3092 187 3168 gine,
212 3093 296 3162 dicit,
320 3094 357 3150 ad
380 3111 466 3166 quam
490 3093 667 3167 pravitatem
690 3092 838 3148 iudicandi
862 3091 969 3148 sensim
993 3091 1186 3148 deducamur:

110 3199 127 3234 a
150 3189 301 3253 unctioneque
323 3180 509 3247 desciscimus,
538 3188 568 3233 at
588 3178 662 3233 anobis
685 3181 780 3251 optime
802 3187 950 3233 acturae
972 3179 1034 3233 vim
1056 3179 1187 3234 vidisse

110 3266 259 3329 audeantur,
283 3267 331 3338 qui
352 3272 406 3319 cet.
441 3263 484 3319 Eo
508 3263 704 3336 pervenimus,
728 3271 760 3319 ut
782 3262 811 3318 hi
835 3262 920 3319 uobis
942 3272 1021 3318 recte
1041 3261 1186 3339 iudicasse

110 3349 266 3406 videantur
288 3358 331 3412 et,
360 3348 429 3421 quid
454 3356 559 3404 natura
582 3348 667 3417 velit,
690 3347 882 3404 intellexisse.
927 3347 1112 3419 (Naturarum
1133 3365 1186 3422 pro

110 3443 209 3490 notrtro
231 3437 283 3490 vim
307 3434 366 3490 lli-l.
393 3430 436 3511 [et
460 3428 498 3510 B]
524 3433 614 3505 §42.)

200 3517 291 3587 Quare
318 3529 347 3574 ut
370 3521 544 3592 perspicior-m
571 3517 623 3591 est)
652 3517 832 3574 Particulam
861 3527 890 3573 nt
924 3526 975 3573 aut
1003 3517 1121 3574 Marsua
1149 3518 1186 3591 (si

110 3610 189 3660 recte
218 3604 368 3660 Hertelius
397 3607 485 3675 tacet)
514 3614 563 3659 aut
593 3602 744 3659 Manutius
777 3602 889 3677 primns
918 3602 1039 3658 addidit.
1090 3603 1187 3660 Abest

109 3706 128 3744 a
150 3689 234 3746 codd.
260 3689 396 3746 omnibus
419 3688 520 3762 (Pali,
544 3682 641 3762 ΕΙΙξχ,
665 3685 735 3764 [B])
758 3697 788 3744 et
809 3687 874 3744 edd.
899 3687 1124 3760 antiquioribus.
1164 3676 1167 3682 ¹

197 3775 245 3830 63.
269 3778 403 3842 causatur,
427 3784 456 3829 ut
477 3772 572 3851 etiam)
595 3771 687 3849 [Spin.
711 3772 761 3845 (B)
785 3782 817 3829 ut
839 3772 915 3842 Ert,
944 3776 1023 3828 eacan
1045 3782 1088 3841 ot,
1111 3790 1186 3846 quos

110 3858 224 3916 deserui
248 3869 369 3934 propter
392 3856 445 3936 A.]
490 3858 656 3917 Concursus
679 3857 890 3914 adiectivorum
914 3861 1059 3914 commitata
1086 3866 1114 3914 et
1137 3876 1186 3913 no·

110 3947 206 4002 taralis
223 3945 296 4001 nihil
313 3945 403 4001 habet
420 3943 600 4011 offensionis,
623 3961 687 3998 cum
707 3961 764 3998 non
788 3942 890 3999 eodem
914 3942 1016 3998 ordine
1039 3951 1068 3998 et
1091 3942 1185 4017 digni·

110 4037 171 4086 tate
193 4029 265 4086 sint:
296 4032 350 4086 Est
378 4029 685 4086 commonasterialium
706 4030 775 4084 inter
797 4029 913 4084 homines
934 4029 1139 4096 commendatio,
1167 4047 1186 4083 a

110 4124 209 4171 notura
228 4118 351 4189 projecto
374 4117 459 4186 (nont
482 4124 508 4170 et
528 4133 546 4169 α
568 4123 666 4169 antara
685 4115 830 4187 profheta).

195 4201 290 4274 aliquo
312 4203 390 4256 etiam
413 4209 557 4256 ceterorum
579 4199 753 4254 menbrorum
775 4218 851 4254 aarum
874 4194 1019 4274 adiuuant)
1037 4193 1103 4276 [Sic
1124 4195 1185 4254 edi·

110 4280 234 4362 deram]
267 4286 369 4354 Recte,
392 4285 506 4359 opinor,
520 4284 646 4352 Marsus,
659 4282 794 4351 Memmii,
808 4281 968 4338 Lambinus
991 4281 1185 4357 scripserunt:

109 4370 165 4425 alin
187 4372 273 4425 etiam.
319 4372 352 4426 ln
377 4387 448 4425 vera
470 4379 500 4425 et
521 4377 624 4443 aperta
647 4366 804 4443 partitione
828 4385 883 4423 nec
905 4365 1011 4425 Cicero
1033 4384 1087 4423 nec
1109 4366 1185 4423 alius

109 4454 263 4527 qnisquam
287 4453 523 4529 aliquis-nllus
545 4453 630 4522 dixit,
653 4452 746 4509 multo
769 4452 865 4509 minus
886 4454 958 4509 nlius
979 4451 1022 4526 (in
1045 4469 1103 4526 quo
1125 4450 1183 4508 iam
