3030 5086
279 469 343 534 742
671 487 716 532 nn
737 485 870 533 mmmm
892 487 964 532 sou.

280 655 537 735 disputationem
573 654 621 718 77.
644 654 721 718 illud
744 653 861 718 mihim
883 660 913 718 te
935 654 1061 720 nimium
1084 653 1269 723 festinanter
1292 654 1363 721 dlo-

276 765 345 822 tum
367 756 506 833 videtur,
530 756 689 835 sepientes
711 774 819 821 omnes
841 774 912 821 esse
934 775 1058 838 semper
1080 758 1198 823 beatos
1241 757 1362 822 Nescio

279 858 437 940 quomodo
461 857 705 939 praetervolavit
721 859 831 922 orntio.
865 860 958 938 Quod
973 859 1034 923 nisi
1050 859 1096 924 ite
1111 857 1252 938 efficium,
1275 876 1364 940 quse

280 960 517 1040 Theophrastus
544 960 584 1025 de
605 957 745 1038 fortune,
773 960 813 1024 de
834 960 957 1038 dolore,
985 962 1024 1025 de
1051 961 1193 1027 cruciatu
1209 960 1363 1042 'corporis

236 1061 367 1140 bdixit,
389 1079 459 1126 oum
479 1061 594 1141 quibus
617 1061 760 1141 coniungi
782 1062 877 1126 vitam
899 1067 1022 1137 besum
1045 1062 1130 1127 nullo
1152 1063 1244 1127 modo
1263 1079 1364 1145 posse

279 1165 410 1245 putsvit,
422 1181 541 1240 vereor,
553 1181 592 1228 ne
604 1181 678 1227 vere
695 1162 766 1227 sint
798 1163 879 1227 Nem
894 1162 969 1226 illud
980 1163 1182 1230 vehementer
1194 1172 1363 1246 repugnet,

278 1266 413 1329 eundem
435 1264 560 1328 beatum
583 1282 654 1327 esse
670 1273 702 1329 et
718 1264 823 1329 multis
839 1264 931 1328 melis
949 1283 1142 1345 oppressum.
1176 1266 1263 1332 Heec
1280 1285 1363 1348 quo·

279 1368 371 1430 modo
400 1364 599 1443 conveniant,
627 1384 688 1430 non
718 1384 793 1431 sene
818 1366 974 1446 intellego.
1024 1366 1138 1444 Utrum
1165 1368 1260 1449 igitur
1288 1366 1363 1447 tibi,

279 1469 392 1549 inquit,
416 1487 477 1532 non
499 1467 610 1549 placet,
633 1466 797 1530 virtutisne
820 1485 890 1531 esse
911 1475 1030 1532 tentem
1053 1469 1124 1548 vim,
1146 1475 1182 1534 ut
1202 1470 1245 1534 nd
1266 1469 1365 1534 bmte

222 1571 263 1636 10
280 1569 446 1633 vivendum
474 1586 508 1632 se
530 1569 600 1649 ipse
622 1574 769 1633 contente
789 1568 845 1646 sit,
873 1588 929 1646 sn,
960 1569 986 1634 si
1008 1569 1041 1634 id
1063 1570 1195 1651 probes,
1224 1568 1294 1635 ficri
1316 1569 1365 1634 ita

350 1777 372 1821 2.
391 1789 482 1834 semper
499 1773 582 1821 emeli
600 1787 689 1834 semper
708 1771 788 1821 om.C
824 1777 847 1818 3,
867 1789 913 1834 pno
932 1775 988 1836 (pro
1007 1773 1188 1837 quomodo)LP
1223 1774 1260 1823 ito
1277 1772 1365 1821 emb

282 1846 304 1892 b.
323 1841 416 1889 bonnm
434 1840 506 1889 otiam
526 1840 659 1889 Ll’cltcr.
701 1856 773 1902 posse
795 1839 883 1890 onul-
938 1846 960 1890 s.
980 1858 1008 1890 ne
1031 1842 1142 1891 namuh
1185 1850 1297 1906 repnpnet
1316 1839 1365 1889 lt?

282 1914 304 1957 7.
324 1926 374 1959 esse
392 1910 482 1957 beatum
502 1908 522 1958 C
545 1917 568 1956 et
585 1909 676 1957 beolmu
694 1924 744 1956 esse
763 1908 806 1958 Or.
852 1906 930 1956 multt'e
947 1909 1065 1959 modiell
1108 1928 1154 1974 quo
1174 1910 1217 1958 Ll’
1270 1915 1293 1959 9.
1313 1925 1365 1958 nort

278 1976 358 2042 planet
380 1976 454 2040 inquit
473 1976 562 2024 LPCR
614 1974 706 2025 virtutes
729 1980 780 2035 (om
812 1978 851 2041 re)
875 1976 965 2027 LPcrt
1016 1987 1107 2027 tontum
1131 1980 1176 2028 vim
1198 1995 1250 2028 esse
1269 1977 1365 2027 Ll’css

284 2049 321 2096 10.
342 2045 377 2095 t'ta
385 2045 447 2108 steri
464 2045 554 2094 erce

369 2220 418 2276 77.
442 2219 539 2276 Nescio
561 2215 706 2293 quonmdo)
729 2210 789 2291 Εξχ
810 2236 986 2291 omnesque,
1009 2219 1033 2275 si
1057 2219 1137 2275 credi
1159 2228 1266 2293 potest,
1291 2216 1366 2276 Gzii

281 2307 368 2362 nescio
390 2323 451 2377 quo.
474 2304 591 2377 dequo
614 2320 714 2358 errore
736 2301 798 2358 dixi
822 2302 858 2360 ed
881 2303 928 2372 11,
950 2304 999 2360 53.
1045 2303 1103 2361 Sed
1126 2303 1233 2362 Guium
1259 2302 1366 2359 melio·

282 2408 347 2446 rum
371 2389 501 2446 codicum
526 2387 729 2461 compendium
755 2404 812 2444 non
835 2387 1031 2455 intellexisse,
1054 2399 1144 2445 etex
1167 2388 1229 2447 Erl.
1253 2384 1299 2467 [et
1320 2383 1366 2467 B]

282 2485 406 2550 apparet
428 2482 458 2530 et
479 2492 496 2529 e
518 2473 582 2530 cod.
610 2473 700 2540 Mon,
727 2491 743 2529 e
766 2490 824 2546 qno
846 2472 942 2548 ipsum
966 2475 1098 2547 quomodo
1120 2482 1271 2537 enotntur,
1294 2491 1364 2529 eum

283 2558 434 2617 Victorius
464 2566 494 2615 et
521 2557 572 2614 alii
600 2558 699 2613 nescio
728 2557 778 2632 qui
806 2577 860 2632 quo
887 2558 1083 2633 scripsissent.
1128 2558 1270 2615 Proxime
1291 2566 1367 2614 ente

283 2645 383 2711 Mers,
401 2643 491 2707 Cret,
512 2643 588 2700 Vict.
606 2662 710 2718 semper
726 2662 783 2699 esse
799 2661 836 2699 ex
855 2643 887 2700 R
923 2643 1039 2701 Deinde
1056 2643 1086 2700 in
1104 2643 1203 2700 verbis
1220 2645 1295 2718 quod
1310 2645 1370 2700 nisi

282 2733 321 2786 itu
332 2731 448 2803 efficitur
464 2728 612 2803 quomodo
624 2731 661 2784 ita
673 2727 839 2802 pronomini
858 2730 932 2803 quod
942 2729 1166 2804 superaddetur,
1184 2728 1369 2803 perspicitur

283 2834 320 2871 ex
338 2815 384 2882 iis,
402 2833 477 2887 ques
495 2813 558 2870 dixi
576 2813 611 2868 ed
625 2813 666 2882 II,
684 2815 730 2870 17.
766 2813 907 2869 Davisius
924 2813 1110 2870 scribendum
1128 2814 1265 2888 putebat:
1288 2814 1370 2887 qood

279 2903 336 2958 misi
345 2902 376 2957 id
386 2901 510 2972 efficitur,
523 2897 625 2956 Gzius:
637 2901 676 2954 ita
687 2918 744 2955 esse
755 2900 878 2971 efficitur.
901 2895 988 2978 [Mox
1000 2903 1083 2957 vitam
1094 2900 1199 2956 beatam
1210 2899 1300 2955 etiam
1313 2893 1369 2977 Β.]

368 2987 480 3041 eundem
502 2985 606 3040 beorum
627 2982 698 3057 esse)
721 2982 772 3042 Sic
794 2994 862 3041 ente
880 2985 960 3041 Men.
985 2984 1119 3059 plerique
1139 2985 1251 3057 (Mete,
1270 2981 1369 3053 Oret,

283 3068 375 3141 Vict.)
398 3088 461 3130 nee,
485 3078 517 3125 ut
539 3068 653 3143 opinor,
678 3068 789 3125 minore
812 3086 956 3126 consensu
979 3063 1284 3150 cndioss([B,]l⁴2}1),
1308 3067 1369 3125 etsi

283 3155 373 3211 ceteri
386 3155 514 3211 editores
527 3153 691 3210 Manutinm
704 3154 786 3210 taciti
799 3163 969 3228 sequnntur.
1004 3155 1064 3211 Pro
1076 3156 1154 3211 molis
1165 3154 1253 3210 etism
1265 3150 1307 3233 [Β
1320 3149 1370 3233 et]

283 3259 342 3314 mg.
367 3238 447 3297 Cret.
470 3241 570 3306 modis,
599 3248 632 3295 ut
659 3238 688 3294 id
716 3239 746 3295 in
775 3238 908 3295 codicum
938 3239 1091 3296 meliorum
1116 3239 1247 3315 principe
1270 3238 1379 3296 fuisse

281 3336 434 3401 epperest.
485 3323 543 3383 Sed
577 3323 663 3398 longe
692 3323 778 3380 sliter
806 3323 919 3381 Ennius
948 3331 1036 3399 poete
1062 3323 1180 3381 dixerat
1201 3324 1269 3397 (IV,
1296 3324 1369 3399 62):

283 3411 446 3466 rotdtimodis
463 3429 522 3465 sum
538 3411 740 3478 circumventus,
762 3410 853 3466 morbo
868 3419 925 3467 cet.
960 3409 1018 3466 Hic
1040 3409 1184 3466 melorum
1206 3418 1236 3465 et
1259 3410 1371 3467 beatae

283 3495 363 3551 vitse
380 3512 539 3551 concursus
556 3494 722 3550 necessario
739 3494 857 3550 nomine
868 3494 934 3569 ipso
945 3494 1105 3570 significari
1117 3494 1213 3551 debet.
1246 3494 1372 3552 Deinde

283 3583 386 3654 inquit,
415 3600 465 3636 nou
486 3582 576 3653 placet
598 3589 626 3634 et
649 3598 706 3636 esse
728 3589 830 3636 tentam
852 3583 904 3636 vim
932 3590 962 3636 et
976 3582 1043 3652 fieri
1062 3583 1101 3636 ita
1124 3578 1218 3637 Gnins
1240 3597 1278 3635 ex
1302 3568 1369 3637 nrt.

282 3673 315 3722 et
336 3664 415 3739 Spir.
434 3660 488 3743 [B]
509 3664 598 3726 dedit,
622 3681 686 3720 cum
711 3664 787 3721 alins
810 3664 882 3721 ordo
905 3675 1000 3740 esset,
1023 3666 1184 3739 qmbusdam
1207 3666 1286 3721 omlis
1309 3683 1370 3740 ego

283 3769 322 3807 ex
341 3749 404 3807 Erl.
430 3746 475 3829 [et
497 3745 546 3827 Bl.
593 3750 666 3806 Post
693 3753 799 3807 virtutis
821 3750 996 3824 perticulam
1019 3771 1051 3806 ue
1073 3749 1167 3807 Gzius
1190 3749 1304 3807 eddidit
1325 3768 1370 3808 ex

283 3835 394 3893 eisdem
418 3835 568 3891 codicibus
591 3843 621 3890 et
643 3834 687 3890 ed.
711 3835 792 3893 Crat.
838 3835 943 3909 Neque
966 3845 1062 3892 temen
1088 3846 1176 3892 ulrum
1201 3867 1239 3878 -
1261 3854 1295 3892 ne
1317 3835 1371 3893 bic

284 3939 322 3977 ex
356 3920 518 3976 abundanti
552 3919 753 3995 coniungitur,
787 3919 837 3977 sed
871 3921 1037 3995 pronomini
1066 3924 1168 3992 (ulrum
1202 3941 1216 3977 e
1248 3921 1371 3994 dnobus)

284 4005 389 4062 deinde
413 4005 598 4062 subiciuntur
620 4005 700 4079 ipsse
724 4024 770 4061 res
793 4004 950 4075 diiunctae,
974 4007 1087 4076 eodem,
1111 4024 1170 4080 qno
1193 4024 1247 4062 nos
1270 4005 1373 4080 loqui·

285 4109 358 4158 mur,
383 4090 484 4158 m0d03
508 4089 577 4148 Gzii
600 4099 630 4146 et
652 4090 777 4147 eliorum
801 4109 929 4147 errorem
948 4092 1032 4167 attigi
1051 4092 1080 4148 in
1099 4090 1266 4148 Emendntt
1285 4091 1372 4148 Tull.

285 4195 313 4250 p.
328 4178 398 4234 164.
428 4172 502 4255 [Sed
519 4176 643 4232 alterum
663 4176 835 4241 membrum,
854 4176 932 4250 quod
950 4177 1069 4252 proprie
1086 4176 1129 4234 sic
1141 4176 1211 4253 poni
1223 4176 1371 4234 debebntt

284 4281 328 4330 err,
345 4262 411 4333 fieri
423 4281 511 4336 posse,
535 4271 564 4317 ut
579 4269 645 4330 eet,
669 4260 773 4319 Cicero
791 4261 921 4318 seiunxit
937 4262 1038 4319 addito
1055 4281 1132 4319 novo
1150 4263 1241 4320 verbo
1257 4264 1372 4336 (nepas)

285 4353 316 4402 et
333 4345 451 4420 plenius
468 4341 591 4423 posuit]
614 4346 770 4403 Postremo
787 4346 816 4401 in
835 4347 895 4404 his:
919 4348 981 4420 Epo
996 4367 1059 4405 oero
1075 4351 1132 4405 volo
1145 4355 1201 4404 cet.
1218 4347 1373 4406 omittitur

285 4433 395 4506 inquom
418 4441 448 4488 et
470 4433 574 4488 iterum
599 4435 613 4500 §
632 4431 687 4488 83:
711 4431 805 4487 Nibr'lo
826 4432 967 4490 beatiorem
989 4442 1045 4491 cet.
1081 4433 1150 4491 Vid.
1172 4432 1211 4490 sd
1228 4433 1272 4502 11,
1291 4433 1322 4493 8.
