3030 5086
389 539 433 582 oc
456 537 587 584 oiscssus
611 538 683 583 Bou.
706 539 749 583 ΕΤ
774 538 853 583 unc.
877 539 939 584 ms.
962 539 1005 584 111.
1173 521 1236 586 339

160 702 333 780 verborum,
360 726 422 768 uon
448 725 552 767 rerum
579 709 730 768 certamen
756 724 815 768 esse
841 705 978 780 dmimet,
1005 710 1034 768 et
1056 705 1183 783 scucos,
1211 706 1237 769 si

159 805 319 868 verborum
349 806 535 885 splemlorem
567 827 601 871 re
626 807 769 886 persequi
796 805 917 883 vellent,
950 806 984 869 in
1009 805 1184 888 Pyrrhonis
1210 812 1238 872 el

160 907 314 972 Aristonis
329 908 556 993 nto-tundere,
572 914 607 972 ut
623 928 727 972 rerum
737 906 919 972 selectionem
934 914 963 973 ct
977 909 1078 989 ipsam
1095 909 1235 972 virtutem
1293 922 1297 927 ·

160 1009 302 1086 tollerent,
331 1008 486 1086 Catonem,
509 1015 545 1072 ut
571 1009 743 1074 Cicermocm
764 1031 827 1073 uon
848 1015 925 1074 recte
946 1010 1081 1074 iudicare
1102 1011 1234 1076 cumae

158 1116 214 1187 ret,
236 1117 332 1174 totam
352 1111 484 1175 Zenonis
499 1111 728 1192 Stoicorumque
742 1113 922 1176 senentiam
943 1111 1095 1191 explicare
1116 1132 1234 1194 aqqrcs-

158 1232 227 1275 sum
254 1233 314 1276 esse
341 1219 385 1294 (c.
409 1217 523 1296 3-4).
580 1212 633 1276 Ea
665 1212 823 1293 explicatio
850 1213 1021 1278 huiusmodi
1047 1220 1106 1278 est:
1140 1213 1235 1277 Omuc

159 1313 285 1390 animal,
307 1313 398 1377 nmul
418 1319 511 1394 atq-ue
531 1320 641 1378 natum
663 1321 715 1392 est,
736 1335 767 1378 se
788 1335 965 1380 corusaoare
985 1316 1084 1381 mmet
1099 1321 1127 1378 et
1144 1335 1234 1380 sunm

158 1421 287 1491 statum,
321 1436 458 1496 quaeque
485 1416 549 1479 cius
574 1422 673 1480 status
699 1419 911 1481 cmmemantia
937 1423 1023 1494 suut,
1056 1416 1170 1498 atqu*
1200 1417 1235 1480 in

158 1517 322 1608 hunchuc,
345 1537 423 1598 quas
443 1523 560 1581 natura
576 1520 699 1597 primas
720 1520 844 1598 appetit,
865 1519 1006 1599 oohtptas
1026 1539 1089 1581 nou
1110 1523 1170 1594 cst,
1192 1522 1237 1582 ast

157 1620 315 1701 inteqn‘tas
331 1620 465 1698 corporis
480 1619 600 1700 eiusque
615 1621 760 1698 partium,
778 1641 882 1684 rerum
901 1621 1080 1703 coqnitiones
1096 1624 1236 1700 amesque

159 1722 203 1801 (c.
229 1722 278 1802 5).
336 1718 414 1782 (hom
440 1721 532 1802 iqitur
558 1721 638 1784 aliae
664 1742 711 1785 res
737 1721 935 1786 aestimabiles
961 1723 1037 1799 siut,
1070 1721 1153 1803 qnod
1178 1724 1235 1784 aul

157 1823 321 1886 secumlum
348 1827 496 1884 naturam
524 1828 595 1885 sum
628 1828 685 1886 aut
712 1823 771 1886 tale
798 1823 872 1904 quil
899 1823 1047 1903 efficiunt,
1081 1822 1161 1886 aliae
1186 1822 1234 1884 iu-

157 1923 364 1998 aesiimahilas,
387 1943 466 2004 quoe
485 1922 545 1986 illis
566 1925 739 1989 contrariae
753 1931 834 2002 sunt,
858 1924 927 1988 illae
944 1930 1046 1988 autem
1062 1923 1234 2001 mmmdcc,

158 2026 215 2087 hae
235 2025 401 2088 rancidae
421 2026 490 2102 siut
506 2027 646 2104 primum
668 2032 712 2091 est
727 2027 861 2107 officium
876 2046 908 2090 se
924 2046 1107 2102 conseruare,
1129 2025 1235 2089 dmum

157 2127 275 2208 seliqcre
296 2148 341 2202 ea,
364 2147 443 2206 quac
457 2128 622 2190 secundum
637 2133 787 2191 naturam
801 2129 872 2205 sint,
894 2133 923 2191 ct
937 2129 1046 2192 reicere
1061 2116 1234 2203 obuncum

157 2248 225 2290 mim
252 2234 354 2291 autem
380 2227 435 2290 hoc
456 2234 629 2292 constanter
655 2235 683 2292 et
709 2235 841 2292 naturae
863 2230 1069 2293 conomueuter
1088 2229 1140 2309 ht,
1168 2233 1234 2292 tum

157 2330 276 2392 dunum
297 2329 424 2410 iutelleqi
446 2331 560 2409 incipit,
582 2331 657 2411 quid
676 2332 716 2396 sit
736 2332 857 2408 bonum
880 2337 908 2394 et
928 2331 983 2394 hoc
1004 2333 1105 2410 mum
1121 2331 1231 2394 adesse.

159 2431 244 2493 Nam
276 2430 333 2494 hac
365 2432 433 2510 ipsa
460 2433 663 2495 conuenientia
694 2431 851 2496 honestum
878 2433 1059 2509 contincmr,
1093 2431 1175 2512 quod
1205 2435 1234 2493 ct

157 2552 310 2596 summum
332 2538 361 2621 et
380 2554 477 2595 unum
494 2533 604 2597 bomon
621 2539 664 2597 est
680 2539 706 2596 et
722 2533 818 2598 solnm
831 2539 957 2614 propter
972 2554 1003 2597 sc
1018 2533 1233 2613 eupatorium

151 2634 261 2712 prima
278 2638 379 2695 auteur
397 2639 529 2697 naturae
545 2656 607 2698 non
619 2641 748 2715 proptor
762 2656 793 2699 se
808 2636 974 2715 expetenda
990 2641 1071 2711 sunt,
1089 2640 1118 2698 et
1132 2640 1235 2698 tamen

159 2736 264 2798 omnio
286 2736 388 2815 officia
416 2736 455 2798 ab
482 2737 519 2800 iis
540 2737 776 2816 proficiscuntur
799 2739 819 2817 (
820 2758 843 2800 c.
868 2741 888 2798 6
888 2740 918 2819 ).
962 2736 1117 2817 Appetitio
1138 2736 1235 2799 omioni

158 2857 221 2899 uon
242 2838 285 2900 acl
306 2838 432 2919 quodvis
452 2839 532 2900 vitae
546 2859 649 2919 ponus,
670 2838 722 2902 scol
736 2838 779 2899 ao
795 2839 954 2918 quandam
968 2838 1102 2918 sormam
1117 2837 1236 2901 moenai

158 2939 234 3002 doto
256 2945 307 3015 est,
329 2940 458 3019 itemque
479 2940 568 3015 ratio,
590 2946 625 3002 ut
647 2940 689 3002 acl
703 2939 873 3019 perfectam
894 2940 1060 3015 rationem,
1083 2959 1162 3020 quac
1182 2958 1233 3003 sa·

156 3042 271 3124 pientia
299 3047 326 3103 ct
352 3042 448 3104 virtus
475 3046 530 3117 ost,
552 3042 762 3119 perveniatur.
812 3041 988 3120 Sapientiae
1013 3041 1155 3103 ultimm
1182 3045 1234 3116 est,

156 3163 217 3204 nou
241 3142 359 3223 aliquid
380 3149 469 3205 entra
490 3163 520 3205 sc
542 3143 671 3223 efficere,
699 3142 751 3205 sed
776 3143 844 3222 ipsa
865 3143 958 3218 actio,
986 3147 1028 3218 cl,
1057 3141 1137 3222 quod
1156 3145 1234 3204 recte
1346 3131 1348 3134 Α

155 3242 272 3322 sactum
295 3250 345 3320 cst,
369 3245 400 3306 iol
421 3264 522 3308 currus
544 3244 664 3307 virtutis
685 3263 827 3307 nuruems
847 3244 879 3306 in
901 3263 932 3307 se
950 3245 1088 3307 continet.
1131 3242 1234 3306 Virtus

156 3351 259 3407 autem
275 3346 369 3407 tenui
384 3365 446 3408 uon
457 3351 566 3424 potest,
582 3346 643 3408 uisi
659 3349 825 3421 statuatur,
842 3344 918 3408 nihil
934 3367 1001 3423 csse,
1018 3345 1101 3427 quod
1115 3343 1234 3408 intersit

156 3452 212 3507 out
228 3446 350 3523 differat
367 3447 453 3509 aliud
467 3448 506 3509 ab
522 3446 583 3511 alio
597 3448 678 3528 (quo
694 3448 805 3510 honum
821 3453 878 3510 aut
893 3447 1010 3509 malum
1025 3447 1095 3535 sit),
1108 3450 1233 3524 praeter

155 3546 281 3608 lonasto
308 3552 334 3608 et
363 3549 475 3626 turpia.
500 3548 610 3629 ltaque
631 3550 782 3629 sapientes
804 3568 905 3612 ornnes
925 3567 1040 3628 suuper
1061 3548 1139 3610 beati
1160 3551 1232 3610 suut

156 3649 201 3728 (c.
220 3650 270 3728 7).
307 3649 395 3727 Quod
415 3654 518 3711 autem
540 3656 635 3713 totam
656 3649 846 3728 disciplinam
869 3651 1011 3725 continet,
1039 3649 1121 3731 quod
1141 3648 1231 3710 hone-

155 3754 236 3812 stum
264 3751 317 3824 sit,
350 3750 382 3811 io
410 3770 470 3812 esse
496 3750 592 3812 solum
619 3751 743 3826 bonum,
776 3751 808 3812 iel
834 3751 968 3814 bucrilus
994 3750 1177 3831 quibuisdam
1204 3754 1232 3811 et

157 3852 255 3913 amitis
272 3852 439 3914 Stoicorum
456 3851 625 3914 ratimiihus
641 3851 838 3926 concluditur,
860 3873 938 3932 quac
959 3872 997 3914 erc
1017 3871 1050 3914 co
1067 3852 1231 3927 humour,

159 3953 240 4032 quod
262 3954 373 4015 hotrum
395 3951 546 4014 locridahilc
567 3957 609 4013 est
629 3958 658 4014 ct
679 3953 766 4014 lucta
788 3952 852 4013 m'ta
871 3951 1048 4032 qlon'atione
1069 3953 1175 4033 (lpum,
1203 3958 1232 4016 ct

157 4054 236 4132 quocl
256 4054 347 4131 fortis
368 4056 416 4116 uir
436 4053 524 4116 olitm
545 4073 606 4116 asse
626 4073 688 4116 nou
697 4057 798 4133 potest
814 4053 858 4133 (c.
875 4055 927 4134 8).
962 4052 1026 4115 Nec
1042 4057 1143 4116 tamen
1153 4074 1230 4133 pro-

157 4154 248 4216 haruli
269 4161 341 4217 sunt
362 4155 405 4216 illi
420 4155 607 4235 philosophi,
630 4157 683 4236 qui
703 4157 746 4218 sic
766 4175 918 4218 summum
941 4154 1051 4217 hautun
1072 4155 1105 4216 iu
1127 4156 1231 4218 animo

153 4261 337 4334 posmrunt,
362 4262 396 4318 ut
417 4257 536 4319 ncillam
557 4279 660 4321 rarum
681 4256 881 4336 differentiam
903 4276 963 4320 osso
984 4257 1129 4334 elicerent·
1154 4277 1231 4319 uam

155 4357 189 4418 in
210 4357 360 4420 selectione
381 4380 488 4420 earu-ru
509 4381 621 4436 rerum,
645 4379 725 4440 quae
745 4363 818 4421 sunt
839 4358 1003 4421 sectandum
1022 4363 1179 4436 naturam,
1202 4363 1230 4421 el

975 4479 1024 4525 oc*
