3030 5086
518 512 691 562 excursus
713 514 748 560 1v
769 512 813 559 aa
835 512 866 559 v.
1159 492 1217 558 82s

159 690 183 747 si
217 707 364 765 perpauca
398 687 583 756 mutavisset,
613 687 843 760 pmneniesimum
877 684 994 742 Stoicam
1025 682 1116 741 fuisse
1149 682 1224 757 (Cic.

157 775 252 833 Aced.
275 774 322 843 ll,
348 773 434 847 132),
458 782 490 830 ut
513 773 586 831 nihil
608 771 713 828 mirum
735 770 787 840 sit,
810 768 983 844 discipulum
1008 768 1070 826 eius
1093 769 1224 827 multae

159 859 266 920 Stoicis
288 859 380 936 petita
401 857 559 934 protulisse
581 864 729 915 ettamen
752 866 781 912 et
803 855 859 912 sibi
878 864 908 911 et
924 854 1060 914 Ciceroni
1076 855 1105 912 in
1124 864 1224 912 vetere

159 944 321 1004 Academia
348 943 481 1001 habitare
509 943 604 1000 visum
638 959 711 1000 esse.
761 939 830 997 Non
858 940 957 1014 attigit
983 940 1060 997 huno
1087 939 1224 998 Muelleri

158 1048 295 1098 errorem,
318 1029 368 1104 qui
391 1028 558 1104 opinionem
581 1027 644 1085 eius
666 1026 702 1083 de
723 1024 819 1083 forme
841 1024 938 1099 operis
961 1025 1139 1083 varroniani
1161 1025 1224 1082 iure

158 1114 349 1190 impugnavit.
372 1114 406 1171 L.
429 1107 628 1190 Spengelius.]

158 1655 184 1714 l.
226 1651 283 1718 DE
311 1651 470 1719 ORDINE
497 1651 645 1718 RERUM
672 1650 718 1718 IN
744 1651 872 1718 LIBRO
900 1650 1056 1717 TERTIO
1082 1651 1137 1716 ET
1164 1650 1221 1716 DE

309 1752 524 1820 DIVISIONE
546 1746 730 1820 ETHICAE
754 1753 868 1820 APUD
890 1751 1071 1832 STOICOS.

615 1927 766 1935 ——-

242 2044 387 2119 Quoniam
411 2046 466 2123 ipsi
491 2046 582 2105 Stoici
604 2047 821 2123 gloriabantur,
843 2046 1045 2104 admirabilem
1068 2062 1132 2102 esse
1154 2062 1234 2102 suaa.

157 2130 329 2205 disciplinae
351 2131 592 2206 compositionem
615 2142 644 2189 et
666 2151 762 2190 rerum
785 2132 932 2203 ordinem,
960 2131 990 2188 in
1018 2130 1098 2188 omni
1125 2138 1223 2188 autem

157 2227 292 2273 accurate
315 2216 474 2274 constituta
495 2216 651 2293 disciplina
678 2216 721 2275 ita
747 2235 897 2275 connexae
924 2225 992 2274 sunt
1014 2215 1163 2286 notiones,
1191 2223 1225 2273 ut

156 2301 193 2358 ad
215 2319 315 2358 aarum
337 2301 567 2379 intellegentiam
590 2302 712 2360 multum
735 2302 865 2372 intersit,
892 2300 1023 2378 legitimo
1050 2319 1101 2358 eas
1123 2299 1224 2358 ordine

157 2387 280 2462 exponi,
308 2404 366 2443 non
395 2386 458 2444 sine
479 2404 570 2446 causa
591 2387 773 2462 quaerimus,
802 2405 921 2461 ecquam
945 2386 1048 2446 Cicero
1070 2386 1100 2442 in
1123 2403 1223 2443 eorum

156 2471 308 2530 sententiis
330 2471 514 2547 explicandis
535 2473 628 2547 ipsius
649 2473 767 2530 scholae
789 2473 894 2530 seriem
916 2482 946 2529 et
969 2471 1108 2529 materiae
1127 2470 1225 2546 dispo·

156 2557 279 2614 nendae·
291 2556 385 2633 legem
407 2567 525 2615 secutus
547 2558 599 2627 sit;
627 2556 716 2632 idque
737 2576 773 2615 eo
795 2557 887 2634 magis
909 2555 1075 2614 faciendum
1098 2555 1223 2628 videtur,

157 2642 235 2717 quod
257 2641 314 2717 ipsi
336 2660 466 2717 quoque,
495 2642 550 2700 etsi
578 2643 614 2699 de
636 2652 699 2700 tota
720 2641 815 2700 forma
837 2660 895 2699 non
917 2642 1106 2718 ambigimus,
1134 2659 1223 2699 unum

155 2737 253 2785 tamen
282 2735 312 2784 et
337 2727 463 2784 alterum
490 2728 600 2785 satisne
629 2727 781 2785 commodo
809 2728 875 2785 loco
904 2728 1010 2785 ceteris
1039 2726 1224 2784 interiectum

156 2822 248 2881 esset,
277 2830 330 2870 nos
357 2812 492 2870 dubitare
513 2813 757 2889 significavimus,
785 2822 815 2870 et
841 2830 935 2888 nuper
956 2812 1002 2870 vir
1023 2813 1126 2870 doctus
1148 2829 1225 2868 nova

156 2897 298 2972 quaedem
327 2898 363 2954 de
391 2897 563 2972 disciplinae
584 2898 698 2955 ethicae
721 2897 886 2958 Stoicorum
910 2897 1054 2956 divisione
1076 2907 1106 2955 et
1127 2896 1225 2972 dispo·

158 2983 263 3040 sitione
286 2969 387 3041 eruere
410 2992 440 3040 et
461 2983 516 3040 hoc
539 2983 602 3058 ipso
625 2983 701 3041 libro
723 2984 895 3041 confirmare
917 2993 1039 3041 conatus
1062 2992 1114 3040 est.

244 3069 291 3126 Ac
313 3067 454 3144 primum,
484 3069 621 3142 quoniam
645 3077 711 3145 post
733 3068 895 3138 Zenonem,
923 3069 973 3142 qui
995 3067 1225 3142 summas-leges

159 3171 193 3211 ac
216 3147 373 3229 praecepta
394 3153 538 3219 ediderat,
566 3153 736 3229 discipline,
764 3154 831 3211 dum
855 3154 893 3210 ab
915 3153 1092 3212 adversariis
1113 3171 1226 3229 oppug-

158 3247 252 3302 natur,
275 3239 313 3295 ab
335 3238 408 3315 ipsis
419 3238 527 3298 Stoicis
550 3238 725 3311 defenditur,
749 3257 806 3297 non
829 3240 925 3298 solum
941 3238 1061 3297 uberius
1077 3239 1225 3314 explicata

157 3336 202 3382 est
224 3324 381 3399 multisque
409 3325 542 3401 partibus
563 3325 696 3401 expleta,
725 3325 775 3383 sed
804 3325 892 3383 etiam
922 3325 1056 3383 notiones
1082 3324 1225 3400 quaedem

158 3427 215 3466 non
238 3409 280 3466 ita
301 3409 406 3467 leviter
427 3410 567 3481 inflexae,
595 3420 731 3487 apparet,
754 3410 831 3468 inter
852 3410 1085 3485 antiquissimam
1108 3427 1226 3483 compo·

158 3494 293 3552 sirionem
317 3504 405 3570 atque
427 3514 500 3564 eam,
524 3514 599 3570 quae
622 3496 748 3555 maxime
770 3505 838 3573 poet
860 3494 1055 3573 Chrysippum
1078 3494 1149 3565 luit,
1172 3493 1226 3550 ali·

157 3591 298 3655 quantum
321 3580 461 3638 interesse
484 3581 628 3639 debuisse.
661 3582 762 3658 ipsum
779 3591 876 3639 autem
895 3580 1101 3658 Chrysippum,
1124 3598 1225 3655 quam·

157 3683 244 3739 quam
267 3683 368 3723 omnes
390 3675 488 3741 partes
510 3667 591 3742 ipsas
607 3666 723 3724 videtur
739 3667 935 3736 constituisse,
958 3675 1065 3733 tamen,
1088 3665 1225 3740 quoniam

158 3750 317 3825 praecipua
344 3751 442 3825 capita
469 3751 665 3828 particulatim
688 3752 840 3823 tractavit,
870 3771 928 3810 non
956 3769 1070 3810 omnem
1099 3750 1225 3808 ethicam

160 3834 344 3911 disciplinam
361 3836 499 3894 continua
515 3837 673 3913 scriptione
690 3838 920 3914 comprehendit,
943 3855 1030 3894 unam
1053 3835 1136 3910 quasi
1153 3835 1225 3912 legi·

160 3920 260 3978 timam
288 3921 378 3979 totius
405 3921 577 3997 disciplinae
604 3922 825 3998 dispositionem
848 3922 1000 3993 habuisse,
1028 3929 1139 3980 certum
1167 3940 1225 3978 non

158 4014 212 4065 cst.
258 4004 316 4064 Sed
345 4016 442 4064 tamen
469 4007 535 4084 ipsa
557 4007 706 4066 notionum
730 4017 834 4066 natura
857 4017 886 4066 et
907 4006 1044 4084 cognatio
1067 4007 1225 4082 eademque

159 4109 209 4147 eas
236 4092 274 4148 ab
302 4091 415 4169 origine
442 4092 593 4170 repetendi
616 4093 811 4151 attrectandi
834 4094 909 4151 ratio
931 4111 1113 4151 communem
1137 4108 1226 4168 quen·

159 4175 224 4232 dam
247 4177 326 4252 apud
348 4178 425 4235 huno
447 4189 476 4236 et
498 4196 557 4247 eos,
581 4179 630 4253 qui
653 4188 720 4255 post
742 4198 807 4236 eum
830 4178 964 4249 fuerunt,
987 4179 1119 4237 ordinem
1142 4196 1226 4253 prae·

158 4260 309 4336 cipuarum
332 4263 458 4339 partium
482 4262 614 4321 effecisse
637 4263 766 4335 videtur,
795 4282 860 4322 eum
884 4264 1056 4341 praesertim
1079 4263 1125 4334 id,
1148 4263 1227 4338 quod

159 4346 330 4404 varietatem
353 4345 458 4405 afferre
479 4358 604 4424 poterat,
627 4368 693 4406 raro
716 4350 793 4426 apud
816 4349 870 4408 hos
891 4349 1001 4408 iactum
1024 4349 1171 4419 videatur,
1194 4357 1228 4406 ut

158 4431 282 4490 ethicam
315 4433 352 4490 ad
385 4452 498 4492 summe
531 4434 675 4511 principia
707 4452 847 4494 revocare
883 4445 912 4492 et
945 4453 1009 4494 cum
1043 4434 1165 4512 physica
1197 4443 1227 4492 et
