3030 5086
245 448 288 513 50
337 468 344 479 ·
647 464 692 510 us
715 466 846 514 rmruus
868 468 941 515 sou.

252 633 395 711 maxime,
418 633 501 714 quod
522 629 596 713 ipsa
620 642 741 710 natura,
764 644 798 701 ut
819 635 863 700 ait
885 635 945 713 illo,
969 636 1083 700 sciscat
1104 645 1136 701 et
1157 634 1284 715 probet,
1305 631 1341 697 id

252 741 315 813 est,
343 735 534 816 voluptatem
562 740 594 798 et
616 736 766 801 dolorem.
812 738 862 801 Ad
882 737 973 815 haec,
1002 747 1034 802 et
1060 756 1143 819 quae
1163 752 1341 818 sequamur

253 843 287 901 et
308 856 389 916 quae
412 836 576 918 fugiamus,
599 837 697 902 refert
718 840 831 903 omnia.
865 840 954 916 Quod
971 858 1160 920 quamquam
1181 834 1338 918 Aristippi

146 933 152 949 “
255 949 303 1002 est
335 957 355 1002 a
383 937 624 1020 Cyrenaicisque
650 940 760 1004 melius
789 941 976 1022 liberiusque
1003 941 1195 1017 defenditur,
1227 948 1339 1004 tamen

215 1041 405 1106 baiusmodi
433 1059 503 1105 esse
530 1040 649 1106 iudico.
679 1050 714 1105 ut
743 1041 816 1105 nihil
844 1042 966 1107 homine
994 1043 1137 1108 videatur
1163 1039 1337 1131 indignius.

253 1143 304 1207 Ad
327 1141 447 1206 maiora
469 1144 550 1207 enim
568 1145 721 1223 quaedam
741 1163 798 1207 nos
816 1153 930 1207 natura
946 1144 1054 1225 genuit
1070 1150 1102 1208 et
1118 1142 1338 1217 conformavit,

252 1250 289 1309 nt
315 1243 390 1308 mihi
419 1244 542 1325 quidem
570 1245 702 1309 uidetur.
748 1246 792 1308 Ac
820 1245 888 1310 lieri
916 1252 1035 1326 potest,
1061 1253 1098 1309 ut
1125 1263 1239 1323 errem;
1275 1243 1340 1307 sed

253 1344 297 1408 ita
319 1363 450 1425 prorsus
473 1345 632 1424 existimo,
655 1365 755 1426 neque
778 1365 849 1410 eum
871 1346 1079 1427 Torquatum,
1108 1347 1161 1428 qui
1183 1346 1242 1411 hoe
1265 1346 1336 1427 pri-

253 1464 322 1511 mus
344 1464 515 1527 cognomen
537 1448 668 1527 invenit,
696 1458 751 1511 aut
773 1456 915 1527 torquem
937 1448 1021 1512 illum
1044 1447 1126 1513 hosti
1148 1448 1338 1524 detraxisse,

326 1655 345 1697 l.
374 1650 480 1699 arctarat
504 1651 591 1700 LCOr.
646 1651 752 1715 reprobet
770 1651 887 1700 LbeOr.
943 1650 993 1718 [ide
1011 1649 1040 1719 Α]
1065 1650 1124 1701 idem
1148 1650 1292 1715 uoluptatem
1310 1648 1336 1698 Ε

254 1723 275 1764 2.
296 1727 318 1766 et
336 1728 394 1767 ante
412 1718 516 1767 dolorem
534 1735 582 1768 om.
602 1720 624 1767 11
660 1725 683 1767 3.
703 1735 846 1782 quostquam
864 1720 943 1767 omnia
963 1721 1038 1768 Arist.
1056 1719 1076 1767 L
1119 1725 1142 1767 5.
1160 1719 1293 1769 cuiusmodi
1310 1718 1336 1766 Ε

254 1789 277 1834 6.
291 1787 476 1850 confimauitll
512 1787 604 1850 lqar'd
616 1789 637 1836 E
674 1792 696 1838 8.
713 1804 741 1837 aa
760 1788 818 1836 entim
838 1792 895 1851 (pro
913 1805 986 1851 seque
1004 1788 1098 1852 eamlss
1123 1788 1237 1851 primt'sE
1262 1786 1337 1852 prius

253 1854 274 1902 1.
311 1860 325 1903 9
353 1856 509 1919 coqnict'ouem
528 1860 583 1920 ipro
602 1858 737 1920 coprromen)
757 1857 777 1902 ll
814 1856 925 1905 inverterit
947 1854 1160 1922 [elevaremus.

256 2028 374 2085 turbata
401 2040 478 2085 sunt.
522 2028 648 2086 Videtur
677 2028 781 2087 Cicero
810 2030 935 2097 dixisse,
966 2029 1124 2104 Epicurum
1154 2028 1335 2087 sententiam

255 2131 339 2170 suam
362 2132 397 2170 eo
420 2114 609 2178 confirmare,
633 2115 711 2187 quod
735 2115 810 2171 idem
835 2125 941 2171 natura
963 2114 1101 2171 scisceret
1124 2132 1158 2171 ac
1180 2114 1336 2189 probaret,

256 2198 391 2255 traducto
424 2199 615 2255 similitudine
649 2201 780 2256 actuandi
807 2201 908 2258 verbo.
962 2198 1069 2257 Cetera
1101 2218 1159 2256 non
1193 2198 1334 2274 expedio.

254 2282 393 2360 [Frustra
405 2282 552 2341 Graserns
570 2285 599 2345 in
618 2295 835 2359 programmate
844 2285 992 2359 gymnasii
1005 2283 1194 2342 anenensis
1205 2302 1232 2339 a.
1248 2284 1333 2341 1847

253 2389 282 2443 p.
306 2373 318 2426 1
340 2387 403 2442 sqq.
427 2370 580 2425 ostendere
603 2380 725 2425 conatus
749 2381 807 2429 est.
838 2370 911 2426 nihil
941 2369 1100 2437 excidisse,
1130 2369 1185 2426 etsi
1208 2370 1335 2427 Baitero

254 2451 406 2510 satisfecit.
451 2455 527 2510 Nam
552 2472 605 2509 nec
632 2465 700 2529 post
728 2455 780 2510 illa
807 2455 835 2511 in
866 2460 880 2524 ξ
908 2456 960 2510 17:
990 2456 1130 2529 I'riacnpt'o
1157 2458 1184 2511 in
1207 2456 1336 2530 phynicia

254 2548 284 2595 et
306 2538 335 2594 in
360 2543 375 2608 ξ
399 2539 454 2594 22ε
484 2540 544 2595 Iam
567 2547 593 2594 in
616 2542 702 2595 ultera
724 2551 780 2597 cet.
810 2541 851 2596 sic
874 2540 987 2596 occulte
1009 2540 1129 2596 transiri
1151 2539 1188 2596 ad
1210 2539 1332 2597 tertiam

254 2634 367 2698 partem
392 2633 509 2698 poterat
531 2625 675 2698 longeque
694 2624 812 2682 diversa
833 2634 879 2681 est-
895 2625 971 2681 ratio
989 2624 1179 2681 brevissimae
1197 2625 1278 2682 illius
1300 2624 1335 2681 in

254 2710 322 2778 §26
346 2709 554 2783 percursionis,
578 2720 605 2765 et
629 2710 692 2784 ipse
715 2710 787 2766 ordo
804 2713 959 2766 verborum
977 2710 1130 2784 (confimat
1145 2720 1231 2766 autem
1249 2711 1335 2781 illuni)

254 2793 383 2852 ostendit
400 2812 457 2849 non
475 2795 512 2850 ad
530 2812 635 2851 novam
654 2814 714 2851 rem
733 2795 780 2851 hic
797 2795 915 2851 transiri
933 2794 1067 2865 (dixisset
1091 2795 1194 2851 saltem
1208 2794 1333 2853 Cicero:

254 2878 394 2935 Snnsmnm
415 2889 504 2936 aretas
526 2880 620 2935 bonum
642 2881 802 2954 cmrfimrrnt),
825 2880 876 2937 sed
899 2880 982 2954 pergi
1005 2880 1034 2935 in
1058 2879 1188 2936 eiusdem
1212 2880 1256 2937 rei
1277 2898 1333 2937 ex·

254 2963 414 3039 positione.
445 2974 475 3020 et
497 2965 671 3039 pravissime
694 2965 801 3021 dicitnr
824 2965 970 3039 Epicurus
992 2967 1151 3037 confirmare
1177 2964 1222 3035 id,
1251 2964 1333 3039 quod

253 3058 360 3104 natura
382 3049 586 3125 sciscat,.pr0
608 3069 657 3107 eo.
687 3052 764 3123 qnod
788 3061 832 3106 est
856 3050 975 3126 probare
996 3060 1020 3106 et
1043 3060 1143 3120 tenere,
1171 3050 1228 3107 nisi
1251 3048 1334 3125 quod

253 3133 375 3208 pravius
397 3145 456 3189 est:
484 3136 558 3208 quod
579 3145 679 3191 rruttcra
697 3136 806 3210 probet.
829 3137 859 3192 id
880 3144 932 3197 est.
962 3137 1121 3209 uoluptatem
1143 3130 1334 3213 sedulorum]

337 3221 431 3275 caelius
450 3220 624 3293 liberiusque)
648 3221 725 3293 quod
749 3220 792 3276 illi
815 3230 917 3295 aperto
939 3238 1026 3275 unam
1050 3230 1079 3276 et
1101 3238 1201 3276 veram
1224 3220 1331 3295 uolup-

253 3312 359 3369 tatem,
388 3304 417 3359 in
446 3304 574 3360 iucundo
603 3315 683 3360 motu
712 3305 855 3379 positam,
882 3302 1093 3363 defendebant.
1116 3304 1263 3380 Epicurus
1284 3305 1331 3361 in·

253 3398 422 3445 constanter
451 3389 574 3446 alteram
603 3408 660 3445 non
690 3390 807 3446 dolendi
834 3390 1024 3446 admiscebat.
1075 3389 1144 3446 Vid.
1167 3390 1212 3448 II.
1240 3390 1276 3447 19
1300 3398 1333 3447 et

254 3474 293 3529 35
312 3492 375 3547 sqq.
421 3474 571 3530 Victorius
594 3493 610 3530 e
632 3493 686 3531 suo
709 3475 772 3533 cod.
799 3476 915 3539 orbatas.
939 3475 1016 3548 quod
1040 3485 1139 3530 natum
1163 3485 1208 3532 est
1229 3475 1333 3532 littera

253 3560 262 3614 l
284 3577 342 3613 non
366 3559 438 3614 satis
460 3568 603 3633 porrecta.

339 3662 422 3717 neque
443 3664 501 3699 eum
528 3642 709 3722 Torquatum)
737 3644 810 3702 Cum
842 3645 964 3703 duorum
988 3648 1205 3722 Torquatornm
1230 3663 1331 3702 exeru-

253 3728 302 3802 pla
325 3739 606 3786 commemoraturus
629 3740 721 3799 esset,
750 3748 873 3786 <exorsus
901 3741 946 3787 est
972 3751 991 3788 a
1017 3731 1113 3789 forma
1139 3729 1331 3786 diiunctionis

253 3813 517 3889 negativae(neqne
534 3847 574 3856 -
592 3824 697 3888 ireque),
721 3814 772 3870 sed
796 3815 892 3889 priore
915 3828 998 3890 parte
1022 3817 1138 3892 longius
1161 3823 1264 3884 tracta,
1287 3815 1332 3871 al·

254 3908 344 3953 teram
364 3898 452 3954 aliter
469 3899 607 3956 subiecit:
635 3902 727 3967 llantur
754 3901 784 3956 T.
802 3902 1023 3974 Tbrquctnscet.
1058 3902 1141 3959 Haec
1158 3898 1332 3957 bimembris

254 3983 396 4039 orationis
419 3984 595 4059 interruptio
618 3985 755 4058 qnoniam
776 3986 834 4041 lete
852 3996 933 4059 patet
950 3987 1107 4061 pluresque
1124 3984 1333 4061 complectitur

253 4069 381 4142 species,
417 4069 453 4124 de
481 4088 515 4125 ea
543 4089 575 4125 re
604 4070 809 4144 exponendum
839 4071 941 4144 putavi
970 4072 997 4127 in
1028 4090 1154 4128 excursu
1186 4071 1224 4127 ad
1253 4071 1281 4127 h.
1309 4069 1328 4127 l.

243 4154 353 4227 'ipsam
382 4154 417 4209 T.
442 4154 545 4210 blanlii
569 4155 713 4228 Torquati
744 4174 872 4230 pugnarn
903 4174 967 4212 cnm
998 4156 1088 4215 Gallo
1116 4157 1153 4213 ad
1181 4155 1330 4214 Anienem

253 4248 284 4292 ct
312 4248 444 4311 torquem
474 4257 559 4296 caeso
587 4240 664 4296 hosti
689 4240 850 4296 detractum
874 4240 954 4297 fama
976 4242 1151 4311 celebravit-;
1179 4241 1238 4298 vid.
1261 4240 1328 4300 Liv.

253 4323 325 4391 VII,
353 4325 400 4390 10,
425 4324 565 4400 Quadrig.
589 4325 667 4400 apud
690 4323 770 4384 Gell.
795 4327 852 4394 IX,
880 4327 927 4391 13,
951 4327 1030 4384 Flor.
1054 4328 1077 4384 Ι.
1106 4329 1153 4396 13,
1176 4327 1214 4384 al.

338 4428 478 4481 coqnmnen
501 4412 609 4483 invertit)
632 4411 793 4467 Personam
822 4430 859 4467 ex
887 4411 1021 4486 pluribus
1043 4431 1131 4469 unam
1153 4412 1257 4470 definit
1277 4411 1331 4469 ad·
