3030 5086
366 487 409 532 nr
434 486 514 532 nnn.
537 487 599 532 nin.
623 487 646 531 n
669 487 741 533 can.
763 488 1058 549 er-as.(1re-us.)
1186 472 1250 539 333

174 662 355 718 nostrorum
372 653 538 731 hominum,
560 654 769 735 legecestrae
788 653 935 733 familiam
958 656 1110 721 neminem
1131 654 1250 720 videbis

173 757 218 820 ita
240 756 409 833 laudatum,
431 763 467 819 ut
482 754 594 820 artifex
611 755 741 820 callidus
758 759 1041 836 comparandarum
1057 757 1250 838 voluptatum

174 858 339 922 diceretur.
384 856 455 920 Non
478 856 578 936 elogia
600 866 868 922 monumentorum
896 858 928 922 id
951 857 1138 940 significant,
1166 858 1252 923 velut

174 959 232 1024 hoc
254 959 295 1023 ad
318 966 456 1038 portam:
481 977 573 1023 nnnc
597 976 694 1025 unum
716 977 888 1024 naumann
911 978 1143 1027 conannrnmr
1166 977 1250 1025 enn-

244 1175 519 1244 trucidassetque
554 1182 576 1229 ³.
596 1176 838 1244 aulom'ailllssLMC
865 1179 1054 1230 monimentorum
1067 1178 1132 1246 [ΜΕ
1168 1185 1191 1230 4.
1210 1196 1251 1229 ore

174 1249 229 1311 (pro
248 1246 301 1307 loc)
320 1247 348 1295 M
366 1263 409 1294 ars
428 1246 450 1294 R
466 1245 510 1295 Ιιοο
528 1263 567 1294 ore
586 1245 606 1296 C
641 1262 686 1295 uno
705 1263 756 1295 cam
775 1246 892 1314 [ΑῙΕΡΜ
910 1265 956 1296 ono
974 1247 1013 1297 cai
1031 1247 1051 1296 L
1070 1265 1140 1297 unum
1159 1264 1210 1297 esse
1229 1246 1250 1298 C

175 1314 242 1364 iirirao
260 1331 311 1363 cum
331 1317 352 1365 R
392 1313 469 1363 Unum
487 1314 547 1363 lunc
565 1313 608 1364 Or.

175 1537 268 1597 Gzius
290 1538 373 1594 addit
390 1537 453 1595 cod.
467 1536 596 1594 Vindob.
633 1536 764 1612 Singulis
781 1538 982 1614 superioribus
1000 1539 1082 1613 paria
1099 1538 1250 1595 hominum
1308 1593 1310 1597 .

174 1624 396 1680 coniunctorum
420 1621 524 1680 Cicero
547 1621 638 1679 addit.

259 1709 504 1783 comparandarum
526 1708 704 1781 cooptatum)
728 1707 877 1763 Utilitatum
895 1708 982 1763 etiarn
996 1702 1060 1787 [lt]
1079 1707 1157 1782 apud
1174 1707 1251 1764 Dav.

176 1793 220 1849 El.
234 1794 262 1862 2,
287 1793 368 1850 Perr.
384 1793 412 1861 2,
426 1792 455 1862 3,
479 1790 564 1857 CCC,
583 1791 692 1859 Mead„
711 1792 802 1859 Ball.;
826 1790 972 1849 Gruterus
990 1801 1019 1848 et
1034 1792 1127 1851 Gaius
1145 1802 1252 1849 tacent.

175 1879 312 1935 Alterum
335 1877 406 1951 quin
429 1876 626 1933 necessarium
650 1876 741 1934 sitin
764 1877 894 1933 notanda
916 1877 969 1934 vili
992 1887 1022 1934 et
1040 1877 1156 1934 abiecta
1172 1895 1204 1934 re
1223 1887 1253 1933 et

176 1982 277 2038 perum
300 1962 389 2036 digna
411 1961 528 2018 illorum
552 1961 702 2018 hominum
721 1961 867 2029 laudibus,
891 1980 949 2018 non
972 1961 1093 2019 dubium
1116 1969 1175 2030 est3
1199 1979 1252 2018 nse

176 2048 222 2104 hio
245 2048 281 2104 iis
304 2047 346 2103 uti
368 2047 451 2116 licet,
475 2065 550 2120 quae
573 2046 610 2102 ad
633 2048 662 2117 1,
688 2047 728 2103 34
751 2046 828 2116 dixi;
856 2047 989 2121 sequitur
1011 2047 1099 2104 etiam
1122 2050 1150 2103 ia
1171 2048 1250 2120 confi·

174 2134 274 2190 ciendis
296 2133 489 2206 uoluptatium
517 2131 570 2188 sed
593 2132 729 2189 mendum
752 2130 782 2187 in
805 2131 869 2188 eod.
893 2131 1052 2207 archetypo
1077 2129 1142 2190 fuit.
1178 2131 1251 2188 Mox

175 2220 277 2290 euloqia
300 2216 387 2273 etiam
412 2235 464 2273 sex
477 2216 561 2285 Pali„
582 2214 648 2293 [B‚]
671 2215 750 2276 Oxx.
764 2211 862 2290 Εΰξχ.
896 2216 1120 2274 Emendatiores
1137 2216 1252 2290 antiqui

175 2302 258 2360 codd.
287 2301 520 2359 Tusculanarum
555 2310 584 2356 et
617 2310 702 2358 oratt.
738 2319 791 2376 pro
820 2299 957 2358 Cluentio
991 2312 1021 2358 et
1053 2301 1082 2357 iu
1112 2301 1251 2358 Pisonem

175 2388 290 2461 (saltem
304 2385 387 2460 Ere).
422 2387 495 2443 Post
516 2388 667 2459 sipirijicont
689 2403 780 2461 prave
803 2384 1004 2461 interrogandi
1022 2397 1121 2443 notam
1140 2385 1250 2444 multae

175 2472 252 2530 edd..
276 2471 364 2528 etiam
388 2469 482 2530 Gzius
505 2480 534 2527 et
557 2470 687 2529 Orellius
709 2470 828 2527 habeut.

259 2559 298 2613 ad
310 2566 436 2631 portam:
454 2556 535 2612 Hunc
546 2554 641 2634 oriam)
653 2557 690 2613 A.
705 2555 792 2612 Atilii
805 2554 934 2614 Calatini
946 2557 1019 2628 (cos.
1031 2573 1058 2613 a.
1074 2555 1135 2612 258
1148 2563 1177 2610 et
1190 2554 1251 2611 254

175 2660 200 2696 a.
214 2641 270 2715 0.),
291 2641 419 2698 hominis
435 2641 553 2716 saepius
571 2660 589 2697 a
601 2640 744 2699 Cicerone
762 2641 838 2697 inter
855 2657 984 2697 summos
1002 2640 1081 2697 viros
1098 2639 1251 2708 nominati,

176 2727 259 2783 euius
281 2745 379 2782 rerum
403 2726 561 2782 memoriae
584 2735 699 2800 tempus
722 2725 831 2791 nocuit,
857 2724 984 2800 elogium
1007 2732 1253 2782 commemoratur

176 2812 264 2868 etiam
294 2811 323 2868 in
352 2811 416 2869 Cet.
442 2813 490 2867 61.
543 2810 602 2870 Sed
630 2810 777 2886 scriptura
804 2809 918 2866 incerta
944 2819 998 2866 est.
1043 2808 1167 2868 Codices
1195 2808 1252 2865 fide

176 2896 272 2972 digni:
300 2897 340 2953 ad
358 2905 465 2971 portam
488 2914 621 2952 rariorum
643 2893 731 2968 (Pell.
758 2898 783 2963 1,
808 2896 836 2964 4,
861 2893 888 2962 5,
914 2896 940 2963 6,
964 2894 1121 2951 Davisiani
1143 2893 1251 2969 plures,

177 2980 256 3039 Oxx.
279 2991 333 3054 χψ,
358 2975 519 3058 Spir.[B];
543 2978 654 3039 cuda
678 2983 820 3049 imorum,
844 2978 940 3035 Pate
964 2998 1015 3035 urso
1036 2981 1251 3054 complorantem

175 3065 344 3140 paucissimi
367 3084 420 3122 uino
441 3069 485 3122 cui
505 3065 582 3136 (Pal.
597 3065 625 3133 3,
648 3083 723 3120 unus
745 3062 871 3120 fortasse
894 3072 924 3119 et
945 3063 1020 3120 alter
1043 3064 1134 3133 Dav.,
1156 3063 1195 3129 U,
1218 3071 1253 3119 ut

175 3151 311 3222 videtur).
357 3149 442 3223 Quod
472 3150 560 3224 vulgo
589 3150 741 3225 legebatur
774 3157 842 3205 ante
871 3147 1031 3207 Orellium:
1064 3150 1104 3205 ad
1127 3157 1251 3223 portora:

181 3237 239 3293 Uno
267 3255 311 3292 ore
338 3238 383 3292 cui
398 3238 534 3310 plum'moo
556 3243 626 3303 cet,
654 3233 753 3290 nescio
781 3252 799 3289 a
826 3251 884 3307 quo
907 3233 1019 3289 editors
1042 3233 1189 3290 invectum
1213 3233 1253 3290 sit

175 3323 231 3393 (ore
259 3340 310 3376 mm
337 3323 381 3377 cai
401 3321 479 3377 lunt
525 3319 557 3378 Si
579 3328 659 3376 recte
682 3318 761 3377 Oxx.
785 3326 938 3387 notarunt,
967 3318 996 3375 iu
1020 3312 1063 3386 Εξ
1084 3317 1251 3394 legebatur:

174 3408 221 3460 od·
231 3416 353 3479 portam:
382 3424 427 3462 ore
448 3408 493 3462 coi
510 3407 658 3480 plumariae,
687 3403 738 3460 sed
762 3403 847 3459 valde
870 3402 994 3476 dubito).
1040 3402 1167 3460 Detivus
1190 3421 1252 3460 orn·

176 3490 245 3545 nino
276 3489 349 3545 nihil
378 3489 466 3546 habet
488 3490 554 3546 loci.
599 3490 634 3546 In
658 3487 770 3547 Catone
793 3487 909 3545 codices
937 3487 1025 3544 etiam
1054 3488 1252 3562 antiquissimi

176 3574 301 3629 habent:
330 3575 412 3630 Atilio
438 3575 575 3643 Calatiae,
604 3582 632 3631 iu
654 3592 732 3648 quem
753 3575 823 3630 ittuct
850 3574 962 3645 eloqiam
988 3576 1095 3631 osricum
1119 3575 1253 3648 plurimae

175 3661 339 3714 consentium
362 3668 417 3715 cst.
461 3660 673 3732 Praeterquam
704 3658 782 3733 quod
810 3657 869 3714 alio
892 3657 1003 3714 ducunt
1025 3656 1150 3732 vestigia
1173 3657 1252 3714 codi-

176 3762 241 3799 cum
273 3743 359 3799 huius
393 3743 505 3818 operis,
540 3761 598 3800 non
632 3751 729 3818 potest
761 3743 863 3800 deesse
896 3743 926 3799 in
961 3743 1057 3818 elogio
1090 3760 1250 3818 pronomen

176 3827 323 3884 hominem
347 3827 559 3885 demonstrans.
592 3828 728 3897 Accedit,
751 3846 839 3902 quam
859 3826 972 3903 primus
989 3827 1142 3884 Ernestius
1159 3827 1252 3883 anim·

175 3913 317 3983 advertit,
347 3931 461 3968 sumina
488 3911 649 3970 similitudo
672 3912 761 3988 elogii
783 3912 814 3969 in
837 3921 1026 3969 monumento
1048 3912 1082 3969 L.
1106 3911 1254 3987 Scipionis

176 3998 299 4057 Barbati
322 3998 354 4053 F.
378 3997 463 4054 incisi
486 3997 575 4072 (apud
598 3996 691 4055 Orell.
713 3996 805 4054 Inscr.
829 3996 895 4056 Lat.
919 4015 947 4053 n.
971 3996 1047 4066 552,
1078 3997 1252 4054 Mommsen.

177 4084 266 4158 Corp.
301 4083 393 4139 luser.
428 4083 492 4140 Lat.
527 4083 540 4140 1
575 4101 603 4138 n.
632 4081 671 4138 32
700 4101 730 4157 p.
752 4082 817 4155 18):
851 4081 948 4139 Hunc
980 4084 1055 4138 or'uo
1085 4082 1252 4156 ploirams

175 4171 367 4227 cosentiont
394 4166 482 4223 lt...
519 4163 531 4244 ll
566 4167 729 4223 Drionoro
761 4175 893 4241 optumo
919 4168 1017 4241 fuiss
1046 4168 1129 4223 uiro.
1173 4165 1252 4223 Hinc

176 4252 306 4310 Orellius
340 4250 437 4309 effecit
464 4272 545 4308 orarem
574 4252 658 4320 ianm
690 4251 728 4307 ad
758 4250 874 4308 codices
902 4252 1096 4324 (monstrante
1124 4249 1252 4307 maxime

176 4338 275 4394 littera
291 4341 317 4410 c)
335 4337 456 4413 propius
473 4337 587 4394 accedit
608 4337 639 4393 id
655 4336 762 4411 ipsum,
785 4336 864 4411 quod
880 4346 926 4394 est
941 4336 972 4393 in
984 4335 1132 4411 Scipionis
1149 4353 1251 4392 monu-

177 4433 274 4480 mento
297 4432 327 4479 st
348 4422 486 4480 Ernestio
510 4422 675 4497 placuerat:
699 4422 769 4480 imm
790 4441 881 4479 mom.
920 4421 998 4480 Nam
1021 4420 1100 4496 quod
1122 4418 1253 4481 Orellins
