3030 5086
386 519 430 565 nn
453 518 534 564 nnn.
557 517 619 564 nra
643 517 677 564 rv
699 515 772 563 car.
792 517 883 565 o-ro.
899 512 1031 576 (ra-m.)
1176 492 1237 559 517

171 696 232 767 set,
262 705 415 769 nusquam
436 685 557 767 posuit,
583 704 645 749 non
672 702 743 750 esse
764 683 879 748 malum
900 683 1052 760 dolorem,
1081 682 1139 747 sed
1164 680 1241 761 qnid

171 796 255 855 esset
276 796 308 854 et
329 788 430 870 quale,
452 795 665 869 quantumque
686 786 718 850 in
740 804 778 851 eo
795 792 879 851 esset
894 785 996 863 alieni,
1018 783 1139 862 deinde,
1161 799 1242 863 quae

171 891 252 956 ratio
274 897 359 956 esset
379 888 571 971 perferendi3
593 888 681 953 cuius
704 888 841 971 quidem,
864 888 1009 968 quoniam
1032 885 1154 952 Stoicus
1175 882 1241 964 urit,

171 993 326 1059 sententia
348 993 555 1057 condemnata
581 989 655 1054 mihi
676 990 801 1055 videtur
828 1007 899 1055 esse
926 989 1062 1058 inanitas
1087 989 1150 1052 ista
1170 1005 1241 1052 ver-

170 1095 291 1161 borum
1124 1163 1129 1172 ,
1258 1086 1280 1153 5

256 1197 294 1261 X
318 1197 369 1261 24.
392 1196 454 1261 Sed
475 1201 512 1259 ut
532 1195 664 1276 propius
685 1194 727 1258 ad
749 1213 800 1273 ea,
823 1193 916 1272 Cato,
938 1193 1098 1272 accedam
1121 1208 1202 1273 quae
1222 1208 1243 1255 a

171 1309 203 1365 te
225 1299 419 1377 dictasunt,
446 1297 587 1379 pressius
609 1314 740 1378 agamus
762 1314 876 1377 eaque,
904 1313 984 1377 quae
1010 1294 1103 1359 modo
1129 1291 1243 1372 dixisti,

171 1419 240 1465 oum
263 1401 301 1465 iis
323 1399 528 1478 conferamus,
550 1417 632 1480 quae
653 1398 715 1462 tuis
737 1404 902 1479 antepono.
943 1399 1032 1476 Quae
1053 1402 1127 1461 sunt
1147 1395 1244 1475 igitur

171 1502 345 1568 eommunia
361 1502 449 1566 vobis
466 1519 536 1565 cum
552 1500 698 1580 antiquis,
714 1500 752 1565 iis
768 1500 813 1564 sic
828 1505 952 1563 utamur
968 1499 1059 1579 quasi
1075 1498 1244 1575 concussis3

171 1623 252 1686 quae
273 1604 304 1668 in
325 1604 568 1668 controversiam
585 1602 720 1679 veniunt.
743 1602 784 1665 de
799 1601 847 1680 iis,
869 1601 897 1665 si
911 1600 1022 1681 placet.
1044 1600 1245 1664 disseramus.
1263 1600 1304 1666 10

171 1705 249 1770 Mihi
270 1725 359 1784 vero,
385 1705 499 1786 inquit,
526 1705 629 1787 placet
655 1704 706 1784 agi
734 1703 877 1768 subtilius
899 1710 944 1781 et,
972 1706 1010 1766 ut
1034 1702 1103 1783 ipse
1129 1700 1244 1780 dixisti

170 1808 321 1890 pressius.
365 1809 454 1887 Quae
476 1806 558 1872 enim
579 1805 680 1871 adhue
701 1805 868 1886 promisti,
890 1805 1054 1886 popularia
1076 1810 1163 1882 sunt3
1185 1820 1244 1884 ego

170 1917 274 1975 autem
296 1928 317 1973 a
337 1916 369 1974 te
390 1909 581 1988 elegantiora
598 1908 753 1973 desidero.
795 1909 930 1972 Amene
947 1906 1005 1971 tu?
1025 1905 1167 1988 inquam;
1188 1904 1247 1969 sed
1356 1888 1361 1900 ’

171 2022 275 2076 tamen
292 2011 402 2090 enitar,
425 2019 464 2090 et
487 2010 632 2075 siminus
649 2010 747 2075 muita
762 2008 837 2073 mihi
857 2014 1029 2086 occurrent
1050 2028 1111 2073 non
1128 2006 1245 2088 fugiam

245 2223 264 2268 1.
284 2232 409 2278 numquam
427 2213 517 2264 LPCR
559 2219 581 2264 2.
601 2222 622 2262 et
640 2230 688 2265 om.
708 2215 731 2262 Ε
766 2213 851 2264 mearat
870 2212 981 2263 Lusor.
1018 2218 1042 2263 3.
1058 2209 1244 2277 perferenduli

172 2301 237 2348 quem
248 2282 375 2334 Stor'ouaE
412 2290 435 2333 4.
455 2282 590 2331 immanitas
604 2297 698 2340 omues,
713 2282 755 2334 Or.
793 2288 815 2333 6.
835 2290 907 2332 autea
921 2287 978 2347 (pro
996 2298 1013 2330 u
1030 2282 1093 2336 tatii
1112 2279 1146 2329 ad
1162 2277 1245 2329 eaPO

173 2359 196 2401 8.
214 2353 251 2401 iio
270 2352 335 2402 COr.
390 2357 412 2401 9,
432 2351 502 2400 etiam
521 2361 577 2416 (pro
595 2351 777 2414 communium
829 2351 894 2399 noba
912 2365 998 2399 omnes
1049 2349 1086 2398 au
1103 2349 1139 2398 ric
1156 2346 1243 2398 PCOr.

174 2427 212 2470 13.
232 2438 249 2470 a
267 2430 288 2469 te
307 2437 355 2470 om.
376 2421 398 2469 E
433 2437 468 2469 me
487 2419 635 2484 (promeae)
655 2419 676 2469 1.
717 2426 751 2469 14.
770 2419 828 2468 matt
844 2418 918 2469 multu
936 2418 1070 2469 LPCROr.

172 2597 329 2668 numqaum)
353 2594 502 2650 habebant
524 2613 582 2668 mg.
603 2592 693 2663 Crat,
716 2593 763 2652 El.
787 2590 905 2666 (uteri),
929 2592 1008 2668 Spir.
1027 2589 1092 2669 [B],
1116 2588 1195 2648 Gud.
1216 2588 1245 2658 2,

171 2681 301 2737 restituit
317 2680 387 2735 Ern.
422 2680 494 2735 Mox
512 2689 580 2734 esset
596 2697 649 2755 pro
666 2682 761 2736 inesset
777 2689 837 2736 tres
855 2678 923 2737 Gaii
941 2676 1012 2755 [B];
1031 2677 1090 2733 vid.
1108 2675 1145 2733 ad
1165 2676 1213 2731 17.
1335 2669 1336 2672 '

258 2768 375 2820 inanitus
408 2761 475 2840 istu)
508 2761 648 2840 [Secutus
681 2782 758 2820 nunc
791 2781 856 2822 curn
887 2763 1007 2820 Baitero
1041 2780 1104 2818 sum
1134 2758 1175 2840 [B
1202 2755 1245 2838 et]

174 2851 266 2924 Spir.;
291 2850 391 2907 Ursini
415 2848 491 2904 liber
512 2849 660 2905 numerari
673 2867 731 2906 non
749 2859 855 2923 potest.
878 2848 951 2922 (Erl.
966 2847 1055 2904 habet
1071 2848 1246 2921 immunitus.)

173 2936 250 2991 Nam
279 2952 354 3008 qnae
382 2933 460 2990 dicta
487 2943 570 3000 sunt,
603 2953 662 2990 non
695 2942 755 2989 tam
783 2934 819 2990 ad
848 2933 1059 2990 immanitatem
1087 2931 1246 2987 notandam

173 3021 322 3094 pertinent
351 3019 436 3093 qnasi
459 3018 605 3075 hominem
636 3037 672 3074 ex
696 3019 814 3075 homine
836 3028 992 3075 exuentem
1014 3016 1173 3091 (quomodo
1196 3017 1247 3072 du·

172 3110 236 3161 ritiu
258 3109 381 3162 maauaie
403 3105 522 3179 ponitur
543 3104 572 3161 in
597 3105 714 3161 Partitt.
729 3103 812 3162 Orat.
826 3105 863 3161 81
878 3103 1007 3179 etTusc.
1017 3103 1076 3170 111,
1093 3104 1129 3159 12
1153 3105 1246 3158 imoru-

173 3195 244 3248 aitus
266 3196 292 3246 ia
314 3197 417 3258 naimo.
448 3200 543 3264 stupor·
564 3193 590 3245 in
613 3209 723 3264 corpore
744 3188 953 3256 indolentiam,
983 3178 1035 3263 sip
1058 3179 1266 3262 daatyqu'ua.

173 3277 256 3350 sequi
279 3277 397 3348 dicitur)
415 3294 502 3350 quam
526 3275 563 3331 ad
585 3275 701 3332 inanem
726 3275 880 3332 verborum
905 3273 1160 3349 magnificentiam,
1183 3270 1248 3345 qui·

174 3364 227 3419 bus
250 3381 297 3417 res
319 3361 418 3418 nullae
441 3358 580 3437 subsint]

259 3447 331 3522 Cap.
343 3448 383 3513 X,
397 3448 446 3502 24.
469 3466 488 3502 u
509 3456 534 3502 te
555 3448 629 3504 dictu
651 3443 727 3521 aaut)
747 3443 841 3503 Gaius
863 3444 952 3500 etiam
975 3442 1083 3518 eSpir.
1096 3439 1151 3519 [B]
1168 3451 1248 3498 anteo

174 3529 237 3603 (Et,
262 3532 340 3590 Gud.
363 3541 486 3604 uterque
508 3533 547 3589 ud
567 3535 620 3605 eu).
666 3532 790 3588 Praeter
811 3529 850 3594 id,
874 3529 952 3603 quod
974 3528 1012 3585 ad
1031 3528 1079 3599 §3
1102 3527 1176 3602 dixi,
1198 3544 1246 3584 ac·

174 3619 252 3674 cedit
274 3619 331 3688 hic,
355 3627 396 3683 ut,
420 3618 444 3673 si
467 3627 546 3673 antea
569 3617 692 3692 legatur,
716 3617 814 3690 inepte
838 3634 907 3672 mox
928 3614 1055 3671 addatur
1075 3614 1162 3682 modo,
1184 3613 1248 3669 ina·

174 3704 252 3760 niter
274 3705 361 3759 etiarn
385 3712 564 3759 commutata
586 3720 668 3759 voce.
705 3702 800 3759 Paulo
822 3711 890 3776 post
911 3718 999 3756 voces
1020 3719 1039 3756 u
1061 3709 1086 3756 te
1107 3707 1175 3754 ante
1197 3699 1247 3754 ele·

171 3793 296 3863 quatiere
314 3790 436 3844 aberant
455 3789 541 3844 etiam
555 3807 574 3844 a
586 3787 663 3862 Spir.
675 3783 730 3866 [B]
742 3795 772 3843 et
783 3785 862 3845 Gud.
878 3789 906 3843 2.
931 3786 1057 3842 Prorsus
1068 3782 1248 3841 necessarias

174 3894 239 3931 esse
258 3885 288 3930 at
305 3874 419 3949 pondus
437 3873 580 3931 orationis
597 3873 756 3940 continere,
781 3871 962 3946 intellegitur
983 3871 1070 3926 etiam
1094 3888 1132 3926 ex
1147 3867 1248 3944 proxi·

174 3961 244 4017 mis:
267 3963 293 4016 A
315 3979 388 4016 meae
409 3960 471 4033 (qui
494 3958 566 4015 haec
591 3958 776 4015 mediocriter
798 3957 872 4030 scio)
894 3967 924 4013 tu
946 3956 1009 4030 (qui
1032 3966 1113 4012 tenes
1136 3964 1166 4011 et
1182 3973 1249 4030 per·

175 4047 341 4117 tractastiit
372 4043 510 4124 [Poterat
532 4043 640 4100 omisso
662 4054 751 4100 autem
773 4042 861 4099 scribi
883 4061 930 4115 eqo
952 4061 970 4097 u
992 4052 1017 4098 te
1037 4036 1118 4119 elea]
1158 4041 1248 4096 Multa
1328 4074 1332 4083 ·

173 4142 280 4192 antem,
299 4133 328 4188 in
346 4149 404 4204 quo
417 4129 561 4187 vocabulo
574 4129 706 4185 nonnulli
724 4128 891 4196 haeserunt,
910 4127 1087 4184 adiectivum
1105 4119 1248 4183 eiusmodi

174 4219 372 4292 requirentes,
403 4215 480 4290 quod
504 4214 589 4271 alteri
612 4212 788 4289 (popularia)
810 4212 989 4269 contrarium
1013 4219 1106 4280 esset,
1133 4210 1247 4268 intelle·

174 4318 283 4379 guntur
306 4322 343 4358 ex
366 4321 400 4357 eo
423 4319 544 4376 genere,
568 4300 645 4374 quod
669 4299 743 4359 Cato
766 4316 797 4355 se
819 4299 968 4373 requirere
991 4307 1021 4354 et
1042 4296 1119 4371 quod
1143 4295 1247 4355 Cicero

175 4406 206 4445 aa
228 4399 261 4446 nt
282 4397 512 4461 consequeretur
539 4386 688 4442 enisurum
712 4384 837 4442 dixerat.
882 4384 930 4441 Ne
951 4401 1073 4459 prorsus
1095 4381 1169 4439 nihil
1189 4380 1248 4439 sibi

175 4492 213 4530 ex
235 4493 271 4531 eo
292 4492 400 4550 genere
422 4483 598 4541 occurreret,
621 4488 679 4528 non
702 4479 820 4547 poterat
840 4468 947 4528 vereri.
