<?xml version="1.0" encoding="UTF-8"?>
<!DOCTYPE html PUBLIC "-//W3C//DTD XHTML 1.0 Transitional//EN"
    "http://www.w3.org/TR/xhtml1/DTD/xhtml1-transitional.dtd">
<html xmlns="http://www.w3.org/1999/xhtml" xml:lang="en" lang="en">
 <head>
  <title>
</title>
<meta http-equiv="Content-Type" content="text/html;charset=utf-8" />
  <meta name='ocr-system' content='tesseract 3.04.00' />
  <meta name='ocr-capabilities' content='ocr_page ocr_carea ocr_par ocr_line ocrx_word'/>
</head>
<body>
  <div class='ocr_page' id='page_1' title='image "./mtulliiciceroni35cicegoog_0795.png"; bbox 0 0 3030 5086; ppageno 0'>
   <div class='ocr_carea' id='block_1_1' title="bbox 205 464 888 529">
    <p class='ocr_par' dir='ltr' id='par_1_1' title="bbox 205 464 888 529">
     <span class='ocr_line' id='line_1_1' title="bbox 205 464 888 529; baseline -0.004 0"><span class='ocrx_word' id='word_1_1' title='bbox 205 464 268 529; x_wconf 74' lang='lat'><strong>704</strong></span> <span class='ocrx_word' id='word_1_2' title='bbox 595 481 641 525; x_wconf 85' lang='lat' dir='ltr'><strong>nn</strong></span> <span class='ocrx_word' id='word_1_3' title='bbox 663 480 794 528; x_wconf 80' lang='lat' dir='ltr'><strong>nmmos</strong></span> <span class='ocrx_word' id='word_1_4' title='bbox 816 480 888 526; x_wconf 80' lang='lat' dir='ltr'><strong>nom.</strong></span> 
     </span>
    </p>
   </div>
   <div class='ocr_carea' id='block_1_2' title="bbox 147 649 1291 1650">
    <p class='ocr_par' dir='ltr' id='par_1_2' title="bbox 147 649 1291 1650">
     <span class='ocr_line' id='line_1_2' title="bbox 204 649 1289 731; baseline 0.002 -17"><span class='ocrx_word' id='word_1_5' title='bbox 204 651 308 714; x_wconf 86' lang='lat' dir='ltr'><strong>orrimo</strong></span> <span class='ocrx_word' id='word_1_6' title='bbox 341 649 459 713; x_wconf 88' lang='lat' dir='ltr'><strong>moveri</strong></span> <span class='ocrx_word' id='word_1_7' title='bbox 487 668 610 729; x_wconf 82' lang='lat' dir='ltr'><strong>semper</strong></span> <span class='ocrx_word' id='word_1_8' title='bbox 638 656 683 729; x_wconf 90' lang='lat' dir='ltr'><strong>et,</strong></span> <span class='ocrx_word' id='word_1_9' title='bbox 717 667 786 714; x_wconf 90' lang='lat' dir='ltr'><strong>cum</strong></span> <span class='ocrx_word' id='word_1_10' title='bbox 815 667 850 713; x_wconf 92' lang='lat' dir='ltr'><strong>re</strong></span> <span class='ocrx_word' id='word_1_11' title='bbox 879 649 962 713; x_wconf 89' lang='lat' dir='ltr'><strong>nnlla</strong></span> <span class='ocrx_word' id='word_1_12' title='bbox 989 649 1202 731; x_wconf 83' lang='lat' dir='ltr'><strong>impediantur</strong></span> <span class='ocrx_word' id='word_1_13' title='bbox 1231 669 1289 716; x_wconf 91' lang='lat' dir='ltr'><strong>ne·</strong></span> 
     </span>
     <span class='ocr_line' id='line_1_3' title="bbox 205 751 1289 833; baseline -0.001 -14"><span class='ocrx_word' id='word_1_14' title='bbox 205 754 350 832; x_wconf 87' lang='lat' dir='ltr'><strong>cessaria,</strong></span> <span class='ocrx_word' id='word_1_15' title='bbox 367 759 422 816; x_wconf 91' lang='lat' dir='ltr'><strong>aut</strong></span> <span class='ocrx_word' id='word_1_16' title='bbox 433 751 584 816; x_wconf 82' lang='lat' dir='ltr'>alveolum</span> <span class='ocrx_word' id='word_1_17' title='bbox 602 770 733 832; x_wconf 89' lang='lat' dir='ltr'><strong>poscere</strong></span> <span class='ocrx_word' id='word_1_18' title='bbox 749 760 805 816; x_wconf 89' lang='lat' dir='ltr'><strong>aut</strong></span> <span class='ocrx_word' id='word_1_19' title='bbox 820 770 971 832; x_wconf 91' lang='lat' dir='ltr'><strong>quaerere</strong></span> <span class='ocrx_word' id='word_1_20' title='bbox 986 752 1163 833; x_wconf 86' lang='lat' dir='ltr'>quempiam</span> <span class='ocrx_word' id='word_1_21' title='bbox 1175 753 1289 817; x_wconf 90' lang='lat' dir='ltr'><strong>ludum</strong></span> 
     </span>
     <span class='ocr_line' id='line_1_4' title="bbox 204 853 1287 935; baseline -0.001 -15"><span class='ocrx_word' id='word_1_22' title='bbox 204 866 259 920; x_wconf 91' lang='lat' dir='ltr'><strong>aut</strong></span> <span class='ocrx_word' id='word_1_23' title='bbox 281 873 455 919; x_wconf 92' lang='lat' dir='ltr'><strong>sermonem</strong></span> <span class='ocrx_word' id='word_1_24' title='bbox 478 854 611 935; x_wconf 83' lang='lat' dir='ltr'>aliquem</span> <span class='ocrx_word' id='word_1_25' title='bbox 635 853 809 935; x_wconf 81' lang='lat' dir='ltr'><strong>requirere,</strong></span> <span class='ocrx_word' id='word_1_26' title='bbox 839 871 972 935; x_wconf 92' lang='lat' dir='ltr'><strong>cumque</strong></span> <span class='ocrx_word' id='word_1_27' title='bbox 993 873 1055 918; x_wconf 95' lang='lat' dir='ltr'><strong>non</strong></span> <span class='ocrx_word' id='word_1_28' title='bbox 1077 854 1216 919; x_wconf 78' lang='lat' dir='ltr'><strong>habeant</strong></span> <span class='ocrx_word' id='word_1_29' title='bbox 1237 855 1287 919; x_wconf 92' lang='lat' dir='ltr'><strong>in·</strong></span> 
     </span>
     <span class='ocr_line' id='line_1_5' title="bbox 204 955 1289 1038; baseline 0 -17"><span class='ocrx_word' id='word_1_30' title='bbox 204 975 324 1038; x_wconf 79' lang='lat' dir='ltr'><strong>genuae</strong></span> <span class='ocrx_word' id='word_1_31' title='bbox 341 976 378 1021; x_wconf 84' lang='lat' dir='ltr'><strong>ex</strong></span> <span class='ocrx_word' id='word_1_32' title='bbox 395 956 538 1020; x_wconf 88' lang='lat' dir='ltr'><strong>doctrina</strong></span> <span class='ocrx_word' id='word_1_33' title='bbox 554 955 785 1033; x_wconf 67' lang='lat' dir='ltr'><strong>oblectationes</strong></span> <span class='ocrx_word' id='word_1_34' title='bbox 807 955 939 1020; x_wconf 87' lang='lat' dir='ltr'><strong>circulos</strong></span> <span class='ocrx_word' id='word_1_35' title='bbox 956 955 1079 1036; x_wconf 92' lang='lat' dir='ltr'><strong>aliquos</strong></span> <span class='ocrx_word' id='word_1_36' title='bbox 1096 962 1126 1020; x_wconf 92' lang='lat' dir='ltr'><strong>et</strong></span> <span class='ocrx_word' id='word_1_37' title='bbox 1144 956 1289 1022; x_wconf 90' lang='lat' dir='ltr'><strong>sessiun-</strong></span> 
     </span>
     <span class='ocr_line' id='line_1_6' title="bbox 166 1056 1290 1138; baseline 0.001 -15"><span class='ocrx_word' id='word_1_38' title='bbox 166 1058 290 1123; x_wconf 85' lang='lat' dir='ltr'><strong>bculas</strong></span> <span class='ocrx_word' id='word_1_39' title='bbox 323 1057 505 1124; x_wconf 87' lang='lat' dir='ltr'><strong>consectari.</strong></span> <span class='ocrx_word' id='word_1_40' title='bbox 554 1057 603 1122; x_wconf 90' lang='lat' dir='ltr'><strong>Ne</strong></span> <span class='ocrx_word' id='word_1_41' title='bbox 636 1057 754 1122; x_wconf 88' lang='lat' dir='ltr'><strong>bestiae</strong></span> <span class='ocrx_word' id='word_1_42' title='bbox 781 1057 921 1138; x_wconf 83' lang='lat' dir='ltr'><strong>quidem,</strong></span> <span class='ocrx_word' id='word_1_43' title='bbox 955 1076 1034 1138; x_wconf 88' lang='lat' dir='ltr'><strong>quas</strong></span> <span class='ocrx_word' id='word_1_44' title='bbox 1068 1056 1290 1125; x_wconf 86' lang='lat' dir='ltr'><strong>delectationis</strong></span> 
     </span>
     <span class='ocr_line' id='line_1_7' title="bbox 205 1159 1291 1240; baseline 0.002 -16"><span class='ocrx_word' id='word_1_45' title='bbox 205 1179 300 1224; x_wconf 89' lang='lat' dir='ltr'><strong>causa</strong></span> <span class='ocrx_word' id='word_1_46' title='bbox 322 1159 547 1238; x_wconf 82' lang='lat' dir='ltr'><strong>concludimus,</strong></span> <span class='ocrx_word' id='word_1_47' title='bbox 571 1178 640 1224; x_wconf 91' lang='lat' dir='ltr'><strong>cum</strong></span> <span class='ocrx_word' id='word_1_48' title='bbox 663 1160 819 1240; x_wconf 82' lang='lat' dir='ltr'><strong>copiosius</strong></span> <span class='ocrx_word' id='word_1_49' title='bbox 841 1159 980 1240; x_wconf 88' lang='lat' dir='ltr'><strong>alantur,</strong></span> <span class='ocrx_word' id='word_1_50' title='bbox 1011 1177 1104 1240; x_wconf 90' lang='lat' dir='ltr'><strong>quam</strong></span> <span class='ocrx_word' id='word_1_51' title='bbox 1128 1160 1153 1223; x_wconf 93' lang='lat' dir='ltr'><strong>si</strong></span> <span class='ocrx_word' id='word_1_52' title='bbox 1177 1168 1291 1226; x_wconf 89' lang='lat' dir='ltr'><strong>essent</strong></span> 
     </span>
     <span class='ocr_line' id='line_1_8' title="bbox 204 1261 1291 1343; baseline 0.003 -18"><span class='ocrx_word' id='word_1_53' title='bbox 204 1261 336 1341; x_wconf 86' lang='lat' dir='ltr'><strong>liberae,</strong></span> <span class='ocrx_word' id='word_1_54' title='bbox 359 1261 450 1327; x_wconf 88' lang='lat' dir='ltr'><strong>facile</strong></span> <span class='ocrx_word' id='word_1_55' title='bbox 472 1262 634 1342; x_wconf 88' lang='lat' dir='ltr'><strong>patiuntur</strong></span> <span class='ocrx_word' id='word_1_56' title='bbox 655 1279 726 1326; x_wconf 89' lang='lat' dir='ltr'><strong>sese</strong></span> <span class='ocrx_word' id='word_1_57' title='bbox 747 1261 899 1326; x_wconf 80' lang='lat' dir='ltr'><strong>contineri</strong></span> <span class='ocrx_word' id='word_1_58' title='bbox 921 1270 1088 1343; x_wconf 88' lang='lat' dir='ltr'><strong>motusque</strong></span> <span class='ocrx_word' id='word_1_59' title='bbox 1110 1261 1232 1327; x_wconf 87' lang='lat' dir='ltr'><strong>solutos</strong></span> <span class='ocrx_word' id='word_1_60' title='bbox 1256 1270 1291 1328; x_wconf 90' lang='lat' dir='ltr'><strong>et</strong></span> 
     </span>
     <span class='ocr_line' id='line_1_9' title="bbox 204 1363 1290 1447; baseline 0.006 -22"><span class='ocrx_word' id='word_1_61' title='bbox 204 1382 302 1444; x_wconf 83' lang='lat' dir='ltr'><strong>vegos</strong></span> <span class='ocrx_word' id='word_1_62' title='bbox 314 1383 334 1426; x_wconf 92' lang='lat' dir='ltr'><strong>a</strong></span> <span class='ocrx_word' id='word_1_63' title='bbox 346 1371 459 1428; x_wconf 88' lang='lat' dir='ltr'><strong>natura</strong></span> <span class='ocrx_word' id='word_1_64' title='bbox 475 1364 534 1428; x_wconf 87' lang='lat' dir='ltr'><strong>sibi</strong></span> <span class='ocrx_word' id='word_1_65' title='bbox 551 1364 686 1428; x_wconf 89' lang='lat' dir='ltr'><strong>tributos</strong></span> <span class='ocrx_word' id='word_1_66' title='bbox 697 1363 869 1443; x_wconf 84' lang='lat' dir='ltr'><strong>requirunt</strong></span> <span class='ocrx_word' id='word_1_67' title='bbox 903 1364 954 1427; x_wconf 80' lang='lat'><strong>57.</strong></span> <span class='ocrx_word' id='word_1_68' title='bbox 972 1363 1083 1443; x_wconf 89' lang='lat' dir='ltr'><strong>ltaque</strong></span> <span class='ocrx_word' id='word_1_69' title='bbox 1099 1371 1135 1427; x_wconf 94' lang='lat' dir='ltr'><strong>ut</strong></span> <span class='ocrx_word' id='word_1_70' title='bbox 1150 1365 1290 1447; x_wconf 90' lang='lat' dir='ltr'><strong>quisque</strong></span> 
     </span>
     <span class='ocr_line' id='line_1_10' title="bbox 205 1465 1291 1547; baseline 0.003 -19"><span class='ocrx_word' id='word_1_71' title='bbox 205 1466 321 1545; x_wconf 87' lang='lat' dir='ltr'><strong>optime</strong></span> <span class='ocrx_word' id='word_1_72' title='bbox 348 1466 444 1529; x_wconf 69' lang='lat' dir='ltr'><strong>natus*</strong></span> <span class='ocrx_word' id='word_1_73' title='bbox 462 1465 686 1546; x_wconf 88' lang='lat' dir='ltr'><strong>institutusque</strong></span> <span class='ocrx_word' id='word_1_74' title='bbox 708 1474 769 1544; x_wconf 86' lang='lat' dir='ltr'><strong>est,</strong></span> <span class='ocrx_word' id='word_1_75' title='bbox 800 1483 870 1529; x_wconf 90' lang='lat' dir='ltr'><strong>csse</strong></span> <span class='ocrx_word' id='word_1_76' title='bbox 897 1466 1022 1529; x_wconf 91' lang='lat' dir='ltr'><strong>omnino</strong></span> <span class='ocrx_word' id='word_1_77' title='bbox 1051 1465 1128 1530; x_wconf 90' lang='lat' dir='ltr'><strong>nolit</strong></span> <span class='ocrx_word' id='word_1_78' title='bbox 1153 1466 1185 1530; x_wconf 92' lang='lat' dir='ltr'><strong>in</strong></span> <span class='ocrx_word' id='word_1_79' title='bbox 1210 1467 1291 1547; x_wconf 82' lang='lat' dir='ltr'><strong>vita,</strong></span> 
     </span>
     <span class='ocr_line' id='line_1_11' title="bbox 147 1566 1289 1650; baseline -0.003 -16"><span class='ocrx_word' id='word_1_80' title='bbox 147 1572 188 1634; x_wconf 90' lang='lat'><strong>10</strong></span> <span class='ocrx_word' id='word_1_81' title='bbox 206 1567 231 1630; x_wconf 91' lang='lat' dir='ltr'><strong>si</strong></span> <span class='ocrx_word' id='word_1_82' title='bbox 253 1566 399 1647; x_wconf 81' lang='lat' dir='ltr'><strong>gerendis</strong></span> <span class='ocrx_word' id='word_1_83' title='bbox 422 1567 553 1645; x_wconf 81' lang='lat' dir='ltr'><strong>negotiis</strong></span> <span class='ocrx_word' id='word_1_84' title='bbox 576 1567 704 1631; x_wconf 88' lang='lat' dir='ltr'><strong>orbatus</strong></span> <span class='ocrx_word' id='word_1_85' title='bbox 727 1566 829 1647; x_wconf 86' lang='lat' dir='ltr'><strong>possit</strong></span> <span class='ocrx_word' id='word_1_86' title='bbox 844 1566 1054 1646; x_wconf 87' lang='lat' dir='ltr'><strong>paratissimis</strong></span> <span class='ocrx_word' id='word_1_87' title='bbox 1071 1567 1154 1633; x_wconf 90' lang='lat' dir='ltr'><strong>vesci</strong></span> <span class='ocrx_word' id='word_1_88' title='bbox 1172 1568 1289 1650; x_wconf 85' lang='lat' dir='ltr'><strong>volup·</strong></span> 
     </span>
    </p>
   </div>
   <div class='ocr_carea' id='block_1_3' title="bbox 204 1752 1291 2023">
    <p class='ocr_par' dir='ltr' id='par_1_3' title="bbox 204 1752 1291 2023">
     <span class='ocr_line' id='line_1_12' title="bbox 278 1752 1290 1817; baseline 0.003 -16"><span class='ocrx_word' id='word_1_89' title='bbox 278 1758 298 1803; x_wconf 93' lang='lat' dir='ltr'><strong>l.</strong></span> <span class='ocrx_word' id='word_1_90' title='bbox 318 1772 344 1803; x_wconf 84' lang='lat' dir='ltr'><strong>re</strong></span> <span class='ocrx_word' id='word_1_91' title='bbox 362 1762 387 1803; x_wconf 84' lang='lat' dir='ltr'><strong>ut</strong></span> <span class='ocrx_word' id='word_1_92' title='bbox 405 1753 482 1803; x_wconf 75' lang='lat' dir='ltr'><strong>illan</strong></span> <span class='ocrx_word' id='word_1_93' title='bbox 518 1758 541 1804; x_wconf 84' lang='lat'><strong>³.</strong></span> <span class='ocrx_word' id='word_1_94' title='bbox 560 1769 656 1817; x_wconf 82' lang='lat' dir='ltr'><strong>comque</strong></span> <span class='ocrx_word' id='word_1_95' title='bbox 674 1753 733 1801; x_wconf 81' lang='lat' dir='ltr'><strong>enim</strong></span> <span class='ocrx_word' id='word_1_96' title='bbox 751 1753 853 1802; x_wconf 82' lang='lat' dir='ltr'><strong>labeant</strong></span> <span class='ocrx_word' id='word_1_97' title='bbox 871 1753 893 1800; x_wconf 79' lang='lat' dir='ltr'>E</span> <span class='ocrx_word' id='word_1_98' title='bbox 929 1758 952 1801; x_wconf 82' lang='grc'><strong>4.</strong></span> <span class='ocrx_word' id='word_1_99' title='bbox 972 1752 1066 1817; x_wconf 73' lang='lat' dir='ltr'><strong>aliquos</strong></span> <span class='ocrx_word' id='word_1_100' title='bbox 1084 1763 1107 1803; x_wconf 84' lang='lat' dir='ltr'><strong>et</strong></span> <span class='ocrx_word' id='word_1_101' title='bbox 1122 1753 1290 1805; x_wconf 59' lang='lat' dir='ltr'><strong>sambuculus</strong></span> 
     </span>
     <span class='ocr_line' id='line_1_13' title="bbox 204 1820 1290 1888; baseline 0.004 -19"><span class='ocrx_word' id='word_1_102' title='bbox 204 1821 295 1872; x_wconf 84' lang='lat' dir='ltr'><strong>Ll&#39;CR</strong></span> <span class='ocrx_word' id='word_1_103' title='bbox 330 1827 353 1874; x_wconf 76' lang='lat' dir='ltr'><strong>t.</strong></span> <span class='ocrx_word' id='word_1_104' title='bbox 372 1821 428 1885; x_wconf 80' lang='lat' dir='ltr'><strong>quia</strong></span> <span class='ocrx_word' id='word_1_105' title='bbox 446 1831 468 1870; x_wconf 86' lang='lat' dir='ltr'><strong>te</strong></span> <span class='ocrx_word' id='word_1_106' title='bbox 486 1824 543 1886; x_wconf 88' lang='lat' dir='ltr'><strong>(pro</strong></span> <span class='ocrx_word' id='word_1_107' title='bbox 561 1824 600 1888; x_wconf 82' lang='lat' dir='ltr'><strong>ne)</strong></span> <span class='ocrx_word' id='word_1_108' title='bbox 619 1822 641 1869; x_wconf 79' lang='grc' dir='ltr'>Ε</span> <span class='ocrx_word' id='word_1_109' title='bbox 659 1821 740 1871; x_wconf 84' lang='lat' dir='ltr'><strong>necC</strong></span> <span class='ocrx_word' id='word_1_110' title='bbox 776 1820 834 1885; x_wconf 78' lang='lat' dir='ltr'><strong>quid</strong></span> <span class='ocrx_word' id='word_1_111' title='bbox 851 1826 907 1885; x_wconf 78' lang='lat' dir='ltr'><strong>(pro</strong></span> <span class='ocrx_word' id='word_1_112' title='bbox 926 1821 1070 1887; x_wconf 64' lang='lat' dir='ltr'><strong>quidemn</strong></span> <span class='ocrx_word' id='word_1_113' title='bbox 1105 1821 1244 1873; x_wconf 69' lang='lat' dir='ltr'><strong>delectionis</strong></span> <span class='ocrx_word' id='word_1_114' title='bbox 1265 1823 1290 1873; x_wconf 85' lang='lat' dir='ltr'>E</span> 
     </span>
     <span class='ocr_line' id='line_1_14' title="bbox 205 1888 1291 1957; baseline 0.006 -21"><span class='ocrx_word' id='word_1_115' title='bbox 205 1895 226 1936; x_wconf 79' lang='lat'><strong>8.</strong></span> <span class='ocrx_word' id='word_1_116' title='bbox 247 1890 345 1954; x_wconf 80' lang='lat' dir='ltr'><strong>requirit</strong></span> <span class='ocrx_word' id='word_1_117' title='bbox 363 1891 385 1939; x_wconf 87' lang='lat' dir='ltr'>E</span> <span class='ocrx_word' id='word_1_118' title='bbox 421 1899 537 1954; x_wconf 83' lang='lat' dir='ltr'><strong>quaerunt</strong></span> <span class='ocrx_word' id='word_1_119' title='bbox 555 1891 576 1939; x_wconf 89' lang='lat' dir='ltr'>L</span> <span class='ocrx_word' id='word_1_120' title='bbox 616 1896 652 1940; x_wconf 81' lang='lat'><strong>¹0.</strong></span> <span class='ocrx_word' id='word_1_121' title='bbox 671 1889 696 1938; x_wconf 81' lang='lat' dir='ltr'><strong>ai</strong></span> <span class='ocrx_word' id='word_1_122' title='bbox 712 1917 742 1927; x_wconf 95' lang='lat'>-</span> <span class='ocrx_word' id='word_1_123' title='bbox 761 1888 922 1954; x_wconf 65' lang='lat' dir='ltr'><strong>columnulae</strong></span> <span class='ocrx_word' id='word_1_124' title='bbox 939 1890 1039 1940; x_wconf 80' lang='lat' dir='ltr'><strong>Nonius</strong></span> <span class='ocrx_word' id='word_1_125' title='bbox 1057 1895 1141 1956; x_wconf 66' lang='lat' dir='ltr'><strong>pilu</strong></span> <span class='ocrx_word' id='word_1_126' title='bbox 1160 1890 1291 1957; x_wconf 70' lang='lat' dir='ltr'><strong>(pentadio</strong></span> 
     </span>
     <span class='ocr_line' id='line_1_15' title="bbox 204 1959 446 2023; baseline 0.004 -16"><span class='ocrx_word' id='word_1_127' title='bbox 204 1968 229 2007; x_wconf 87' lang='lat' dir='ltr'><strong>et</strong></span> <span class='ocrx_word' id='word_1_128' title='bbox 244 1959 321 2023; x_wconf 75' lang='lat' dir='ltr'><strong>possit</strong></span> <span class='ocrx_word' id='word_1_129' title='bbox 339 1960 446 2023; x_wconf 77' lang='lat' dir='ltr'><strong>orbatus)</strong></span> 
     </span>
    </p>
   </div>
   <div class='ocr_carea' id='block_1_4' title="bbox 161 2130 1289 4340">
    <p class='ocr_par' dir='ltr' id='par_1_4' title="bbox 161 2130 1289 4340">
     <span class='ocr_line' id='line_1_16' title="bbox 204 2130 1289 2210; baseline 0.005 -23"><span class='ocrx_word' id='word_1_130' title='bbox 204 2132 344 2188; x_wconf 89' lang='lat' dir='ltr'><strong>laudavit.</strong></span> <span class='ocrx_word' id='word_1_131' title='bbox 389 2132 504 2189; x_wconf 87' lang='lat' dir='ltr'><strong>Deinde</strong></span> <span class='ocrx_word' id='word_1_132' title='bbox 533 2133 645 2206; x_wconf 89' lang='lat' dir='ltr'><strong>primae</strong></span> <span class='ocrx_word' id='word_1_133' title='bbox 673 2131 811 2188; x_wconf 86' lang='lat' dir='ltr'><strong>editionis</strong></span> <span class='ocrx_word' id='word_1_134' title='bbox 839 2130 912 2188; x_wconf 91' lang='lat' dir='ltr'><strong>ordo</strong></span> <span class='ocrx_word' id='word_1_135' title='bbox 940 2133 976 2204; x_wconf 85' lang='lat' dir='ltr'><strong>(et</strong></span> <span class='ocrx_word' id='word_1_136' title='bbox 1003 2136 1091 2189; x_wconf 70' lang='lat' dir='ltr'><strong>antiano</strong></span> <span class='ocrx_word' id='word_1_137' title='bbox 1113 2136 1289 2210; x_wconf 67' lang='lat' dir='ltr'><strong>atemptare)</strong></span> 
     </span>
     <span class='ocr_line' id='line_1_17' title="bbox 205 2216 1289 2292; baseline 0.004 -20"><span class='ocrx_word' id='word_1_138' title='bbox 205 2228 384 2292; x_wconf 85' lang='lat' dir='ltr'><strong>propagatus</strong></span> <span class='ocrx_word' id='word_1_139' title='bbox 407 2227 450 2273; x_wconf 89' lang='lat' dir='ltr'><strong>oet</strong></span> <span class='ocrx_word' id='word_1_140' title='bbox 473 2218 510 2273; x_wconf 88' lang='lat' dir='ltr'><strong>ad</strong></span> <span class='ocrx_word' id='word_1_141' title='bbox 530 2218 618 2282; x_wconf 64' lang='lat' dir='ltr'><strong>Man„</strong></span> <span class='ocrx_word' id='word_1_142' title='bbox 637 2218 751 2287; x_wconf 79' lang='lat' dir='ltr'><strong>Lanrb,</strong></span> <span class='ocrx_word' id='word_1_143' title='bbox 775 2224 904 2286; x_wconf 84' lang='lat' dir='ltr'><strong>ceteros;</strong></span> <span class='ocrx_word' id='word_1_144' title='bbox 927 2216 1052 2273; x_wconf 87' lang='lat' dir='ltr'><strong>aiterum</strong></span> <span class='ocrx_word' id='word_1_145' title='bbox 1065 2216 1158 2276; x_wconf 80' lang='lat' dir='ltr'><strong>Gaius</strong></span> <span class='ocrx_word' id='word_1_146' title='bbox 1182 2238 1199 2276; x_wconf 91' lang='lat' dir='ltr'><strong>e</strong></span> <span class='ocrx_word' id='word_1_147' title='bbox 1223 2220 1289 2277; x_wconf 88' lang='lat' dir='ltr'><strong>euie</strong></span> 
     </span>
     <span class='ocr_line' id='line_1_18' title="bbox 204 2299 795 2380; baseline 0 -22"><span class='ocrx_word' id='word_1_148' title='bbox 204 2303 353 2359; x_wconf 86' lang='lat' dir='ltr'><strong>codicibus</strong></span> <span class='ocrx_word' id='word_1_149' title='bbox 378 2304 466 2376; x_wconf 89' lang='lat' dir='ltr'><strong>(Mor.</strong></span> <span class='ocrx_word' id='word_1_150' title='bbox 491 2301 535 2380; x_wconf 89' lang='lat' dir='ltr'><strong>[et</strong></span> <span class='ocrx_word' id='word_1_151' title='bbox 560 2299 613 2378; x_wconf 85' lang='lat' dir='ltr'><strong>B])</strong></span> <span class='ocrx_word' id='word_1_152' title='bbox 636 2302 795 2358; x_wconf 82' lang='lat' dir='ltr'><strong>revocavit.</strong></span> 
     </span>
     <span class='ocr_line' id='line_1_19' title="bbox 289 2386 1286 2463; baseline 0.002 -19"><span class='ocrx_word' id='word_1_153' title='bbox 289 2391 483 2462; x_wconf 70' lang='lat' dir='ltr'><strong>neemanenloo)</strong></span> <span class='ocrx_word' id='word_1_154' title='bbox 511 2387 540 2444; x_wconf 92' lang='lat' dir='ltr'><strong>id</strong></span> <span class='ocrx_word' id='word_1_155' title='bbox 570 2396 628 2456; x_wconf 78' lang='lat' dir='ltr'><strong>est,</strong></span> <span class='ocrx_word' id='word_1_156' title='bbox 662 2405 816 2444; x_wconf 83' lang='lat' dir='ltr'><strong>consessus</strong></span> <span class='ocrx_word' id='word_1_157' title='bbox 843 2386 932 2443; x_wconf 87' lang='lat' dir='ltr'><strong>certis</strong></span> <span class='ocrx_word' id='word_1_158' title='bbox 961 2386 991 2443; x_wconf 92' lang='lat' dir='ltr'><strong>in</strong></span> <span class='ocrx_word' id='word_1_159' title='bbox 1020 2387 1093 2445; x_wconf 83' lang='lat' dir='ltr'><strong>locis</strong></span> <span class='ocrx_word' id='word_1_160' title='bbox 1120 2406 1286 2463; x_wconf 88' lang='lat' dir='ltr'><strong>paucorum</strong></span> 
     </span>
     <span class='ocr_line' id='line_1_20' title="bbox 204 2471 1287 2549; baseline 0.002 -21"><span class='ocrx_word' id='word_1_161' title='bbox 204 2473 354 2529; x_wconf 89' lang='lat' dir='ltr'><strong>bominum</strong></span> <span class='ocrx_word' id='word_1_162' title='bbox 378 2472 639 2530; x_wconf 85' lang='lat' dir='ltr'><strong>confabulantium.</strong></span> <span class='ocrx_word' id='word_1_163' title='bbox 674 2473 739 2530; x_wconf 86' lang='lat' dir='ltr'><strong>Hoc</strong></span> <span class='ocrx_word' id='word_1_164' title='bbox 762 2491 778 2528; x_wconf 91' lang='lat' dir='ltr'><strong>e</strong></span> <span class='ocrx_word' id='word_1_165' title='bbox 802 2481 901 2527; x_wconf 87' lang='lat' dir='ltr'><strong>vetere</strong></span> <span class='ocrx_word' id='word_1_166' title='bbox 923 2471 999 2529; x_wconf 88' lang='lat' dir='ltr'><strong>libro</strong></span> <span class='ocrx_word' id='word_1_167' title='bbox 1018 2472 1161 2549; x_wconf 85' lang='lat' dir='ltr'><strong>Scaligeri</strong></span> <span class='ocrx_word' id='word_1_168' title='bbox 1185 2484 1215 2530; x_wconf 91' lang='lat' dir='ltr'><strong>et</strong></span> <span class='ocrx_word' id='word_1_169' title='bbox 1239 2475 1287 2532; x_wconf 87' lang='lat' dir='ltr'><strong>El.</strong></span> 
     </span>
     <span class='ocr_line' id='line_1_21' title="bbox 206 2555 1286 2635; baseline 0.002 -21"><span class='ocrx_word' id='word_1_170' title='bbox 206 2558 282 2616; x_wconf 87' lang='lat' dir='ltr'><strong>Dav.</strong></span> <span class='ocrx_word' id='word_1_171' title='bbox 307 2558 450 2628; x_wconf 81' lang='lat' dir='ltr'><strong>restituit3</strong></span> <span class='ocrx_word' id='word_1_172' title='bbox 473 2558 647 2615; x_wconf 87' lang='lat' dir='ltr'><strong>confirmant</strong></span> <span class='ocrx_word' id='word_1_173' title='bbox 670 2558 741 2628; x_wconf 76' lang='lat' dir='ltr'><strong>Eri,</strong></span> <span class='ocrx_word' id='word_1_174' title='bbox 765 2557 843 2632; x_wconf 83' lang='lat' dir='ltr'><strong>Spin.</strong></span> <span class='ocrx_word' id='word_1_175' title='bbox 858 2555 924 2635; x_wconf 76' lang='lat' dir='ltr'>[B],</span> <span class='ocrx_word' id='word_1_176' title='bbox 946 2576 1002 2632; x_wconf 81' lang='lat' dir='ltr'><strong>mg.</strong></span> <span class='ocrx_word' id='word_1_177' title='bbox 1016 2557 1106 2629; x_wconf 80' lang='lat' dir='ltr'><strong>Crat,</strong></span> <span class='ocrx_word' id='word_1_178' title='bbox 1130 2558 1194 2616; x_wconf 89' lang='lat' dir='ltr'><strong>cod.</strong></span> <span class='ocrx_word' id='word_1_179' title='bbox 1208 2560 1286 2618; x_wconf 86' lang='lat' dir='ltr'><strong>Mor.</strong></span> 
     </span>
     <span class='ocr_line' id='line_1_22' title="bbox 205 2643 1286 2720; baseline 0.004 -22"><span class='ocrx_word' id='word_1_180' title='bbox 205 2643 377 2700; x_wconf 89' lang='lat' dir='ltr'><strong>Deteriores</strong></span> <span class='ocrx_word' id='word_1_181' title='bbox 399 2662 500 2700; x_wconf 88' lang='lat' dir='ltr'><strong>omnes</strong></span> <span class='ocrx_word' id='word_1_182' title='bbox 523 2643 647 2699; x_wconf 87' lang='lat' dir='ltr'><strong>ridicule</strong></span> <span class='ocrx_word' id='word_1_183' title='bbox 669 2645 861 2709; x_wconf 72' lang='lat' dir='ltr'><strong>cernim&#39;rculoe,</strong></span> <span class='ocrx_word' id='word_1_184' title='bbox 886 2652 914 2698; x_wconf 88' lang='lat' dir='ltr'><strong>et</strong></span> <span class='ocrx_word' id='word_1_185' title='bbox 937 2652 1060 2717; x_wconf 86' lang='lat' dir='ltr'><strong>apparet</strong></span> <span class='ocrx_word' id='word_1_186' title='bbox 1083 2643 1176 2720; x_wconf 82' lang='lat' dir='ltr'><strong>origo.</strong></span> <span class='ocrx_word' id='word_1_187' title='bbox 1225 2645 1286 2702; x_wconf 87' lang='lat' dir='ltr'><strong>De·</strong></span> 
     </span>
     <span class='ocr_line' id='line_1_23' title="bbox 204 2727 1285 2803; baseline 0.002 -18"><span class='ocrx_word' id='word_1_188' title='bbox 204 2727 299 2785; x_wconf 84' lang='lat' dir='ltr'><strong>fendit</strong></span> <span class='ocrx_word' id='word_1_189' title='bbox 320 2737 418 2785; x_wconf 92' lang='lat' dir='ltr'><strong>tamen</strong></span> <span class='ocrx_word' id='word_1_190' title='bbox 442 2727 545 2798; x_wconf 76' lang='lat' dir='ltr'><strong>Gaius,</strong></span> <span class='ocrx_word' id='word_1_191' title='bbox 568 2738 602 2785; x_wconf 90' lang='lat' dir='ltr'><strong>ut</strong></span> <span class='ocrx_word' id='word_1_192' title='bbox 624 2728 756 2786; x_wconf 87' lang='lat' dir='ltr'><strong>decebat.</strong></span> <span class='ocrx_word' id='word_1_193' title='bbox 802 2727 881 2800; x_wconf 81' lang='lat' dir='ltr'><strong>Quid</strong></span> <span class='ocrx_word' id='word_1_194' title='bbox 904 2727 981 2784; x_wconf 89' lang='lat' dir='ltr'><strong>enirn</strong></span> <span class='ocrx_word' id='word_1_195' title='bbox 1004 2729 1172 2803; x_wconf 87' lang='lat' dir='ltr'><strong>perversius</strong></span> <span class='ocrx_word' id='word_1_196' title='bbox 1196 2748 1285 2787; x_wconf 85' lang='lat' dir='ltr'><strong>exco-</strong></span> 
     </span>
     <span class='ocr_line' id='line_1_24' title="bbox 203 2812 1284 2890; baseline 0.003 -21"><span class='ocrx_word' id='word_1_197' title='bbox 203 2813 291 2889; x_wconf 82' lang='lat' dir='ltr'><strong>gitari</strong></span> <span class='ocrx_word' id='word_1_198' title='bbox 320 2824 417 2889; x_wconf 89' lang='lat' dir='ltr'><strong>potest</strong></span> <span class='ocrx_word' id='word_1_199' title='bbox 444 2814 499 2870; x_wconf 88' lang='lat' dir='ltr'><strong>hac</strong></span> <span class='ocrx_word' id='word_1_200' title='bbox 526 2813 677 2870; x_wconf 89' lang='lat' dir='ltr'><strong>notatione</strong></span> <span class='ocrx_word' id='word_1_201' title='bbox 704 2813 815 2890; x_wconf 82' lang='lat' dir='ltr'><strong>figurae</strong></span> <span class='ocrx_word' id='word_1_202' title='bbox 843 2812 1040 2888; x_wconf 84' lang='lat' dir='ltr'><strong>geometricae</strong></span> <span class='ocrx_word' id='word_1_203' title='bbox 1067 2823 1119 2870; x_wconf 89' lang='lat' dir='ltr'><strong>ant</strong></span> <span class='ocrx_word' id='word_1_204' title='bbox 1146 2815 1284 2872; x_wconf 88' lang='lat' dir='ltr'><strong>sedilium</strong></span> 
     </span>
     <span class='ocr_line' id='line_1_25' title="bbox 204 2898 1285 2975; baseline 0.002 -20"><span class='ocrx_word' id='word_1_205' title='bbox 204 2908 301 2956; x_wconf 89' lang='lat' dir='ltr'><strong>certae</strong></span> <span class='ocrx_word' id='word_1_206' title='bbox 323 2899 444 2975; x_wconf 79' lang='lat' dir='ltr'><strong>figurae,</strong></span> <span class='ocrx_word' id='word_1_207' title='bbox 468 2919 505 2956; x_wconf 88' lang='lat' dir='ltr'><strong>ex</strong></span> <span class='ocrx_word' id='word_1_208' title='bbox 529 2917 587 2972; x_wconf 91' lang='lat' dir='ltr'><strong>qua</strong></span> <span class='ocrx_word' id='word_1_209' title='bbox 605 2898 770 2956; x_wconf 87' lang='lat' dir='ltr'><strong>necessario</strong></span> <span class='ocrx_word' id='word_1_210' title='bbox 787 2909 992 2972; x_wconf 86' lang='lat' dir='ltr'><strong>consequatur.</strong></span> <span class='ocrx_word' id='word_1_211' title='bbox 1016 2907 1049 2955; x_wconf 88' lang='lat' dir='ltr'><strong>ut</strong></span> <span class='ocrx_word' id='word_1_212' title='bbox 1065 2898 1193 2956; x_wconf 86' lang='lat' dir='ltr'><strong>circulos</strong></span> <span class='ocrx_word' id='word_1_213' title='bbox 1210 2918 1285 2975; x_wconf 91' lang='lat' dir='ltr'><strong>quo·</strong></span> 
     </span>
     <span class='ocr_line' id='line_1_26' title="bbox 204 2983 1283 3059; baseline 0.003 -20"><span class='ocrx_word' id='word_1_214' title='bbox 204 3003 261 3058; x_wconf 92' lang='lat' dir='ltr'><strong>que</strong></span> <span class='ocrx_word' id='word_1_215' title='bbox 284 3003 341 3041; x_wconf 89' lang='lat' dir='ltr'><strong>non</strong></span> <span class='ocrx_word' id='word_1_216' title='bbox 365 2994 467 3041; x_wconf 91' lang='lat' dir='ltr'><strong>coetus</strong></span> <span class='ocrx_word' id='word_1_217' title='bbox 489 2984 657 3054; x_wconf 80' lang='lat' dir='ltr'><strong>hominum,</strong></span> <span class='ocrx_word' id='word_1_218' title='bbox 688 2984 739 3040; x_wconf 86' lang='lat' dir='ltr'><strong>sed</strong></span> <span class='ocrx_word' id='word_1_219' title='bbox 761 2984 871 3059; x_wconf 85' lang='lat' dir='ltr'><strong>figurae</strong></span> <span class='ocrx_word' id='word_1_220' title='bbox 892 2983 1086 3059; x_wconf 86' lang='lat' dir='ltr'><strong>geometricas</strong></span> <span class='ocrx_word' id='word_1_221' title='bbox 1109 2985 1208 3042; x_wconf 90' lang='lat' dir='ltr'><strong>nescio</strong></span> <span class='ocrx_word' id='word_1_222' title='bbox 1230 2985 1283 3043; x_wconf 90' lang='lat' dir='ltr'><strong>ubi</strong></span> 
     </span>
     <span class='ocr_line' id='line_1_27' title="bbox 203 3068 1284 3145; baseline 0.003 -20"><span class='ocrx_word' id='word_1_223' title='bbox 203 3070 366 3144; x_wconf 86' lang='lat' dir='ltr'><strong>descriptas</strong></span> <span class='ocrx_word' id='word_1_224' title='bbox 388 3079 440 3127; x_wconf 89' lang='lat' dir='ltr'><strong>aut</strong></span> <span class='ocrx_word' id='word_1_225' title='bbox 462 3069 627 3127; x_wconf 86' lang='lat' dir='ltr'><strong>contrariae</strong></span> <span class='ocrx_word' id='word_1_226' title='bbox 650 3070 761 3145; x_wconf 88' lang='lat' dir='ltr'><strong>figurae</strong></span> <span class='ocrx_word' id='word_1_227' title='bbox 783 3069 888 3126; x_wconf 87' lang='lat' dir='ltr'><strong>sedilia</strong></span> <span class='ocrx_word' id='word_1_228' title='bbox 909 3068 1135 3144; x_wconf 76' lang='lat' dir='ltr'><strong>intellegamus?</strong></span> <span class='ocrx_word' id='word_1_229' title='bbox 1178 3070 1284 3128; x_wconf 88' lang='lat' dir='ltr'><strong>Hemi-</strong></span> 
     </span>
     <span class='ocr_line' id='line_1_28' title="bbox 202 3152 1283 3230; baseline 0.003 -20"><span class='ocrx_word' id='word_1_230' title='bbox 202 3154 297 3230; x_wconf 87' lang='lat' dir='ltr'><strong>cyclia</strong></span> <span class='ocrx_word' id='word_1_231' title='bbox 309 3154 426 3214; x_wconf 86' lang='lat' dir='ltr'><strong>Graeco</strong></span> <span class='ocrx_word' id='word_1_232' title='bbox 444 3156 562 3212; x_wconf 91' lang='lat' dir='ltr'><strong>nomine</strong></span> <span class='ocrx_word' id='word_1_233' title='bbox 579 3155 724 3230; x_wconf 89' lang='lat' dir='ltr'><strong>appellari</strong></span> <span class='ocrx_word' id='word_1_234' title='bbox 741 3174 802 3211; x_wconf 89' lang='lat' dir='ltr'><strong>rem</strong></span> <span class='ocrx_word' id='word_1_235' title='bbox 822 3152 969 3212; x_wconf 76' lang='lat' dir='ltr'><strong>Graecam</strong></span> <span class='ocrx_word' id='word_1_236' title='bbox 987 3172 1006 3210; x_wconf 87' lang='lat' dir='ltr'><strong>a</strong></span> <span class='ocrx_word' id='word_1_237' title='bbox 1023 3152 1175 3226; x_wconf 78' lang='lat' dir='ltr'><strong>Cicerone,</strong></span> <span class='ocrx_word' id='word_1_238' title='bbox 1195 3156 1283 3213; x_wconf 86' lang='lat' dir='ltr'><strong>aemi·</strong></span> 
     </span>
     <span class='ocr_line' id='line_1_29' title="bbox 203 3239 1283 3316; baseline 0.003 -21"><span class='ocrx_word' id='word_1_239' title='bbox 203 3240 369 3296; x_wconf 83' lang='lat' dir='ltr'><strong>circuloso</strong></span> <span class='ocrx_word' id='word_1_240' title='bbox 392 3241 489 3309; x_wconf 74' lang='lat' dir='ltr'><strong>nullo,</strong></span> <span class='ocrx_word' id='word_1_241' title='bbox 512 3259 606 3316; x_wconf 87' lang='lat' dir='ltr'><strong>paene</strong></span> <span class='ocrx_word' id='word_1_242' title='bbox 629 3239 720 3315; x_wconf 87' lang='lat' dir='ltr'><strong>pudet</strong></span> <span class='ocrx_word' id='word_1_243' title='bbox 741 3240 862 3308; x_wconf 91' lang='lat' dir='ltr'><strong>addere;</strong></span> <span class='ocrx_word' id='word_1_244' title='bbox 887 3239 1018 3315; x_wconf 90' lang='lat' dir='ltr'><strong>ineptum</strong></span> <span class='ocrx_word' id='word_1_245' title='bbox 1042 3250 1087 3296; x_wconf 90' lang='lat' dir='ltr'><strong>est</strong></span> <span class='ocrx_word' id='word_1_246' title='bbox 1109 3240 1186 3297; x_wconf 88' lang='lat' dir='ltr'><strong>enim</strong></span> <span class='ocrx_word' id='word_1_247' title='bbox 1210 3241 1283 3299; x_wconf 85' lang='lat' dir='ltr'><strong>talia</strong></span> 
     </span>
     <span class='ocr_line' id='line_1_30' title="bbox 202 3325 742 3395; baseline 0.002 -15"><span class='ocrx_word' id='word_1_248' title='bbox 202 3325 280 3381; x_wconf 89' lang='lat' dir='ltr'><strong>serio</strong></span> <span class='ocrx_word' id='word_1_249' title='bbox 303 3325 442 3395; x_wconf 84' lang='lat' dir='ltr'><strong>refutare,</strong></span> <span class='ocrx_word' id='word_1_250' title='bbox 465 3327 590 3383; x_wconf 88' lang='lat' dir='ltr'><strong>veritate</strong></span> <span class='ocrx_word' id='word_1_251' title='bbox 612 3326 742 3382; x_wconf 88' lang='lat' dir='ltr'><strong>invente.</strong></span> 
     </span>
     <span class='ocr_line' id='line_1_31' title="bbox 290 3408 1284 3486; baseline 0.003 -20"><span class='ocrx_word' id='word_1_252' title='bbox 290 3410 333 3466; x_wconf 84' lang='lat' dir='ltr'><strong>Ne</strong></span> <span class='ocrx_word' id='word_1_253' title='bbox 360 3413 457 3468; x_wconf 72' lang='lat' dir='ltr'><strong>beateae</strong></span> <span class='ocrx_word' id='word_1_254' title='bbox 479 3411 600 3485; x_wconf 80' lang='lat' dir='ltr'><strong>quidem)</strong></span> <span class='ocrx_word' id='word_1_255' title='bbox 624 3411 670 3468; x_wconf 88' lang='lat' dir='ltr'><strong>Ex</strong></span> <span class='ocrx_word' id='word_1_256' title='bbox 693 3410 755 3467; x_wconf 84' lang='lat' dir='ltr'><strong>Erl.</strong></span> <span class='ocrx_word' id='word_1_257' title='bbox 778 3408 855 3467; x_wconf 88' lang='lat' dir='ltr'><strong>effici</strong></span> <span class='ocrx_word' id='word_1_258' title='bbox 879 3418 992 3486; x_wconf 85' lang='lat' dir='ltr'><strong>posset:</strong></span> <span class='ocrx_word' id='word_1_259' title='bbox 1025 3408 1097 3477; x_wconf 71' lang='lat' dir='ltr'><strong>Quin</strong></span> <span class='ocrx_word' id='word_1_260' title='bbox 1123 3430 1156 3467; x_wconf 81' lang='lat' dir='ltr'><strong>ne</strong></span> <span class='ocrx_word' id='word_1_261' title='bbox 1183 3411 1284 3469; x_wconf 80' lang='lat' dir='ltr'><strong>hestiae</strong></span> 
     </span>
     <span class='ocr_line' id='line_1_32' title="bbox 203 3493 1282 3574; baseline 0.003 -23"><span class='ocrx_word' id='word_1_262' title='bbox 203 3493 298 3572; x_wconf 89' lang='lat' dir='ltr'><strong>[quod</strong></span> <span class='ocrx_word' id='word_1_263' title='bbox 321 3496 415 3570; x_wconf 89' lang='lat' dir='ltr'><strong>ipsum</strong></span> <span class='ocrx_word' id='word_1_264' title='bbox 444 3507 489 3553; x_wconf 87' lang='lat' dir='ltr'><strong>est</strong></span> <span class='ocrx_word' id='word_1_265' title='bbox 516 3497 546 3554; x_wconf 91' lang='lat' dir='ltr'><strong>in</strong></span> <span class='ocrx_word' id='word_1_266' title='bbox 571 3494 626 3574; x_wconf 80' lang='lat' dir='ltr'><strong>ss].</strong></span> <span class='ocrx_word' id='word_1_267' title='bbox 655 3496 711 3552; x_wconf 88' lang='lat' dir='ltr'><strong>nisi</strong></span> <span class='ocrx_word' id='word_1_268' title='bbox 739 3494 920 3552; x_wconf 78' lang='lat' dir='ltr'><strong>consuetudo</strong></span> <span class='ocrx_word' id='word_1_269' title='bbox 949 3494 1185 3553; x_wconf 90' lang='lat' dir='ltr'><strong>coniunctionem</strong></span> <span class='ocrx_word' id='word_1_270' title='bbox 1214 3515 1282 3571; x_wconf 87' lang='lat' dir='ltr'><strong>par·</strong></span> 
     </span>
     <span class='ocr_line' id='line_1_33' title="bbox 161 3578 1283 3657; baseline 0.003 -21"><span class='ocrx_word' id='word_1_271' title='bbox 161 3633 163 3637; x_wconf 84' lang='lat'><em>.</em></span> <span class='ocrx_word' id='word_1_272' title='bbox 203 3581 358 3637; x_wconf 91' lang='lat' dir='ltr'><strong>ticularum</strong></span> <span class='ocrx_word' id='word_1_273' title='bbox 392 3588 459 3655; x_wconf 82' lang='lat' dir='ltr'><strong>quin</strong></span> <span class='ocrx_word' id='word_1_274' title='bbox 492 3591 522 3638; x_wconf 90' lang='lat' dir='ltr'><strong>et</strong></span> <span class='ocrx_word' id='word_1_275' title='bbox 550 3602 583 3639; x_wconf 86' lang='lat' dir='ltr'><strong>ne</strong></span> <span class='ocrx_word' id='word_1_276' title='bbox 612 3615 649 3624; x_wconf 94' lang='lat'><em>-</em></span> <span class='ocrx_word' id='word_1_277' title='bbox 681 3583 788 3655; x_wconf 78' lang='lat' dir='ltr'><strong>quidem</strong></span> <span class='ocrx_word' id='word_1_278' title='bbox 816 3578 917 3657; x_wconf 89' lang='lat' dir='ltr'><strong>[quam</strong></span> <span class='ocrx_word' id='word_1_279' title='bbox 947 3580 1084 3638; x_wconf 85' lang='lat' dir='ltr'><strong>Halmius</strong></span> <span class='ocrx_word' id='word_1_280' title='bbox 1111 3581 1283 3639; x_wconf 83' lang='lat' dir='ltr'><strong>coniectura</strong></span> 
     </span>
     <span class='ocr_line' id='line_1_34' title="bbox 202 3665 1282 3744; baseline 0.005 -24"><span class='ocrx_word' id='word_1_281' title='bbox 202 3665 231 3721; x_wconf 90' lang='lat' dir='ltr'><strong>in</strong></span> <span class='ocrx_word' id='word_1_282' title='bbox 256 3667 317 3722; x_wconf 87' lang='lat' dir='ltr'><strong>Pis.</strong></span> <span class='ocrx_word' id='word_1_283' title='bbox 342 3668 379 3724; x_wconf 85' lang='lat'><strong>67</strong></span> <span class='ocrx_word' id='word_1_284' title='bbox 404 3665 518 3744; x_wconf 88' lang='lat' dir='ltr'><strong>posuit]</strong></span> <span class='ocrx_word' id='word_1_285' title='bbox 540 3685 679 3742; x_wconf 86' lang='lat' dir='ltr'><strong>respuere</strong></span> <span class='ocrx_word' id='word_1_286' title='bbox 702 3666 867 3734; x_wconf 82' lang='lat' dir='ltr'><strong>videretur3</strong></span> <span class='ocrx_word' id='word_1_287' title='bbox 897 3683 964 3722; x_wconf 88' lang='lat' dir='ltr'><strong>nam</strong></span> <span class='ocrx_word' id='word_1_288' title='bbox 992 3665 1021 3721; x_wconf 92' lang='lat' dir='ltr'><strong>in</strong></span> <span class='ocrx_word' id='word_1_289' title='bbox 1050 3685 1083 3722; x_wconf 86' lang='lat' dir='ltr'><strong>ne</strong></span> <span class='ocrx_word' id='word_1_290' title='bbox 1110 3697 1148 3708; x_wconf 92' lang='lat'><em>-</em></span> <span class='ocrx_word' id='word_1_291' title='bbox 1173 3669 1282 3741; x_wconf 83' lang='lat' dir='ltr'><strong>quidem</strong></span> 
     </span>
     <span class='ocr_line' id='line_1_35' title="bbox 203 3750 1281 3827; baseline 0.003 -20"><span class='ocrx_word' id='word_1_292' title='bbox 203 3770 238 3807; x_wconf 89' lang='lat' dir='ltr'><strong>ea</strong></span> <span class='ocrx_word' id='word_1_293' title='bbox 261 3752 436 3827; x_wconf 79' lang='lat' dir='ltr'><strong>significatio</strong></span> <span class='ocrx_word' id='word_1_294' title='bbox 460 3753 517 3808; x_wconf 84' lang='lat' dir='ltr'><strong>iarn</strong></span> <span class='ocrx_word' id='word_1_295' title='bbox 541 3753 631 3821; x_wconf 78' lang='lat' dir='ltr'><strong>inest,</strong></span> <span class='ocrx_word' id='word_1_296' title='bbox 660 3770 736 3826; x_wconf 89' lang='lat' dir='ltr'><strong>quae</strong></span> <span class='ocrx_word' id='word_1_297' title='bbox 759 3770 796 3808; x_wconf 87' lang='lat' dir='ltr'><strong>ex</strong></span> <span class='ocrx_word' id='word_1_298' title='bbox 819 3751 935 3807; x_wconf 88' lang='lat' dir='ltr'><strong>adiecto</strong></span> <span class='ocrx_word' id='word_1_299' title='bbox 963 3754 1028 3824; x_wconf 81' lang='lat' dir='ltr'><strong>quin</strong></span> <span class='ocrx_word' id='word_1_300' title='bbox 1051 3750 1121 3808; x_wconf 87' lang='lat' dir='ltr'><strong>oriri</strong></span> <span class='ocrx_word' id='word_1_301' title='bbox 1145 3751 1281 3810; x_wconf 83' lang='lat' dir='ltr'><strong>debebat.</strong></span> 
     </span>
     <span class='ocr_line' id='line_1_36' title="bbox 202 3835 1280 3914; baseline 0.004 -20"><span class='ocrx_word' id='word_1_302' title='bbox 202 3835 307 3914; x_wconf 89' lang='lat' dir='ltr'><strong>[Apud</strong></span> <span class='ocrx_word' id='word_1_303' title='bbox 331 3837 547 3911; x_wconf 79' lang='lat' dir='ltr'><strong>Quintilianum</strong></span> <span class='ocrx_word' id='word_1_304' title='bbox 570 3839 595 3903; x_wconf 85' lang='lat'><strong>1,</strong></span> <span class='ocrx_word' id='word_1_305' title='bbox 617 3840 641 3903; x_wconf 75' lang='lat'><strong>1,</strong></span> <span class='ocrx_word' id='word_1_306' title='bbox 660 3837 697 3894; x_wconf 83' lang='lat'><strong>31</strong></span> <span class='ocrx_word' id='word_1_307' title='bbox 722 3837 753 3893; x_wconf 92' lang='lat' dir='ltr'><strong>in</strong></span> <span class='ocrx_word' id='word_1_308' title='bbox 776 3835 949 3911; x_wconf 78' lang='lat' dir='ltr'><strong>corrigendo</strong></span> <span class='ocrx_word' id='word_1_309' title='bbox 971 3836 1170 3911; x_wconf 90' lang='lat' dir='ltr'><strong>interponitur</strong></span> <span class='ocrx_word' id='word_1_310' title='bbox 1191 3841 1280 3898; x_wconf 78' lang='lat' dir='ltr'><strong>immo.</strong></span> 
     </span>
     <span class='ocr_line' id='line_1_37' title="bbox 202 3921 1281 3999; baseline 0.002 -20"><span class='ocrx_word' id='word_1_311' title='bbox 202 3923 249 3979; x_wconf 85' lang='lat' dir='ltr'><strong>Ex</strong></span> <span class='ocrx_word' id='word_1_312' title='bbox 272 3924 424 3997; x_wconf 88' lang='lat' dir='ltr'><strong>superiore</strong></span> <span class='ocrx_word' id='word_1_313' title='bbox 448 3922 527 3980; x_wconf 92' lang='lat' dir='ltr'><strong>loco:</strong></span> <span class='ocrx_word' id='word_1_314' title='bbox 562 3922 633 3990; x_wconf 78' lang='lat' dir='ltr'><strong>Qrcin</strong></span> <span class='ocrx_word' id='word_1_315' title='bbox 660 3927 740 3980; x_wconf 86' lang='lat' dir='ltr'><strong>etiam</strong></span> <span class='ocrx_word' id='word_1_316' title='bbox 761 3924 936 3979; x_wconf 74' lang='lat' dir='ltr'><strong>inertissimos</strong></span> <span class='ocrx_word' id='word_1_317' title='bbox 963 3921 1021 3978; x_wconf 91' lang='lat' dir='ltr'><strong>huc</strong></span> <span class='ocrx_word' id='word_1_318' title='bbox 1049 3930 1175 3980; x_wconf 87' lang='lat' dir='ltr'><strong>tractum</strong></span> <span class='ocrx_word' id='word_1_319' title='bbox 1199 3932 1281 3999; x_wconf 90' lang='lat' dir='ltr'><strong>puto.</strong></span> 
     </span>
     <span class='ocr_line' id='line_1_38' title="bbox 202 4005 1282 4084; baseline 0.002 -19"><span class='ocrx_word' id='word_1_320' title='bbox 202 4008 338 4065; x_wconf 88' lang='lat' dir='ltr'><strong>Klotzius</strong></span> <span class='ocrx_word' id='word_1_321' title='bbox 361 4009 494 4084; x_wconf 80' lang='lat' dir='ltr'><strong>scripsit:</strong></span> <span class='ocrx_word' id='word_1_322' title='bbox 529 4007 620 4076; x_wconf 75' lang='lat' dir='ltr'><strong>Quid?</strong></span> <span class='ocrx_word' id='word_1_323' title='bbox 642 4028 673 4064; x_wconf 83' lang='lat' dir='ltr'><strong>ne</strong></span> <span class='ocrx_word' id='word_1_324' title='bbox 696 4010 794 4064; x_wconf 79' lang='lat' dir='ltr'><strong>bestiae</strong></span> <span class='ocrx_word' id='word_1_325' title='bbox 815 4009 923 4081; x_wconf 82' lang='lat' dir='ltr'><strong>quidem</strong></span> <span class='ocrx_word' id='word_1_326' title='bbox 946 4040 996 4063; x_wconf 94' lang='lat'><strong>-.</strong></span> <span class='ocrx_word' id='word_1_327' title='bbox 1041 4005 1100 4066; x_wconf 88' lang='lat' dir='ltr'><strong>Sed</strong></span> <span class='ocrx_word' id='word_1_328' title='bbox 1124 4018 1186 4065; x_wconf 91' lang='lat' dir='ltr'><strong>tum</strong></span> <span class='ocrx_word' id='word_1_329' title='bbox 1209 4009 1282 4067; x_wconf 83' lang='lat' dir='ltr'><strong>scri-</strong></span> 
     </span>
     <span class='ocr_line' id='line_1_39' title="bbox 202 4087 1282 4171; baseline 0.004 -22"><span class='ocrx_word' id='word_1_330' title='bbox 202 4093 329 4149; x_wconf 89' lang='lat' dir='ltr'><strong>bendum</strong></span> <span class='ocrx_word' id='word_1_331' title='bbox 353 4104 430 4150; x_wconf 88' lang='lat' dir='ltr'><strong>erat:</strong></span> <span class='ocrx_word' id='word_1_332' title='bbox 458 4093 532 4162; x_wconf 78' lang='lat' dir='ltr'><strong>Quid</strong></span> <span class='ocrx_word' id='word_1_333' title='bbox 539 4137 546 4165; x_wconf 80' lang='grc'><em>,</em></span> <span class='ocrx_word' id='word_1_334' title='bbox 570 4095 644 4167; x_wconf 84' lang='lat' dir='ltr'><strong>quod</strong></span> <span class='ocrx_word' id='word_1_335' title='bbox 664 4113 696 4150; x_wconf 86' lang='lat' dir='ltr'><strong>ne</strong></span> <span class='ocrx_word' id='word_1_336' title='bbox 718 4094 816 4150; x_wconf 72' lang='lat' dir='ltr'><strong>bestiae</strong></span> <span class='ocrx_word' id='word_1_337' title='bbox 838 4094 945 4167; x_wconf 83' lang='lat' dir='ltr'><strong>quidem</strong></span> <span class='ocrx_word' id='word_1_338' title='bbox 969 4087 1042 4171; x_wconf 78' lang='lat' dir='ltr'><strong>-t]</strong></span> <span class='ocrx_word' id='word_1_339' title='bbox 1090 4093 1282 4153; x_wconf 77' lang='lat' dir='ltr'><strong>Concludimue</strong></span> 
     </span>
     <span class='ocr_line' id='line_1_40' title="bbox 200 4178 1282 4254; baseline 0.004 -20"><span class='ocrx_word' id='word_1_340' title='bbox 200 4179 334 4235; x_wconf 89' lang='lat' dir='ltr'><strong>absolute</strong></span> <span class='ocrx_word' id='word_1_341' title='bbox 358 4179 474 4249; x_wconf 76' lang='lat' dir='ltr'><strong>dicitur,</strong></span> <span class='ocrx_word' id='word_1_342' title='bbox 498 4179 743 4254; x_wconf 90' lang='lat' dir='ltr'><strong>quemadmodum</strong></span> <span class='ocrx_word' id='word_1_343' title='bbox 767 4179 797 4234; x_wconf 92' lang='lat' dir='ltr'><strong>in</strong></span> <span class='ocrx_word' id='word_1_344' title='bbox 820 4179 907 4235; x_wconf 87' lang='lat' dir='ltr'><strong>Verr.</strong></span> <span class='ocrx_word' id='word_1_345' title='bbox 924 4178 1032 4247; x_wconf 81' lang='lat' dir='ltr'><strong>1v‚54</strong></span> <span class='ocrx_word' id='word_1_346' title='bbox 1057 4178 1085 4251; x_wconf 87' lang='lat' dir='ltr'><strong>(e</strong></span> <span class='ocrx_word' id='word_1_347' title='bbox 1108 4180 1282 4237; x_wconf 80' lang='lat' dir='ltr'><strong>melioribus</strong></span> 
     </span>
     <span class='ocr_line' id='line_1_41' title="bbox 201 4264 1281 4340; baseline 0.002 -20"><span class='ocrx_word' id='word_1_348' title='bbox 201 4264 299 4333; x_wconf 87' lang='lat' dir='ltr'><strong>codd.;</strong></span> <span class='ocrx_word' id='word_1_349' title='bbox 322 4265 380 4322; x_wconf 87' lang='lat' dir='ltr'><strong>vid.</strong></span> <span class='ocrx_word' id='word_1_350' title='bbox 405 4264 515 4340; x_wconf 89' lang='lat' dir='ltr'><strong>Opusc.</strong></span> <span class='ocrx_word' id='word_1_351' title='bbox 529 4265 623 4323; x_wconf 84' lang='lat' dir='ltr'><strong>Acad.</strong></span> <span class='ocrx_word' id='word_1_352' title='bbox 647 4265 661 4320; x_wconf 94' lang='lat' dir='ltr'>I</span> <span class='ocrx_word' id='word_1_353' title='bbox 684 4284 713 4339; x_wconf 89' lang='lat' dir='ltr'><strong>p.</strong></span> <span class='ocrx_word' id='word_1_354' title='bbox 728 4265 816 4336; x_wconf 84' lang='lat'>360):</span> <span class='ocrx_word' id='word_1_355' title='bbox 839 4265 899 4320; x_wconf 86' lang='lat' dir='ltr'><strong>an</strong></span> <span class='ocrx_word' id='word_1_356' title='bbox 921 4265 1063 4321; x_wconf 80' lang='lat' dir='ltr'><strong>concludit.</strong></span> <span class='ocrx_word' id='word_1_357' title='bbox 1085 4285 1210 4339; x_wconf 70' lang='lat' dir='ltr'><strong>tanquam</strong></span> <span class='ocrx_word' id='word_1_358' title='bbox 1233 4266 1281 4322; x_wconf 78' lang='lat' dir='ltr'><strong>Iro·</strong></span> 
     </span>
    </p>
   </div>
   <div class='ocr_carea' id='block_1_5' title="bbox 201 4353 522 4408">
    <p class='ocr_par' dir='ltr' id='par_1_5' title="bbox 201 4353 522 4408">
     <span class='ocr_line' id='line_1_42' title="bbox 201 4353 522 4408; baseline 0.006 -4"><span class='ocrx_word' id='word_1_359' title='bbox 201 4353 298 4406; x_wconf 61' lang='lat' dir='ltr'><strong>antinum</strong></span> <span class='ocrx_word' id='word_1_360' title='bbox 320 4353 522 4408; x_wconf 72' lang='lat' dir='ltr'><strong>onatilitudinem.</strong></span> 
     </span>
    </p>
   </div>
   <div class='ocr_carea' id='block_1_6' title="bbox 0 0 1520 5086">
    <p class='ocr_par' dir='ltr' id='par_1_6' title="bbox 0 0 1520 5086">
     <span class='ocr_line' id='line_1_43' title="bbox 0 0 1520 5086; baseline 0 1"><span class='ocrx_word' id='word_1_361' title='bbox 0 0 1520 5086; x_wconf 95' lang='lat' dir='ltr'><strong> </strong></span> 
     </span>
    </p>
   </div>
  </div>
 </body>
</html>
