3030 5086
214 451 317 513 Lxui
669 466 864 513 1¹nnnnnuuo.
942 504 950 517 .

223 644 369 713 possent,
396 634 472 710 elio,
499 644 582 713 <pirae
611 635 786 712 probabilia
813 644 868 699 out
895 655 956 700 non
984 635 1158 716 probabilia
1184 640 1317 709 essene

226 742 416 817 (Carneades
433 741 556 821 quidem
574 739 693 805 nullum
711 759 858 822 umquem
876 742 994 823 percipi
1011 760 1105 822 posse
1121 740 1314 817 statuebat),

227 848 284 913 sod
305 846 420 927 duplex
442 858 510 911 erat
527 847 664 911 visorum
685 848 921 912 dividendorum
939 846 1033 925 rati03
1056 847 1193 928 priorem
1213 844 1314 913 Stoici

227 953 452 1033 sequebantur.
480 954 543 1017 alio
565 955 698 1034 percipi,
730 954 790 1019 clia
814 972 874 1017 non
896 955 1015 1035 percipi
1044 953 1197 1031 dicentes,
1226 954 1311 1019 Cor·

228 1062 343 1125 neodes
365 1060 465 1124 altera
482 1061 629 1125 standum
647 1061 788 1141 putabat,
811 1061 956 1141 quoniam
976 1060 1093 1125 nullum
1111 1061 1213 1125 visum
1229 1076 1312 1141 pro·

227 1167 415 1231 habilitatem
450 1168 740 1248 supergredeneurr.
796 1168 830 1230 In
860 1166 985 1247 Topicis
1013 1168 1105 1248 poi,
1136 1174 1313 1248 postquam

227 1272 334 1337 Cicero
357 1275 585 1338 detonsarum
609 1275 684 1349 ioco,
707 1275 737 1337 id
760 1282 822 1347 ost,
844 1275 884 1337 de
905 1292 1020 1355 genere
1041 1284 1311 1355 argumentorum,

226 1398 307 1460 quae
329 1398 366 1444 ex
389 1398 502 1445 canisae
520 1381 645 1444 notione
661 1382 856 1458 ducerentur,
877 1380 962 1457 dixit,
985 1380 1089 1444 addit:
1118 1378 1313 1443 Coniunctus

226 1485 296 1547 itacio
319 1506 483 1551 otiosumne
505 1486 567 1550 loeo
588 1486 637 1549 iiie
658 1485 738 1549 loom
759 1491 811 1562 est,
834 1487 887 1566 qui
909 1485 1039 1566 efficitur
1061 1506 1099 1550 ee
1120 1486 1228 1552 cotom.
1275 1486 1310 1550 Is

227 1593 352 1673 ‹pndem
376 1594 461 1657 locus
480 1613 541 1658 non
559 1594 741 1658 coniunctus
757 1602 806 1657 est
828 1594 991 1674 superiori,
1014 1595 1069 1659 sed
1091 1593 1184 1673 plane
1205 1592 1309 1670 idem;

227 1701 283 1763 sed
306 1700 390 1764 eliud
414 1700 522 1765 Cicero
545 1701 632 1775 dicit,
660 1700 743 1765 oliud
767 1700 845 1773 vult:
875 1698 1099 1780 significandus
1126 1700 1206 1764 enim
1234 1706 1310 1764 emt

228 1825 287 1870 non
312 1807 339 1870 is
361 1807 457 1882 locus,
480 1808 531 1888 (pn
555 1805 687 1872 efficitur
709 1826 746 1871 ex
769 1807 882 1884 cerasis,
905 1808 960 1871 sed
982 1826 1086 1869 eornm
1107 1804 1202 1883 moos,
1224 1824 1311 1886 qam

227 1912 401 1991 efficiuntur
418 1933 455 1976 es
472 1914 577 1989 nitrosis,
600 1913 630 1977 id
649 1922 705 1989 cst,
725 1914 798 1977 iilud
816 1932 915 1991 genus
933 1921 1198 1993 argumentorum,
1219 1912 1310 1994 quod

227 2038 264 2082 ex
292 2021 419 2084 notione
442 2020 569 2085 effectus
591 2021 723 2085 ducitur.
768 2021 815 2084 De
838 2018 954 2083 officiis
977 2020 1006 2090 1,
1034 2021 1071 2084 17
1094 2037 1162 2083 cum
1186 2018 1310 2097 signifi·

228 2128 360 2190 (earnium
383 2137 475 2201 esset,
497 2127 571 2207 quid
594 2127 676 2190 inter·
698 2127 894 2207 prudentiam
912 2127 957 2205 (id
975 2133 1031 2203 cst,
1055 2126 1199 2191 virtutem
1216 2126 1309 2191 theo·

229 2233 370 2311 reticem)
393 2242 423 2298 et
446 2240 566 2298 ceteros
589 2234 719 2297 virtutos
742 2233 924 2313 (practices)
946 2233 1120 2309 interesset,
1145 2232 1310 2313 descripte

228 2341 405 2420 prudentia,
428 2340 472 2404 sic
495 2341 595 2403 oratio
618 2340 733 2420 pergit:
757 2338 893 2419 Reliquis
914 2344 1015 2401 (autem
1032 2339 1127 2401 iridacs
1143 2338 1309 2403 uirtutibus

228 2446 416 2509 necessitato
436 2447 612 2525 propositae
633 2451 704 2509 nont
725 2446 768 2508 nd
788 2466 840 2509 ms
861 2465 908 2509 ree
925 2445 1087 2525 parandos
1108 2444 1312 2526 tuendosque,

228 2552 336 2632 quidus
359 2553 437 2615 cot-io
460 2554 537 2615 uitae
559 2554 735 2616 continetur.
781 2552 915 2625 Omitto,
945 2553 1028 2634 quod
1051 2554 1081 2616 in
1105 2551 1228 2616 dicendi
1251 2570 1310 2633 ge-

228 2678 303 2724 nero
325 2678 387 2723 non
410 2661 576 2724 admodum
599 2661 797 2740 perspicuum
820 2669 883 2735 est,
911 2659 1078 2724 virtutibus
1101 2659 1309 2724 necessitates

228 2767 409 2847 propositas
431 2767 471 2830 ad
496 2767 743 2847 respiciendam
772 2767 827 2831 sod
856 2766 926 2846 ipse
954 2766 1031 2831 haee
1053 2785 1156 2831 nerum
1179 2765 1313 2847 paratio

228 2873 330 2938 aliene
357 2879 406 2937 est
432 2892 576 2953 magnam
605 2883 725 2953 portem
754 2873 1010 2952 omognitudine
1037 2873 1143 2951 animi,
1172 2890 1313 2953 prorsus

229 2998 303 3043 veno
322 2999 343 3043 a
360 2981 520 3045 modestia.
560 2982 709 3060 Apparet,
733 2979 808 3043 iilud
826 2980 865 3043 de
883 2980 1033 3059 ponendis
1056 2980 1149 3044 rebus
1170 2980 1202 3043 in
1220 2998 1310 3043 com·

229 3104 352 3151 munem
366 3086 574 3152 definitionem
587 3086 737 3150 inclusum
750 3104 818 3151 esse
835 3104 853 3150 e
869 3086 998 3166 propria
1015 3085 1152 3151 iustitiae
1168 3086 1312 3163 notione,

230 3210 321 3271 qinon]
352 3193 469 3257 versari
498 3193 571 3256 dicit
605 3193 634 3255 in
665 3192 813 3256 societate
841 3192 998 3256 hominum
1028 3193 1158 3270 tuendo,
1191 3192 1312 3272 itaque,

229 3314 297 3361 curn
320 3299 363 3362 od
385 3299 568 3363 modestiam
591 3309 774 3380 perventum
798 3309 860 3373 nst,
888 3299 1021 3380 cogitur,
1044 3298 1095 3363 ilio
1120 3298 1250 3373 omisso,
1273 3298 1310 3362 id

230 3422 361 3484 ponere,
395 3405 479 3485 quod
508 3424 580 3469 vero
613 3424 773 3469 commune
804 3411 864 3468 est:
899 3403 982 3467 Ordo
1015 3410 1042 3467 ot
1075 3405 1245 3468 cmostoutio
1279 3409 1311 3467 et

229 3509 394 3573 ontoderntio
420 3549 454 3557 -
482 3516 642 3575 personne
663 3512 696 3574 t'ot
718 3530 883 3593 cognouere,
906 3512 947 3575 ad
969 3512 1050 3593 qumi
1071 3510 1242 3575 diuidenda
1264 3516 1310 3577 est

230 3616 307 3680 actio
329 3618 490 3698 qtoctedoou,
512 3639 574 3681 oon
592 3617 688 3700 solum
706 3617 814 3681 animetis
830 3618 964 3699 epitatio.
999 3620 1115 3683 Verum
1133 3618 1176 3683 ita
1195 3637 1310 3685 rursus

230 3722 273 3799 tit,
297 3730 331 3788 ut
353 3724 411 3788 hoc
433 3725 625 3790 incommode
641 3726 734 3789 innius
751 3725 875 3788 virtutis
893 3725 1053 3805 proprium
1071 3725 1132 3789 dici
1151 3726 1309 3791 videatur.

231 3849 298 3894 etim
323 3833 365 3894 sit
386 3832 524 3912 triunn.¹)
568 3835 669 3913 Atque
692 3833 768 3897 haec
790 3832 849 3896 iani
873 3834 913 3894 od
936 3831 1058 3894 (licendi
1087 3840 1184 3896 toturn
1207 3852 1309 3911 genus

260 4045 279 4099 *i
299 4047 352 4094 Non
373 4060 479 4108 possum
500 4061 550 4096 nou
572 4047 697 4110 prodient,
723 4052 747 4096 in
768 4062 798 4097 oo
818 4048 896 4103 iibro,
920 4050 963 4110 qni
987 4062 1000 4095 a
1021 4048 1110 4097 moitis
1128 4049 1203 4098 vaide
1221 4048 1306 4099 subti-

238 4170 242 4174 .
300 4131 356 4180 iiior
375 4134 486 4203 scriptus
506 4132 646 4190 ttniicntnr,
670 4134 803 4181 Oratorem
823 4132 893 4188 dico,
918 4132 1045 4194 permulto
1065 4132 1128 4181 mihi
1147 4132 1227 4182 videri
1247 4144 1307 4182 esso

299 4227 328 4264 ex
353 4215 400 4264 ime
424 4219 520 4264 ineerta
545 4222 569 4265 et
587 4217 722 4265 fluctuanti
743 4216 836 4271 torma,
860 4217 922 4265 dum
942 4216 1062 4266 Ciceroni
1088 4229 1138 4265 non
1159 4218 1306 4279 contingat,

300 4305 325 4348 nt
346 4306 390 4349 otu
408 4303 531 4349 orationis
550 4314 673 4360 generum
697 4308 741 4350 etri
765 4314 933 4350 numerorum
958 4303 1127 4350 oratoriorum
1148 4306 1172 4350 et
1189 4303 1308 4363 poetico·

300 4397 357 4432 reim
378 4387 509 4434 notionem
530 4385 648 4434 staiitiem
669 4385 761 4434 citiciot
782 4390 807 4433 ot
826 4392 919 4438 tenent.
