3030 5086
272 458 334 523 688
660 475 705 519 uu
727 474 858 521 ulmeus
880 474 953 519 uon.

272 644 317 722 id,
340 643 423 724 quod
444 643 579 723 agimus,
606 641 681 707 nihil
703 643 841 707 interest
885 642 918 708 Si
941 642 1037 722 euim,
1065 652 1100 707 ut
1120 642 1194 707 mihi
1216 640 1357 721 quidem

272 746 403 824 videtur,
421 763 482 808 non
500 745 602 826 explet
618 745 700 809 bona
717 753 847 809 naturae
863 745 1016 827 voluptaa
1035 745 1103 809 iure
1118 742 1356 825 praetermissa

273 852 334 927 θεῖς
357 847 404 912 sin
427 855 532 912 autem
554 853 601 911 est
623 847 653 911 in
676 865 728 925 ea,
750 848 833 927 quod
856 847 981 927 quidam
1003 847 1124 925 volunt,
1146 844 1220 909 nihil
1246 843 1355 925 impe·

272 950 320 1014 dit
340 950 420 1014 hane
441 954 580 1013 nostram
602 949 907 1035 comprehensionem
926 949 1036 1014 summi
1053 949 1140 1025 boni;
1163 966 1245 1028 quae
1262 945 1357 1011 enim

233 1058 254 1117 5
272 1052 440 1117 constituta
463 1059 536 1115 sunt
556 1051 658 1132 prima
680 1059 818 1130 naturae,
840 1054 882 1117 ad
904 1070 943 1116 ea
964 1052 990 1115 si
1007 1051 1151 1131 voluptas
1166 1047 1357 1125 accesserit,

272 1173 366 1219 unum
399 1154 524 1234 aliquod
556 1153 723 1218 accesserit
755 1155 949 1218 commodum
977 1153 1117 1234 eorporis
1144 1170 1246 1233 neque
1274 1168 1354 1217 eam

272 1255 523 1321 constitutionem
544 1256 653 1319 summi
677 1256 762 1335 boni,
790 1275 871 1336 quae
893 1265 941 1319 est
963 1256 1139 1336 proposita,
1167 1252 1354 1319 mutaverit.
1420 1250 1423 1255 '

356 1358 455 1422 XVII.
477 1358 528 1422 46.
557 1357 597 1421 Et
623 1357 725 1421 adhue
746 1358 871 1439 quidem
894 1358 938 1421 ita
959 1357 1048 1421 noble
1070 1374 1239 1438 progressa
1261 1355 1353 1420 ratio

273 1468 329 1541 est,
351 1467 387 1524 ut
407 1478 447 1524 ea
467 1459 634 1523 duceretur
650 1460 748 1524 omnis
766 1478 786 1523 a
802 1459 903 1540 prima
919 1459 1186 1524 commendatione
1202 1468 1353 1523 naturae

216 1570 257 1634 10
273 1563 363 1627 Nune
389 1568 493 1626 autom
521 1561 605 1625 aliud
633 1561 694 1625 iarn
716 1562 954 1644 argumentandi
977 1579 1145 1643 sequamur
1166 1578 1281 1642 genus,
1314 1566 1354 1622 ut

346 1754 365 1799 l.
385 1748 410 1796 iri
431 1746 489 1811 quid
506 1749 527 1796 li
568 1748 623 1796 utili
645 1748 740 1811 ouidi}
794 1755 817 1797 2.
836 1749 859 1797 in
881 1766 906 1797 re
926 1748 1097 1812 praeter-mirra
1115 1748 1159 1798 Ec
1211 1752 1234 1795 3.
1254 1750 1294 1796 ain
1315 1754 1354 1795 eat

273 1828 331 1877 (om.
351 1817 590 1873 autemtlnl’CllOn
610 1818 651 1877 luc
669 1834 725 1866 cum
744 1828 805 1869 notu
823 1819 906 1866 merilli
934 1816 998 1880 quod
1015 1817 1106 1880 quidem
1116 1816 1160 1867 EC
1196 1823 1351 1864 annosarum

272 1887 333 1936 lanc
352 1885 455 1934 uPItOr
516 1890 538 1933 6,
557 1884 651 1949 aln'qm'd
668 1887 689 1933 l}
743 1892 763 1937 7.
782 1888 961 1950 praepositall
1014 1894 1035 1934 8.
1054 1885 1120 1934 nobie
1135 1901 1264 1949 progressa
1281 1883 1353 1933 ratio

275 1955 341 2003 numia
358 1963 392 2002 ert
411 1954 432 2002 E
474 1960 508 2003 to,
527 1971 601 2017 yenuo
617 1972 744 2017 aequamur
762 1955 805 2006 l’c

359 2130 393 2185 ei
412 2130 542 2184 enirn-
565 2147 615 2183 non
639 2133 725 2204 explet
747 2130 815 2185 borea
837 2139 951 2185 araturae
976 2146 1024 2197 --3
1047 2131 1089 2184 oin
1110 2137 1196 2184 autem
1220 2126 1295 2203 eet.)
1315 2125 1350 2185 si

275 2214 410 2289 voluptas
438 2232 496 2270 non
524 2213 624 2287 explet
652 2211 846 2289 (συμπληροῖ)
875 2214 951 2271 bona
979 2224 1115 2281 naturae,
1143 2222 1176 2269 ut
1203 2212 1267 2269 aine
1296 2211 1352 2268 illa

274 2319 374 2356 eorum
397 2317 534 2355 numerus
557 2298 741 2365 absolvetur,
770 2299 880 2356 idest.
904 2299 927 2356 si
952 2299 981 2355 in
1005 2299 1041 2355 iia
1063 2316 1121 2355 non
1144 2307 1188 2354 eet
1210 2297 1285 2368 (vid.
1311 2297 1351 2353 ad

274 2386 336 2454 ΙΙΙ,
361 2388 426 2458 41),
450 2384 513 2440 iure
536 2385 743 2458 praetermissa
765 2393 824 2447 eet:
852 2385 897 2441 sin
920 2394 1017 2441 autem
1040 2384 1070 2439 in
1094 2401 1128 2439 ee
1151 2394 1195 2439 aet
1217 2382 1247 2439 id
1270 2385 1352 2454 (tan-

275 2482 335 2528 tum
359 2470 497 2527 momenti
521 2480 551 2525 at
568 2469 742 2545 dignitatis),
765 2470 976 2544 quodquidam
996 2469 1105 2533 volunt.
1129 2478 1161 2525 ut
1182 2468 1212 2524 in
1235 2467 1272 2525 iis
1295 2485 1351 2523 nu·

278 2556 415 2612 meranda
437 2555 475 2610 eit
497 2555 567 2626 (vid.
590 2556 627 2612 ad
646 2556 777 2627 1V,59)‚
800 2555 829 2612 id
853 2555 925 2611 nihil
948 2554 1072 2629 impedit
1093 2562 1147 2610 eat.
1192 2554 1350 2610 Postrema

276 2642 349 2697 haec
377 2642 467 2697 verba
494 2643 544 2712 (eat
572 2643 598 2696 in
626 2660 670 2706 eu.
704 2642 789 2714 qraeod)
817 2659 881 2697 eum
912 2639 1051 2696 Davisius
1083 2657 1142 2696 non
1172 2648 1251 2694 reete
1278 2654 1350 2695 eon·

276 2727 433 2792 iunxisset,
468 2736 507 2782 eet
533 2723 664 2783 referens
698 2726 734 2782 ad
765 2726 924 2800 voluptatis
958 2744 1078 2784 nomen.
1111 2724 1200 2781 eeteri
1231 2741 1350 2798 quoque

275 2813 457 2878 aberrarunt,
481 2810 573 2869 Gziue
596 2820 693 2868 autem
716 2813 804 2869 aliern
828 2811 927 2885 priora
944 2811 1035 2866 verba
1051 2823 1080 2866 et
1097 2828 1212 2866 omnem
1231 2820 1351 2866 senten·

277 2898 346 2953 tiam
375 2895 588 2955 incredibiliter
615 2898 765 2972 pervertit.
809 2897 899 2954 Recta
927 2896 1024 2953 locum
1047 2893 1352 2972 enarrarit[1ngere·

277 2983 370 3039 leviue
393 2994 508 3041 nostras
531 2981 574 3059 at]
597 2983 734 3039 Klotziue
756 2983 785 3038 iu
809 2981 942 3055 Quaestt.
965 2980 1043 3039 Tull.
1062 3001 1090 3056 p.
1105 2982 1154 3049 79,
1177 2998 1264 3054 quem
1277 2978 1351 3039 Otto

276 3077 393 3125 secutus
415 3078 468 3126 aet.
512 3070 591 3125 Boou
614 3078 728 3125 araturae
749 3067 820 3124 Pieo
844 3067 928 3138 dicit,
952 3085 1027 3140 quae
1049 3066 1120 3123 alibi
1143 3065 1253 3141 prima3
1281 3082 1351 3122 nam

277 3153 513 3229 aPeripatetieie
536 3153 620 3211 bonis
642 3153 918 3210 annumerabantur.
953 3153 1012 3209 Pro
1035 3156 1060 3208 ei
1075 3155 1141 3209 enim
1155 3152 1222 3208 Bae.
1242 3152 1268 3207 ei
1282 3153 1353 3207 enirn

276 3249 325 3309 eat,
349 3240 458 3299 eune
481 3241 506 3295 oi
526 3244 594 3296 enim
616 3244 660 3297 ait.
704 3241 801 3296 Autem
823 3248 890 3314 post
912 3242 953 3295 ein
976 3256 1013 3294 ex
1025 3237 1087 3295 Erl.
1111 3235 1155 3314 [et
1178 3234 1218 3312 B]
1241 3235 1353 3293 addidi.

278 3324 355 3381 Tum
383 3344 436 3399 pro
459 3334 578 3381 oruata-am
600 3326 668 3382 lurra
690 3326 720 3381 iu
744 3324 822 3399 Spir.
852 3322 945 3382 Gaius
973 3323 1015 3379 eit
1043 3341 1107 3380 ease
1136 3332 1254 3379 vestrum
1282 3321 1354 3379 nane

277 3419 404 3477 nostram,
428 3411 458 3467 iu
482 3410 542 3467 Erl.
566 3421 684 3468 nonnam
707 3411 776 3467 leuare
798 3419 925 3476 nostrum,
949 3409 978 3465 ln
1001 3408 1080 3467 Gud.
1104 3411 1116 3464 l
1142 3417 1260 3464 vestrum
1282 3407 1354 3464 huno

278 3505 353 3552 earet.
398 3494 549 3573 [Baiterus
567 3496 628 3553 Eri.
653 3506 681 3551 et
706 3496 730 3551 B
753 3496 962 3551 lermoennum
985 3494 1093 3550 habere
1115 3492 1226 3556 scribit,
1250 3493 1354 3566 itaque

278 3578 380 3657 edidi]
419 3581 554 3651 Quosdam
578 3582 645 3637 illos
663 3581 732 3637 Piso
753 3581 920 3655 Epicurum,
940 3579 1167 3653 Calliphontem,
1188 3577 1354 3634 Diodorum

279 3666 433 3741 signifieat.
480 3667 551 3723 Mox
579 3668 608 3723 in
632 3667 730 3723 verbis
758 3687 838 3722 nannum
865 3667 976 3739 aliquod
1002 3669 1142 3721 occesserit
1164 3672 1219 3720 eet.
1241 3662 1357 3738 signill-

280 3763 363 3807 entur
385 3752 505 3809 effaetus
528 3752 644 3808 futurae
666 3753 790 3808 aetionis
813 3751 869 3826 ipsi
892 3761 1023 3824 tempore
1046 3749 1186 3823 aequalis.
1210 3757 1281 3805 noto
1298 3766 1356 3805 usu

279 3837 371 3893 futuri
394 3839 501 3898 exacti.
525 3837 560 3893 (le
583 3838 664 3893 ruins
689 3837 800 3893 ratione
824 3837 884 3892 dixi
909 3835 965 3911 Op.
986 3836 1079 3893 Acori.
1101 3835 1131 3891 II
1150 3854 1177 3908 p.
1192 3834 1231 3890 82
1245 3851 1311 3907 sqq.

365 3922 437 3998 Cap.
461 3924 568 3980 XVII.
592 3926 642 3980 46.
676 3923 756 3978 Nune
783 3933 870 3978 oritoni
898 3923 975 3977 aliani
1002 3925 1055 3976 ium
1082 3920 1290 3993 urqnmantandi
1312 3936 1356 3975 ee·

280 4026 397 4081 quornm*
416 4006 514 4086 oeneus)
537 4008 612 4066 Mire
635 4027 742 4065 novum
764 4027 856 4084 genus
879 4006 983 4065 Cicero
1007 4017 1103 4081 putat.
1132 4005 1209 4078 quod
1233 4020 1358 4080 prorsus

281 4092 357 4149 idem
380 4106 433 4150 est.
478 4094 551 4167 Quia
574 4094 651 4150 onim
675 4112 732 4149 non
756 4093 849 4159 videt,
880 4112 937 4149 non
961 4093 1041 4158 ideo,
1070 4091 1148 4166 quod
1171 4088 1358 4165 singularum

282 4190 402 4236 naturae
426 4181 551 4255 partium
575 4197 628 4235 sua
651 4179 695 4236 vie
718 4179 765 4237 ait.
789 4197 842 4235 nos
866 4178 985 4243 moveri,
1009 4177 1075 4244 serl,
1099 4175 1177 4250 quod
1199 4193 1253 4231 noe
1275 4182 1359 4233 totos

282 4263 447 4341 diligamus,
469 4267 535 4322 ideo
558 4275 657 4340 portes
680 4265 767 4322 etiam
791 4264 913 4339 diligere
936 4274 963 4319 et
987 4262 1016 4319 id
1040 4275 1192 4337 expetere.
1215 4260 1294 4334 quod
1319 4260 1358 4316 ad

282 4348 363 4407 illam
392 4351 533 4425 cuiusque
561 4351 654 4426 partie
677 4351 736 4408 rim
760 4361 859 4426 aptum
883 4347 940 4405 eit?
985 4350 1090 4422 Itaque
1113 4366 1181 4404 mox
1204 4347 1276 4403 Pieo
1300 4345 1361 4403 hoe
