3030 5086
246 423 309 492 856
524 443 630 491 55555
652 440 769 495 55555
791 442 834 493 nr
858 442 1047 491 55555555.

249 615 392 691 Confectio
415 616 486 674 288.
813 613 970 672 Constitutio
992 615 1144 687 (institutio)
1156 619 1251 690 551555
1273 631 1323 671 no·

250 700 421 776 Coptiroeotio
442 708 474 757 et
494 701 757 772 corpsormote'oiod.
852 709 929 757 turae
952 700 1023 768 504,
1047 700 1107 758 817
1132 708 1193 756 551.

246 784 476 847 0551555115555
506 783 660 856 (adverbia
692 801 758 841 sen·
813 784 973 842 Consumere
994 793 1097 860 ternpue
1119 803 1149 842 re
1170 803 1224 859 pro
1247 787 1275 842 io
1294 803 1324 841 re

289 871 397 929 tentiae
415 869 574 943 nectentia)
592 887 650 925 non
667 868 706 926 ad
723 885 758 926 ea
852 888 911 928 555
934 868 1162 928 ciceronianum
1186 871 1257 928 699.
1311 921 1312 924 ,

288 963 465 1032 spectantes,
478 972 554 1028 5555
567 954 701 1028 proxime
712 972 757 1011 se·
814 954 954 1013 Convictus
978 954 1049 1012 508.

288 1049 428 1116 qnuutur,
442 1039 492 1108 35,
505 1042 555 1108 41,
569 1040 646 1105 745;
667 1056 757 1115 copu-
813 1039 897 1115 Copia
920 1041 1035 1097 alicuine
1057 1049 1087 1096 et
1105 1048 1227 1115 potestne
1250 1039 1322 1098 738.
1441 1046 1444 1051 ’

289 1123 757 1198 15115555515555155556255.
813 1124 932 1200 Coqacre
954 1143 1013 1182 555
1036 1143 1089 1200 pro
1112 1142 1157 1195 eo,
1181 1124 1260 1199 quod
1277 1133 1324 1182 est

246 1208 460 1270 Coniunctivus
491 1208 594 1267 modus
628 1227 685 1266 555
713 1209 758 1266 in·
852 1228 1023 1284 concoquere,
1047 1211 1118 1268 252.

289 1306 386 1353 certae
396 1293 596 1363 reiind01263
610 1293 758 1370 pravnsin
814 1294 867 1352 Cor
893 1296 961 1352 184.

288 1378 497 1456 interrogando
510 1380 581 1448 245,
597 1381 667 1447 270,
681 1381 756 1448 589;
814 1380 965 1456 Corporecc
987 1379 1060 1438 419.

288 1465 319 1522 15
332 1463 563 1540 interrogatione
576 1463 759 1540 indignantis
811 1463 946 1534 Crassus,
970 1465 1021 1534 M,
1046 1464 1117 1522 773.

215 1542 221 1553 ’
289 1551 366 1620 270;
388 1549 518 1608 iussivus
541 1548 707 1624 imperfecti
729 1558 759 1606 et
811 1549 959 1610 Critolaus
982 1549 1198 1625 Peripateticus
1222 1551 1293 1609 626.

288 1632 569 1711 plusquamperfecti
589 1635 666 1704 2083
690 1651 757 1691 555-
814 1635 981 1693 Cuicuimodi
1003 1635 1073 1691 394.

289 1720 361 1779 55115
383 1719 484 1777 durior
507 1719 585 1786 399,
609 1719 680 1793 qnid
702 1718 759 1776 dii·
814 1720 1024 1795 cuiusquemodi
1044 1719 1115 1778 835.

288 1804 365 1863 ieret
392 1823 410 1863 5
432 1803 645 1880 significatione
668 1804 758 1879 parti·
814 1806 881 1864 Gom
892 1803 1072 1880 praepositio
1084 1804 1184 1862 addita
1195 1802 1225 1861 in
1237 1804 1323 1862 modo

289 1890 374 1948 culae
396 1909 471 1959 cum,
495 1890 572 1958 702;
596 1889 757 1949 coniuncti·
852 1889 1044 1967 significando
1068 1890 1117 1947 24.

288 1993 344 2033 vus
371 1984 401 2032 et
422 1974 600 2032 indicativus
625 1974 655 2031 in
678 1983 758 2032 certo
813 1975 880 2034 Cum
902 1974 1012 2050 duplex
1040 1975 1078 2032 ad
1106 1974 1228 2031 eandem
1256 1991 1323 2031 een·

288 2077 396 2137 genere
434 2059 578 2117 orationis
610 2059 759 2118 condicio·
853 2060 974 2118 tentiam
1004 2059 1174 2135 primariam
1197 2059 1322 2116 relatum

288 2144 365 2202 nelis
388 2147 450 2202 467
471 2163 529 2219 55.;
553 2143 758 2202 coniunctivus
856 2145 909 2215 193
943 2164 1002 2202 cum
1030 2145 1147 2202 causele
1177 2153 1323 2219 quatenus

288 2229 449 2288 transistus
475 2230 512 2287 ab
535 2248 570 2287 5ο
593 2229 699 2300 verbo,
728 2228 759 2286 15
853 2247 918 2288 cum
932 2229 1322 2301 indicetiv0,26,653,705;

288 2332 348 2389 555
377 2323 457 2372 recte
484 2314 687 2384 adhiberetur,
721 2315 758 2371 ad
853 2314 1322 2391 proquod27(cir.354);cum-

288 2399 369 2458 aliud
394 2400 470 2469 6153
492 2399 663 2474 potentialis
679 2399 759 2475 apud
854 2409 908 2457 trem
921 2404 971 2468 44,
984 2401 1040 2464 73;
1057 2419 1126 2467 cnm,
1146 2401 1201 2457 hoc
1213 2409 1266 2457 est.
1283 2403 1322 2456 ito
1391 2418 1396 2425 ·

288 2485 363 2559 quod
368 2486 440 2553 457;
450 2485 565 2560 positus
572 2494 692 2561 propter
698 2484 757 2542 vim
853 2488 976 2560 (tamen)
987 2495 1018 2544 51
1030 2487 1100 2554 667;
1122 2505 1182 2543 cum
1194 2504 1322 2561 praeser-

288 2569 426 2643 obliquae
465 2569 608 2628 orationis
641 2569 758 2646 longius
853 2571 987 2641 tim1883
1006 2590 1066 2629 cam
1082 2571 1244 2646 temporale
1257 2588 1322 2627 cunr

288 2653 526 2730 progredientem
544 2655 615 2724 287,
629 2656 706 2724 368;
728 2664 758 2712 51
853 2654 985 2732 perfecto
1001 2655 1165 2727 indicativi,
1183 2673 1323 2713 555555·

288 2738 467 2797 indicativus
489 2739 519 2796 in
542 2739 602 2809 his;
630 2742 699 2815 quid
719 2742 758 2797 lo·
852 2741 985 2811 iunctivi,
1009 2743 1081 2811 455,
1107 2742 1177 2800 679.

288 2832 377 2900 quor!
419 2826 489 2899 quid
523 2826 639 2899 loquor!
680 2828 757 2894 7143
810 2824 901 2885 Curia
917 2827 1048 2884 Hostilia
1069 2845 1087 2883 a
1105 2826 1189 2885 Sulla
1211 2835 1324 2884 mutata

288 2908 494 2967 coniunctivae
533 2909 564 2966 in
603 2910 756 2967 sententiis
853 2914 924 2970 606.

287 2993 421 3052 relativis
433 2993 514 3052 varie
531 3004 690 3052 annotatus
708 2997 758 3066 51,
813 2996 942 3054 05515555
967 2999 1015 3064 11,
1041 2997 1111 3055 195.

289 3079 338 3151 92,
352 3079 491 3148 130,161
507 3079 570 3153 (ubi
582 3080 612 3138 in
624 3081 757 3139 subiecto
812 3082 917 3140 Cursus
940 3082 991 3142 79.

288 3164 418 3221 notando
469 3165 583 3223 accedit
630 3166 757 3224 causalis

288 3249 486 3326 significatio),
505 3252 576 3320 260,
595 3253 665 3318 272,
685 3252 756 3321 321,

289 3333 360 3406 345,
385 3333 461 3405 385,
485 3337 562 3407 470,
588 3338 663 3405 516,
684 3336 756 3406 543,
810 3337 937 3395 Dativus
948 3337 1028 3413 apud
1040 3336 1321 3412 55551555555528.

289 3421 361 3490 694,
374 3421 450 3489 740;
470 3439 560 3496 prave
579 3421 693 3497 positus
706 3423 757 3491 27,
809 3423 855 3480 De
876 3423 1010 3481 absolute
1034 3423 1112 3490 4403
1141 3423 1252 3479 deuito
1275 3440 1322 3478 ec·

289 3505 339 3575 51,
364 3504 435 3568 246,
460 3507 530 3564 672.
851 3508 943 3564 cedere
965 3514 995 3563 et
1016 3506 1126 3563 similia
1148 3507 1219 3564 447.

248 3586 382 3665 05555555
403 3598 433 3647 51
454 3594 532 3666 sequi
552 3590 588 3648 de
612 3590 656 3661 iis,
680 3609 755 3666 quae
810 3592 902 3661 Decet,
925 3591 975 3649 ubi
999 3592 1212 3668 expectabatur
1233 3592 1321 3661 debeo,

287 3674 377 3732 alieni
403 3675 554 3746 accidunt,
579 3677 635 3746 703
666 3695 756 3735 conee-
853 3678 923 3735 521.

287 3762 388 3834 quitur,
411 3759 518 3830 idest,
534 3763 570 3835 fit
593 3762 664 3819 522.
808 3762 919 3819 Decius
942 3763 1010 3819 Mus
1033 3780 1125 3837 nepos
1149 3761 1219 3820 249.

248 3842 418 3920 Consequens
436 3864 495 3903 555
514 3846 622 3904 dicitur
639 3866 692 3922 pro
710 3865 755 3919 co,
808 3847 968 3905 Deciinotue
1006 3847 1222 3904 substantivum
1263 3865 1320 3904 non

286 3930 367 4005 quod
388 3930 444 3988 sibi
467 3940 592 4003 constet,
617 3935 687 3991 204.
850 3932 1075 3992 Ciceroniannm
1102 3933 1173 3991 632.

247 4013 396 4073 mamaea
419 4018 490 4075 589.
808 4017 900 4075 Deoua
923 4019 1083 4092 (honestum)
1108 4020 1180 4077 206.

246 4097 408 4177 desperem
431 4110 461 4159 et
482 4111 607 4177 aspectus
631 4101 702 4161 693.
807 4103 950 4161 Deducere
973 4103 1044 4160 692.

247 4183 377 4244 Constare
409 4205 423 4242 e
456 4206 485 4245 re
518 4186 755 4260 Ciceronianam,
807 4189 924 4263 Dejem
950 4208 1008 4247 rein
1035 4199 1064 4246 et
1091 4190 1197 4263 deferre
1226 4187 1318 4248 absol.

286 4288 345 4329 non
367 4290 397 4329 re
419 4272 494 4342 5103
518 4265 583 4331 hoec
604 4275 677 4331 dicto
699 4292 757 4332 ecee
852 4275 922 4332 235.

286 4365 398 4429 emutat,
423 4357 473 4414 vix
496 4368 626 4428 coustant,
650 4358 721 4416 383.
808 4359 980 4434 Depeucrore
1003 4359 1074 4417 624.
