3030 5086
482 501 525 546 nr
549 499 629 546 man.
653 499 715 544 niu.
740 500 760 544 v
783 498 856 544 cnr.
877 502 899 544 a.
914 499 1012 559 (με.)
1221 481 1284 546 613

209 670 295 733 Piso:
319 671 424 749 Atrqui,
447 669 563 744 Cicero,
579 667 689 748 inquit,
705 667 767 731 ista
784 666 896 744 studia,
914 667 940 731 si
957 667 1000 732 ad
1016 667 1183 732 imitandos
1200 686 1284 732 sum-

208 791 275 835 mos
294 771 379 834 viros
402 780 554 850 spectant,
577 769 807 850 ingeniosorum
830 776 912 846 sunt,
934 769 981 834 sin
1004 771 1219 836 tantummodo
1242 770 1282 834 ad

207 874 321 936 indicia
338 872 453 937 veteris
469 869 638 937 memoriae
655 872 881 952 cognoscenda,
898 871 1108 951 curiosorum;
1132 881 1163 937 te
1179 881 1284 938 autem

207 976 371 1039 hortamur
392 993 509 1053 omnes,
532 982 707 1038 currentem
725 974 860 1054 quidem,
882 981 917 1037 ut
936 992 1038 1054 spero,
1060 981 1096 1038 ut
1118 993 1181 1052 eos,
1204 992 1284 1056 quos

207 1078 331 1141 novisse
348 1078 403 1155 via,
426 1077 541 1141 imitari
558 1076 651 1140 etiam
669 1076 754 1139 vebs.
788 1076 848 1140 Hic
870 1094 942 1156 ego:
965 1076 1031 1140 Etsi
1053 1074 1129 1140 facit
1151 1077 1199 1141 hic
1215 1074 1323 1158 qui-5

208 1181 287 1256 dem,
308 1179 445 1259 inquam,
468 1178 551 1256 Piso,
573 1184 609 1241 ut
625 1178 722 1256 vides,
739 1198 786 1254 ea,
804 1196 885 1258 quae
901 1178 1066 1259 praecipis,
1089 1188 1193 1244 tamen
1209 1179 1284 1244 mihi

207 1290 300 1362 grata
317 1280 455 1344 hortatio
472 1287 528 1344 tua
544 1289 601 1344 est
635 1280 715 1344 Tum
731 1279 782 1344 ille
798 1280 992 1359 amicissime,
1008 1289 1044 1345 ut
1060 1281 1194 1346 solebat:
1216 1281 1283 1347 Nos

207 1403 291 1460 vero,
313 1383 422 1463 inquit,
445 1400 552 1447 omnes
575 1383 680 1446 omnia
701 1383 742 1446 ad
765 1381 856 1446 huius
878 1381 1120 1448 adulescentiam
1142 1382 1283 1448 confera-

208 1505 285 1564 mus,
308 1486 339 1549 in
357 1485 529 1565 primisque
547 1490 581 1548 ut
598 1484 716 1565 aliquid
732 1502 860 1549 suorum
877 1485 1052 1549 studiorum
1069 1484 1284 1566 philosophiae

207 1606 330 1668 quoque
347 1586 514 1667 impertiat,
537 1586 585 1649 vel
601 1593 637 1651 ut
653 1593 684 1650 te
699 1586 845 1664 imitetur,
868 1604 959 1666 quem
977 1596 1070 1663 amat,
1093 1587 1141 1650 vel
1157 1587 1284 1652 utillud
1303 1586 1345 1652 10

206 1691 319 1769 ipsum,
341 1689 424 1769 quod
447 1689 561 1765 studet,
583 1687 686 1753 facere
701 1688 803 1768 possit
819 1688 970 1752 ornatius.
1009 1688 1071 1752 Sed
1089 1696 1192 1753 utrum
1209 1690 1283 1753 hor·

207 1792 322 1854 tandus
345 1808 378 1853 es
401 1789 501 1867 nobis,
522 1790 609 1869 Luci,
631 1790 740 1871 inquit,
762 1808 802 1853 an
825 1790 918 1853 etiam
941 1796 998 1854 tua
1019 1798 1132 1872 sponte
1147 1809 1284 1873 propen-

207 1911 261 1957 sus
284 1894 339 1955 cs?
383 1890 460 1954 Mihi
482 1891 605 1970 quidem
628 1891 830 1968 Antiochum,
858 1909 950 1972 quem
973 1893 1078 1971 audis,
1106 1894 1182 1958 satis
1205 1893 1284 1958 belle

207 1994 322 2058 videris
350 1993 520 2056 attendere.
565 1993 644 2056 Tum
672 1992 724 2057 ille
751 1992 860 2057 timide
886 1994 935 2058 vel
961 1994 1067 2075 potius
1095 1995 1283 2059 verecunde:

207 2096 314 2173 Facio,
342 2094 457 2174 inquit,
480 2094 636 2175 equidem;
664 2095 720 2159 sed
742 2095 899 2160 audistine
921 2097 1014 2161 modo
1036 2098 1077 2161 de
1099 2096 1282 2162 Carneade?
1302 2096 1343 2165 lh

276 2290 299 2332 3.
317 2280 445 2330 rudiciaE
482 2287 504 2330 4.
524 2281 582 2344 quid
599 2281 655 2346 (pro
673 2281 777 2347 quedem)
796 2283 820 2329 E
862 2287 875 2329 5
904 2283 971 2332 nocta
987 2300 1029 2332 seu
1051 2282 1096 2348 hp'e
1118 2252 1173 2348 ipro
1191 2283 1283 2333 aout'm

206 2352 292 2410 ruth
327 2350 397 2399 etiam
416 2349 506 2397 {nudari
522 2348 653 2399 hPcuor,
704 2355 727 2398 6.
746 2349 861 2413 ahquitC
895 2359 985 2399 tantum
1003 2351 1097 2401 mihil>
1140 2355 1162 2400 7.
1180 2352 1282 2402 horumne

206 2428 240 2467 ae
258 2427 300 2467 toa
319 2419 338 2465 P
362 2427 397 2466 at
413 2417 516 2466 lenacia
534 2426 577 2466 tua
595 2418 683 2468 CROr.
741 2423 777 2468 to.
797 2418 925 2483 hepartio
942 2419 963 2467 L
1002 2419 1040 2468 vet
1057 2449 1088 2458 -
1108 2430 1174 2469 amar
1191 2436 1240 2471 om.
1260 2419 1282 2468 h

210 2494 246 2536 12.
266 2495 317 2536 tuta
333 2487 456 2550 sponteE
498 2492 532 2537 15.
553 2486 644 2535 audisti
660 2504 696 2535 me
713 2486 821 2535 modoE
859 2487 998 2538 Charmada
1016 2489 1059 2538 Or.

204 2678 311 2736 genere
333 2660 426 2716 utitur
448 2660 580 2717 Kritzius
602 2661 638 2716 ad
662 2660 734 2719 Sall.
753 2661 817 2737 Iug.
844 2664 887 2730 17,
907 2663 934 2721 3,
958 2662 1008 2718 nbi
1026 2673 1129 2719 contra
1145 2663 1282 2718 meliores

205 2747 319 2803 codices
337 2744 442 2800 edidit:
460 2749 729 2820 reparamentum
746 2749 868 2819 Africam
881 2766 1006 2821 pesum
1039 2746 1186 2818 Quoniam
1203 2747 1281 2804 enim

204 2831 267 2904 ipse
291 2839 448 2904 negaturus
472 2847 528 2887 non
551 2841 604 2887 est
628 2849 703 2898 eum,
727 2832 777 2904 qui
800 2830 910 2905 aliquid
933 2832 963 2888 in
980 2850 1074 2907 genua
1091 2849 1282 2888 numerumve

205 2915 331 2988 aliquem
355 2914 478 2973 referat.
508 2915 565 2971 dici
594 2916 699 2972 Latine
727 2916 756 2971 id
786 2922 813 2971 in
841 2935 870 2972 eo
895 2935 990 2989 ponere
1016 2936 1155 2973 numerous
1172 2935 1282 2991 ponere,

204 3000 332 3056 concidit
350 3010 441 3055 totum
461 3000 498 3059 id,
523 3000 601 3073 quod
621 3001 794 3075 caprimum
812 3001 979 3075 repperisse
997 3011 1089 3075 putat.
1113 3002 1283 3058 accusativo

204 3085 372 3159 significari.
397 3086 447 3158 qui
464 3085 551 3159 primi
570 3086 611 3141 sic
624 3086 794 3143 diviserint:
817 3104 993 3159 quamquam
1012 3087 1082 3161 quid
1100 3105 1153 3161 per
1169 3105 1201 3142 se
1217 3086 1283 3143 ina·

204 3172 270 3227 nius
293 3169 356 3226 cst?
400 3169 587 3243 Quicumque
609 3172 686 3227 enim
710 3171 883 3227 divisionem
908 3172 945 3227 ab
968 3171 1035 3228 aliis
1054 3172 1218 3229 institutam
1237 3191 1282 3230 se-

203 3257 312 3330 qnitur,
331 3255 432 3311 eodem
452 3256 538 3312 modo
557 3255 714 3312 dividendo
732 3256 797 3312 loca
815 3257 903 3313 rebus
920 3257 1060 3328 assignat.
1085 3254 1167 3337 [Non
1186 3257 1283 3315 minus

203 3360 325 3415 pravum
345 3352 389 3397 est
402 3342 465 3415 lug.
485 3343 554 3410 lll,
571 3345 584 3397 l
603 3344 630 3397 in
644 3346 762 3414 qratiam
780 3339 941 3417 hedilurce]
964 3343 1023 3414 (De
1035 3344 1181 3417 reponendi
1191 3343 1282 3401 verbo

204 3427 349 3482 dubitatio
372 3426 563 3499 relinquitur,
592 3445 629 3482 an
653 3425 757 3485 Cicero
786 3436 907 3501 propter
929 3430 1064 3500 referendi
1086 3428 1281 3504 propinquam

203 3512 351 3568 notionem
381 3511 560 3584 aliquotiens
588 3512 799 3586 praepositioni
823 3512 1021 3569 accusativum
1046 3513 1219 3582 subiecerit,
1249 3520 1283 3570 ut

203 3597 239 3652 de
262 3598 299 3653 N.
324 3597 361 3654 D.
388 3597 412 3666 l,
438 3598 486 3653 38.
510 3598 568 3654 ΙΙΙ.
592 3599 642 3653 47.
665 3598 701 3652 de
724 3599 839 3655 Invent.
863 3598 886 3656 1.
900 3598 939 3654 39
953 3608 982 3654 et
995 3599 1045 3664 97,
1068 3599 1105 3654 de
1127 3609 1188 3674 opt.
1212 3616 1279 3674 gen.

202 3694 276 3738 orat.
305 3684 363 3754 17.)
666 3703 675 3718 ·

290 3769 317 3825 6.
342 3771 442 3823 imitari
463 3769 555 3838 etiam)
579 3765 644 3843 [Sic
656 3767 733 3825 Bait.
754 3786 792 3823 ex
804 3767 865 3825 Erl.
885 3776 913 3825 et
932 3769 967 3837 B,
990 3768 1127 3842 idemque
1151 3787 1218 3825 mox
1242 3787 1281 3825 ex

202 3852 304 3910 iisdem
330 3854 444 3909 hortatio
467 3863 513 3907 tuo
532 3861 579 3908 eet.
624 3851 717 3910 Gaius
740 3871 755 3908 e
779 3852 873 3910 tribus
896 3854 957 3910 suis
980 3854 1051 3910 dett.
1073 3863 1195 3909 annotat
1218 3854 1280 3909 hor-

202 3942 266 3993 tatio
288 3948 327 3994 eet
350 3948 404 3993 trec.
451 3936 546 3992 Paulo
568 3947 634 4011 post
656 3939 758 3994 eadem
781 3938 882 4005 verba,
906 3957 981 4013 quae
1000 3939 1072 4007 Erl.,
1095 3939 1204 3995 omittit
1226 3936 1280 4016 Β.]

288 4026 455 4080 Antiochum.
479 4042 557 4096 quem
579 4024 673 4095 codis)
696 4023 823 4080 Prorsus
845 4024 990 4091 abundat,
1014 4023 1164 4098 et.inepte
1187 4025 1280 4081 abun·

201 4108 252 4164 dat
274 4108 329 4165 hoc
352 4129 428 4182 quem
451 4109 546 4175 audis:
570 4107 619 4181 qui
643 4108 719 4164 enim
743 4118 794 4164 aut
813 4109 875 4183 ipse
889 4109 997 4165 Lucius
1019 4119 1069 4166 ant
1087 4109 1177 4166 ceteri
1196 4109 1279 4186 igno·

200 4212 266 4249 rare
280 4191 434 4268 poterant?
468 4194 572 4266 Itaque
589 4192 726 4266 quotiens
737 4193 814 4249 hunc
826 4192 921 4251 locum
934 4193 1003 4269 legi,
1020 4194 1186 4270 auspicatus
1203 4211 1278 4265 snm,

201 4278 373 4336 Ciceronem
398 4279 566 4353 scripsisse:
594 4279 754 4335 Antiochum
776 4297 836 4334 cum
856 4281 952 4347 audie,
975 4284 1043 4337 actio
1065 4280 1129 4336 belle
1151 4290 1223 4350 cet,
1245 4288 1280 4336 nt

200 4367 336 4421 attendere
358 4363 491 4421 absolute
515 4372 641 4437 ponatur
664 4366 790 4434 (attento
812 4364 910 4421 animo
933 4368 1019 4436 esee).
1065 4365 1111 4422 De
1135 4364 1279 4440 proximis

201 4449 300 4505 verbis
322 4451 368 4520 (de
393 4451 552 4506 Carueodet
573 4449 681 4523 Raptor
702 4451 777 4522 illuc)
799 4448 909 4506 dictum
932 4459 978 4506 eat
999 4449 1088 4526 panio
1110 4459 1189 4509 ante.
