3030 5086
455 508 560 554 moun
583 507 699 555 amun
723 507 766 553 nr
789 506 978 553 mortun.
1191 488 1254 553 865

223 681 274 737 sit.
303 678 412 736 diversi
439 679 468 735 in
491 678 585 735 altera
607 687 692 753 parte
786 677 930 734 bitatione
959 674 1150 751 significanda
1178 678 1253 742 8343

222 763 354 839 intellegi
377 764 500 839 possint.
527 764 597 820 650.
786 767 946 836 quicumque
962 764 1011 834 qui
1025 761 1182 817 barbarum
1195 762 1255 821 ilul.

181 850 349 905 Pronomen
372 849 488 912 reflex.;
512 848 571 905 rid.
596 847 641 904 Se.
748 845 862 914 Quidem
884 845 912 900 in
937 845 1081 902 elevando
1101 849 1155 914 77;
1179 847 1255 902 mule

181 933 369 990 Pronominis
405 932 565 1006 possessivi
603 949 689 1007 gene·
786 930 913 1006 positum
929 931 999 996 130,
1013 932 1088 1000 390;
1106 930 1255 1005 inelegan-

223 1018 301 1073 rivus
335 1035 388 1093 pro
420 1017 558 1090 genetivo
591 1034 691 1091 perso·
786 1026 833 1071 tor
855 1014 1012 1089 repetitum
1037 1016 1112 1084 7453
1148 1033 1255 1090 prono-

224 1102 299 1158 nalis
322 1100 435 1177 positus
455 1104 529 1169 111;
553 1119 606 1176 pro
624 1119 691 1175 pos·
786 1099 858 1155 mini
880 1099 1043 1155 subiectum
1068 1100 1140 1157 545.

223 1189 336 1243 sessivo
358 1185 503 1242 adiacrivo
527 1186 599 1243 269.
748 1183 819 1252 Quin
830 1201 921 1258 prave
936 1200 1001 1240 cum
1019 1183 1207 1241 coniunctivo
1224 1184 1254 1240 in

181 1261 267 1345 Πρὸς
289 1256 377 1342 φύσιν
399 1288 454 1343 pro
476 1260 553 1326 κατὰ
576 1286 608 1341 φ.
633 1288 690 1326 non
785 1269 994 1343 interrogando
1008 1268 1083 1335 734;
1105 1279 1173 1343 post
1189 1287 1255 1325 sen·

223 1353 371 1412 Graecum
396 1355 446 1412 67.
785 1353 906 1410 tentiam
929 1353 1106 1409 contrariam
1131 1363 1184 1410 aut
1205 1372 1255 1410 ua·

181 1440 335 1513 Prospeues
359 1438 429 1497 131.
786 1438 934 1513 gationem
958 1438 1092 1513 negando
1109 1438 1273 1503 sublatam,

78 1556 81 1562 ·
179 1523 343 1581 Prudentia
382 1535 412 1578 et
445 1523 591 1597 sapientia
623 1541 692 1580 con·
788 1524 863 1591 661;
887 1527 951 1596 quin
968 1542 1001 1578 ne
1018 1556 1055 1566 -
1072 1525 1180 1596 quidem
1196 1542 1254 1579 non

222 1607 305 1664 fusae
328 1608 448 1665 notione
471 1609 520 1665 89.
785 1607 926 1664 usitatum
952 1609 1022 1665 704.

180 1689 387 1764 Hroieuasiou
417 1692 563 1765 quomodo
586 1692 692 1749 Latine
749 1691 854 1766 Quique
866 1725 904 1734 —
921 1695 1021 1765 quique
1042 1711 1096 1766 pro
1113 1702 1138 1749 et
1153 1695 1202 1766 qui
1216 1724 1252 1736 ·-

205 1789 208 1793 ·
222 1776 437 1849 pronuntietur,
455 1787 484 1831 et
501 1777 609 1832 similia
622 1778 692 1833 604.
788 1787 812 1833 et
824 1779 872 1850 qui
882 1795 938 1839 non
949 1775 1173 1834 Ciceronianam
1183 1778 1254 1834 710.

180 1858 348 1916 Puteolana
369 1862 507 1936 granaria
531 1864 601 1919 261.
625 1855 633 1864 ’
748 1860 816 1929 Quis
843 1860 1026 1918 indefinitum
1060 1861 1089 1917 in
1118 1861 1257 1938 negativa

180 1944 691 2022 Putesco,putrescoetcognata678.
786 1947 932 2002 sententia
955 1947 1026 2003 466.

181 2028 296 2104 Pyrrho
321 2032 391 2088 217.
747 2030 898 2105 Quisquam
918 2033 987 2097 142,
1008 2031 1078 2100 392,
1097 2032 1169 2099 466,
1183 2032 1255 2098 547,

180 2113 359 2190 Pythagorei
391 2115 524 2172 Platonis
559 2114 691 2191 magistri
787 2116 858 2174 835.

225 2201 295 2256 760.
747 2199 868 2274 Quisque
897 2201 950 2269 30,
976 2201 1051 2268 596;
1088 2203 1202 2273 quisque
1224 2199 1254 2256 in

786 2285 931 2342 sententia
958 2293 1026 2359 post
1054 2285 1149 2359 posita
1178 2286 1254 2351 46ος

184 2367 246 2435 Qua
269 2379 298 2425 et
321 2389 390 2444 quae
413 2373 461 2427 59.
786 2369 822 2426 ad
856 2371 912 2426 hoc
941 2369 1064 2426 verbum
1097 2369 1254 2443 singularis

185 2452 293 2520 Quaero
314 2459 383 2512 scire
409 2457 487 2530 apud
516 2471 589 2529 quos
613 2455 691 2511 dica·
785 2454 899 2511 numeri
916 2453 1043 2510 relaturn
1062 2454 1163 2510 durius
1178 2455 1253 2523 6823

223 2547 280 2602 tur,
304 2541 374 2596 356.
785 2556 842 2595 non
871 2539 991 2613 ponitur
1018 2539 1095 2612 apud
1120 2538 1181 2596 Cic.
1204 2550 1255 2595 aut

180 2622 374 2695 Quaestiones
438 2623 691 2680 extraordinariae
785 2623 924 2697 aequales
943 2642 997 2698 pro
1016 2627 1176 2698 quicumque
1191 2641 1254 2680 exc.

222 2707 375 2764 criminum
394 2727 412 2764 a
428 2709 539 2784 populo
556 2709 692 2766 decretae
786 2709 846 2775 Vl,
870 2709 930 2766 832
955 2726 1019 2783 sqq.
1063 2708 1123 2767 Cir.
1150 2713 1256 2783 panius

224 2792 299 2860 2333
320 2794 454 2867 quaestio
473 2792 509 2849 de
521 2793 692 2869 repetundis
786 2797 908 2866 quisque,
931 2812 998 2850 suus
1020 2797 1142 2867 quisque.

226 2877 297 2936 233.
748 2875 878 2950 Quisquis
912 2895 985 2951 quos
1019 2895 1104 2934 casus
1137 2878 1254 2946 lrabeat,

184 2960 274 3029 Quam
301 2962 339 3019 ab
368 2962 513 3019 adiectiro
542 2961 691 3039 praeposi·
786 2963 865 3031 4193
895 2960 1027 3019 feminini
1055 2962 1172 3036 generis
1193 2961 1253 3019 for·

222 3046 302 3103 tione
325 3055 491 3122 separatum
506 3048 577 3115 651,
600 3065 691 3122 prave
786 3064 864 3103 mam
888 3066 945 3103 non
968 3046 1057 3102 habet
1080 3055 1147 3102 ante
1168 3047 1255 3104 Taci-

223 3133 432 3207 transpositum
467 3135 561 3206 (quam
590 3135 690 3207 potius,
784 3140 848 3189 ,turn
872 3134 947 3201 4203
974 3149 1028 3206 pro
1050 3136 1165 3205 quisque
1184 3133 1255 3188 645.

217 3220 310 3291 pirrus)
334 3219 405 3275 772.
749 3216 808 3285 Quo
834 3235 892 3273 non
915 3216 1022 3272 dicitur
1049 3234 1102 3291 pro
1125 3217 1256 3291 quomodo

184 3300 361 3368 Quamobrem
385 3302 456 3360 366.
788 3301 859 3359 232.

184 3386 355 3460 Quamquam
372 3406 440 3444 num
460 3385 537 3461 apud
550 3385 611 3445 cic.
625 3404 690 3443 curn
749 3385 808 3454 Quo
818 3387 974 3457 minus(uoa
982 3405 1081 3461 precor
1091 3405 1118 3459 q.
1127 3386 1255 3460 ηι.)276.

221 3472 419 3543 coniunctim,
433 3473 509 3542 465;
528 3472 692 3528 siuevsrbo
748 3470 828 3539 Quod
849 3479 917 3527 ante
940 3469 1015 3527 alias
1034 3469 1255 3527 coniunctiones

222 3558 299 3632 apud
318 3557 379 3616 Cic.
404 3575 460 3614 non
480 3557 600 3631 ponitur
617 3557 689 3614 726.
788 3556 865 3625 125;
888 3555 964 3612 male
982 3573 1049 3612 cum
1067 3555 1255 3611 coniunctivo

61 3646 64 3650 ’
183 3638 300 3707 Quando
322 3651 352 3698 et
373 3645 499 3714 quatiam
525 3641 595 3709 639,
620 3640 690 3697 723.
787 3640 914 3715 positum
940 3642 993 3705 51;
1017 3657 1081 3695 curn
1106 3638 1251 3695 coniunct,

183 3723 352 3801 Quandoque
375 3726 446 3784 834.
786 3744 840 3800 pro
852 3744 1017 3799 quamquam
1028 3722 1253 3798 apudOvidium

183 3808 241 3877 Que
258 3811 287 3866 in
306 3810 432 3868 transitu
450 3810 488 3867 ad
505 3828 611 3867 novam
625 3828 690 3867 sen·
788 3812 841 3878 52;
869 3812 944 3883 quod
964 3814 1033 3877 item,
1057 3800 1132 3882 q'uod
1152 3819 1254 3875 contra,

222 3896 344 3952 tentiam
367 3898 444 3964 4713
468 3895 617 3951 rarissime
640 3893 691 3951 ad·
786 3896 860 3969 quod
881 3913 951 3951 nunc
975 3894 1046 3951 739.

221 3981 352 4056 iungitur
386 3980 508 4037 vocibus
542 3981 597 4045 uie,
637 3982 690 4045 sic,
748 3978 872 4053 Quoque3
896 3979 1019 4054 positus,
1037 3977 1087 4034 ubi
1105 3995 1170 4033 curn
1189 3976 1255 4031 aliis

222 4084 291 4122 nune
304 4067 364 4123 677
369 4109 375 4124 .
406 4064 481 4136 (cn.
493 4075 517 4120 et
529 4072 559 4121 et
571 4066 691 4138 quique.)
785 4064 940 4138 particulis
962 4062 1119 4128 concurrit,
1144 4063 1214 4119 325.

183 4150 238 4217 Qui
258 4161 283 4207 et
306 4160 424 4224 quantus
448 4150 521 4207 258.
748 4147 870 4216 Quorsus
888 4158 917 4206 et
928 4168 1065 4222 quorsum,
1085 4146 1191 4202 similia
1204 4146 1254 4202 42.

182 4234 238 4303 Qui
265 4255 317 4292 non
350 4245 381 4291 et
410 4237 475 4309 quin
506 4233 575 4292 193.
622 4231 694 4303 (Qui

221 4319 280 4376 vid.
302 4320 395 4377 Pr0n.
418 4319 514 4391 relat)
743 4317 860 4374 Ratione
873 4320 927 4385 7ος
945 4320 1047 4372 ratione
1058 4317 1171 4372 alicuius
1183 4316 1255 4371 414.

182 4404 348 4479 Quicumque
364 4423 419 4481 pro
438 4409 526 4479 quiuis
544 4410 574 4458 et
590 4402 620 4458 in
639 4402 691 4460 du·
743 4403 874 4478 Recipere
895 4413 925 4460 et
946 4404 1081 4476 susupere
1105 4400 1176 4457 126.

1015 4521 1046 4563 65
