3030 5086
499 530 543 576 nn
566 529 646 576 nnn.
669 529 731 576 ms.
754 529 789 576 nv
811 529 885 577 osa.
904 532 944 580 eo.
964 529 1027 593 (ss.)
1238 513 1301 579 563

228 698 349 780 terique
371 698 486 779 coepit,
509 698 655 779 sapienti,
683 698 742 762 hoc
764 706 825 776 est,
853 716 973 763 summe
995 698 1086 764 beato
1109 700 1301 765 commodius

228 807 332 865 tamen
355 817 434 879 esse,
456 799 484 864 si
506 818 544 864 ea
565 818 688 881 quoque
709 799 831 873 babeat,
855 818 936 881 quae
952 799 1036 865 bona
1052 818 1114 865 non
1130 803 1226 866 audet
1244 820 1302 882 ap-

227 903 355 984 pellare,
378 909 509 966 naturae
530 901 765 967 accommodata
787 920 856 967 esse
878 903 1028 981 coneedit,
1051 911 1206 985 negatque
1228 903 1300 968 Pla·
1402 933 1406 939 ·

299 1093 318 1137 l.
340 1088 417 1138 idest
435 1089 458 1138 R
491 1106 579 1138 summo
597 1088 618 1137 P
662 1094 685 1137 8.
704 1099 792 1138 amora
810 1105 839 1138 eo
857 1088 1002 1140 commodam
1019 1090 1042 1139 E
1060 1098 1150 1140 amoro
1167 1091 1220 1155 quea
1237 1108 1300 1141 eora-

226 1157 325 1208 modata
342 1157 454 1208 LPROr.
471 1166 560 1207 natura
579 1157 633 1223 ipsa
651 1157 829 1208 accommodata
848 1157 869 1208 C

226 1331 287 1390 Pro
298 1331 384 1388 Font.
400 1332 453 1387 14:
475 1351 508 1387 es
525 1331 599 1399 bello,
616 1333 697 1388 caede
712 1341 737 1388 et
746 1334 834 1405 saqa3
857 1330 963 1388 vitiose
980 1332 1084 1404 bellam,
1103 1332 1132 1389 in
1150 1351 1208 1407 quo
1225 1334 1299 1391 nihil

226 1424 272 1473 est
293 1416 434 1472 contrarii
456 1416 493 1487 ei,
516 1416 593 1490 quod
613 1416 745 1473 additur:
767 1435 836 1473 nanc
848 1420 968 1492 palmam
985 1418 1084 1475 audent
1097 1451 1134 1460 -
1148 1421 1298 1489 consistere,

226 1501 414 1577 coniungitur
436 1520 500 1557 cum
523 1503 603 1558 caede
625 1512 649 1559 et
664 1505 744 1576 supa,
769 1520 843 1577 quae
867 1501 1042 1579 significant,
1065 1512 1153 1560 antea
1169 1523 1226 1560 nou
1246 1524 1299 1580 po·

226 1586 317 1644 tuisse
339 1587 509 1643 consistere.
554 1589 617 1644 Ant
639 1587 705 1643 lello
726 1588 885 1662 ascriptum
916 1595 961 1643 est
988 1587 1163 1657 elibrerio,
1194 1598 1226 1646 ut
1248 1589 1298 1647 de·

225 1673 387 1730 clareretur
404 1672 501 1729 caedis
519 1682 549 1728 et
565 1671 652 1749 fugae
671 1672 789 1743 mentio,
807 1681 859 1729 aut
875 1673 1076 1730 scribendum:
1093 1693 1127 1730 ec
1143 1674 1204 1731 belli
1218 1677 1300 1733 caede

224 1769 249 1816 et
270 1761 352 1833 supa.
396 1759 431 1815 In
454 1758 555 1815 Pison.
579 1758 633 1815 89:
667 1777 726 1816 cam
748 1759 896 1827 Autobulo,
925 1758 1089 1815 Athamante
1115 1769 1140 1816 et
1171 1760 1298 1831 Timoole;

223 1843 332 1901 litteris
354 1844 510 1919 geminatis
533 1853 628 1901 ortum
651 1852 696 1900 est
715 1854 748 1900 et.
782 1843 828 1900 De
840 1844 878 1901 N.
891 1844 930 1903 D.
944 1845 968 1915 I,
983 1844 1038 1901 55:
1062 1845 1225 1920 barneept'ces,
1248 1866 1298 1902 aa·

221 1948 318 2004 pares,
347 1931 459 1999 bartoli,
486 1940 561 1986 vates
582 1939 607 1986 et
627 1932 799 1998 coniectorem
823 1930 938 1986 codices
960 1948 1018 1986 non
1041 1930 1152 1986 habent
1172 1941 1205 1987 et.
1250 1931 1297 2004 (In

224 2014 326 2072 eodem
356 2015 431 2071 libro
454 2019 468 2083 ξ
493 2015 533 2071 ot
555 2024 585 2072 et
608 2015 647 2071 59
671 2014 861 2072 Heindorfius
890 2025 915 2072 et
943 2033 958 2071 e
988 2015 1124 2091 pessimis
1147 2015 1297 2073 codicibus

225 2099 374 2173 addebat.)
418 2100 482 2156 Ibd.
505 2101 569 2170 III,
593 2100 648 2157 53:
678 2102 759 2165 Alco,
789 2102 942 2175 Melampus
969 2110 994 2157 et
1026 2101 1148 2170 Tmolas3
1181 2100 1298 2160 codices

226 2194 325 2261 aperte
353 2184 476 2242 hebent:
506 2187 574 2242 Alco
600 2195 625 2242 et
647 2187 800 2260 Melampus
827 2195 851 2241 et
884 2187 1006 2254 imolam
1033 2184 1093 2242 ibd.
1117 2186 1172 2243 54:
1203 2187 1296 2262 [alysl

230 2270 331 2327 Camiri
351 2271 486 2338 etLincli;
509 2271 539 2327 in
563 2270 647 2328 bonis
669 2272 753 2327 codd.
776 2269 872 2344 (ΑΒΘ
884 2269 1004 2340 Moseri,
1026 2270 1105 2344 aliis)
1122 2271 1234 2329 nullum
1253 2281 1298 2330 est

225 2355 380 2432 vestigium
403 2356 574 2432 particulae.
617 2356 666 2413 Ad
685 2356 777 2413 Attis.
795 2357 820 2426 I,
839 2357 889 2426 20,
911 2359 943 2412 1:
966 2357 1113 2430 diliqenter,
1136 2359 1252 2431 officiose
1273 2368 1298 2415 et

224 2442 388 2510 humanitem
410 2442 440 2498 in
464 2442 528 2498 edd.
541 2443 665 2500 Aeaeus.
685 2453 714 2498 et
725 2441 807 2501 Crat.
826 2441 972 2498 omittitur
987 2451 1020 2497 et.
1053 2443 1088 2498 In
1101 2442 1190 2502 Tusc.
1204 2443 1242 2514 V,
1256 2445 1293 2499 41

223 2527 319 2597 (mam
337 2546 403 2596 esse,
421 2528 659 2602 iaenpaqnolilem,
676 2538 798 2603 saeptam
814 2537 896 2601 atque
912 2528 1051 2600 munitum)
1063 2527 1122 2585 duo
1139 2538 1207 2584 sunt
1218 2528 1297 2585 ordi·

222 2630 283 2682 nes,
296 2613 541 2686 quemadmodum
553 2613 584 2669 in
596 2613 641 2680 iis,
654 2631 729 2686 quae
742 2612 852 2687 Opuse.
861 2632 889 2688 p.
898 2613 959 2670 338
971 2613 1065 2688 posui.
1089 2613 1186 2670 Huius
1198 2614 1296 2688 operis

150 2743 155 2752 .
221 2697 288 2758 libr.
308 2698 345 2768 V,
365 2699 404 2755 35
428 2708 457 2754 et
481 2699 519 2754 36
538 2700 575 2772 (et
595 2701 721 2772 reliquae,
745 2709 770 2756 et
791 2700 923 2772 reliquae)
945 2707 1108 2755 extremum
1132 2698 1295 2756 membrum

222 2801 279 2840 non
302 2784 425 2858 aequale
448 2794 494 2840 est
515 2784 723 2858 superioribus,
747 2784 806 2843 sed.
830 2801 894 2840 cum
918 2783 1038 2859 colligat
1061 2783 1175 2852 omnia,
1199 2783 1295 2858 ipsum

221 2869 357 2926 omnibus
379 2869 579 2944 superioribus
602 2869 760 2943 respondet
782 2869 851 2939 (vid.
876 2869 985 2943 Opusc.
1008 2868 1067 2924 ibd.
1092 2865 1135 2948 [et
1154 2870 1293 2928 Wesenb.

220 2953 259 3010 ad
274 2955 364 3013 Tusa.
378 2956 415 3025 V,
433 2949 509 3033 13])‚
534 2955 588 3010 etsi
612 2955 658 3010 vel
682 2955 724 3011 sic
747 2954 863 3029 saepius
886 2953 941 3010 hoc
964 2953 1072 3010 dicitur
1093 2954 1157 3010 sine
1179 2954 1294 3029 copula.

221 3039 334 3096 Haeret
356 3040 484 3114 suspicio
507 3040 537 3096 in
557 3040 768 3114 Philipp.V,8
787 3037 852 3117 [ubi
876 3038 1036 3096 tollendum
1059 3038 1176 3095 videtur
1198 3049 1294 3115 tempe-

220 3128 299 3182 statis
316 3144 353 3181 ex
370 3126 570 3200 superioribus
586 3122 768 3202 repetitum],
792 3125 830 3181 ed
847 3125 928 3181 Fam.
941 3125 1010 3192 XV,
1024 3125 1053 3192 4,
1070 3126 1106 3180 14
1124 3123 1187 3198 (ubi
1209 3145 1295 3183 mores

191 3250 194 3257 -
220 3210 379 3285 ascriptum
403 3220 447 3267 est
469 3211 505 3267 ad
528 3212 675 3283 instituta),
699 3211 735 3267 ad
759 3212 822 3267 An..
848 3211 884 3279 V,
912 3210 1003 3280 11,5.
1027 3209 1090 3281 (ubi
1113 3228 1206 3290 paene
1229 3229 1296 3286 per·

220 3296 352 3371 spicuum
366 3305 419 3365 est,
437 3315 493 3364 nos,
513 3296 590 3369 quod
602 3296 810 3370 aequalitatem
823 3296 908 3363 tollit,
926 3304 1022 3352 ortum
1034 3313 1098 3351 esse
1111 3314 1148 3351 ex
1161 3297 1294 3369 sequenti

220 3389 360 3453 nostram).
395 3381 488 3454 Quem
513 3382 667 3457 Zumptius
689 3382 727 3437 ad
750 3382 835 3438 Verr.
858 3401 887 3457 p.
903 3381 979 3438 1011
1002 3379 1128 3436 advocat
1144 3380 1239 3437 locum
1258 3381 1294 3438 de

222 3465 336 3526 Senect.
360 3485 385 3524 o.
414 3469 461 3535 10,
484 3485 549 3522 eum
573 3467 803 3543 Wesenbergius
825 3466 896 3522 mihi
920 3465 1062 3522 indicavit
1084 3465 1142 3542 legi
1165 3467 1194 3522 in
1218 3476 1293 3526 orat.

219 3561 288 3627 poet
309 3552 393 3608 redit.
416 3551 447 3608 in
470 3570 530 3608 sen.
554 3553 593 3608 24
617 3555 654 3625 (c.
676 3553 715 3626 9),
738 3552 789 3608 ubi
811 3561 878 3608 ente
902 3552 959 3608 duo
982 3551 1101 3608 saecula
1123 3570 1160 3608 ex
1183 3551 1294 3609 infelici

219 3637 387 3694 coniectura
408 3638 438 3694 id
461 3638 622 3712 legebatur,
646 3638 723 3712 quod
746 3637 846 3694 nescio
869 3638 945 3694 unde
968 3645 1116 3711 arreptum
1140 3637 1294 3711 Zumptius

218 3722 250 3778 in
277 3741 308 3778 re
337 3722 427 3778 dubia
454 3742 508 3798 pro
531 3724 699 3780 testimonio
722 3723 813 3798 ponit.
864 3721 1023 3801 [Perverse
1051 3731 1081 3778 et
1109 3721 1229 3778 confuse
1258 3723 1293 3779 de

218 3806 273 3864 hee
295 3827 327 3864 re
350 3807 516 3866 Ellendtius
539 3809 576 3865 ad
598 3809 631 3866 II
643 3809 678 3864 de
691 3809 742 3867 Or.
756 3809 806 3878 34,
823 3809 892 3866 145.
928 3808 974 3864 De
991 3807 1127 3865 Caesaris
1150 3825 1204 3863 usu
1228 3826 1291 3864 cum

219 3891 371 3951 Ciceronis
394 3895 586 3951 conveniente
610 3895 686 3950 dixit
704 3894 904 3969 Nipperdeius
917 3892 1050 3966 Quaestt.
1065 3892 1183 3951 Caesar.
1196 3912 1224 3968 p.
1238 3893 1292 3962 683

218 3978 254 4034 de
268 3978 417 4046 Sallusti0,
431 3999 516 4053 quem
531 3999 588 4036 non
601 3980 702 4036 eadem
716 3998 836 4054 prorsus
853 3978 956 4054 regula
968 3978 1110 4053 astringo,
1123 3977 1293 4034 Dietschiue

217 4063 255 4120 ad
279 4064 342 4140 lug.
365 4083 389 4120 o.
411 4067 448 4121 14
472 4085 500 4141 p.
521 4067 579 4122 120
603 4065 672 4122 edit.
699 4067 794 4135 18463
818 4065 854 4121 de
878 4064 964 4121 Livio
986 4082 1040 4139 ego
1060 4063 1182 4120 Emend.
1205 4064 1290 4120 Lirv.

217 4167 246 4224 p.
266 4151 304 4206 67
320 4167 385 4225 sqq.
431 4149 492 4210 cfr.
517 4151 595 4208 nov.
619 4150 692 4210 Crit.
715 4151 746 4208 II
769 4170 798 4225 p.
813 4145 896 4228 los]

302 4246 416 4291 naturae
438 4235 650 4314 accommodata)
673 4238 738 4293 Hoc
762 4236 873 4292 latebat
894 4235 924 4291 in
942 4233 1089 4308 scriptura
1105 4232 1215 4289 codicis
1228 4232 1291 4292 nrt.

217 4321 548 4396 (natteraeacommodam).
584 4320 764 4403 [PropiusB
782 4320 1091 4390 naturoeacommodata,
1113 4336 1172 4375 une
1194 4318 1292 4375 littera

217 4403 340 4487 minus]
374 4406 472 4466 Ceteri
496 4409 621 4486 codices,
645 4409 681 4464 de
704 4407 811 4482 quibus
834 4413 957 4474 constet,
981 4403 1088 4481 partim
1110 4414 1211 4462 notura
1231 4407 1293 4481 ipra

216 4494 354 4550 commoda
377 4494 474 4564 (Pau,
498 4495 553 4552 etsi
576 4495 606 4552 in
630 4492 752 4552 Gruteri
775 4502 844 4550 nota
867 4491 1006 4550 scribitur
1027 4491 1177 4564 commodo,
1199 4490 1292 4549 Devi-

1037 4605 1089 4655 36*
