3030 5086
616 342 619 346 Δ
664 386 860 433 amaranto.
1147 366 1299 431 XXXVII

217 556 441 620 anctoritatem
465 560 496 620 et
517 553 650 619 formam
672 555 826 618 interdum
849 553 1017 633 pleniorem
1045 552 1075 615 in
1105 553 1187 617 notis
1215 553 1300 617 codi-

217 663 312 729 cibus
334 663 550 744 habeamus.¹)

307 771 385 835 Post
417 770 536 851 primas
569 768 721 833 editiones
754 775 1013 842 commemoratur
1039 784 1108 831 curn
1137 767 1231 832 lande
1260 768 1300 833 ab

220 878 342 943 Orellio
354 877 475 942 Veneta
491 895 520 940 a
534 877 618 940 1480
637 895 713 956 „per
729 875 906 956 Philippum
921 875 1061 940 Condam
1073 873 1188 953 Petri“,
1206 893 1300 956 quam

219 1002 294 1049 cnm
316 983 495 1050 melioribus
517 983 700 1064 plerumque
721 982 825 1047 lacere
846 982 900 1046 ait.
937 982 1055 1046 Verum
1078 1001 1124 1061 ea,
1147 982 1299 1062 peredit

221 1092 348 1157 Vena
367 1092 446 1155 1471
467 1109 485 1154 e
502 1089 678 1157 Coloniensi
694 1091 797 1167 ducta,
820 1089 903 1154 nullo
925 1089 992 1153 loco
1012 1108 1048 1153 ex
1065 1089 1113 1166 iis,
1135 1089 1165 1153 in
1190 1088 1302 1169 quibus

222 1199 373 1263 diiunctio
404 1197 568 1279 utriusque
595 1196 730 1261 familiae
757 1197 959 1278 perspicitur,¹
993 1196 1150 1261 meliorem
1179 1203 1301 1278 partem

221 1305 374 1387 seqnitur,
398 1305 464 1383 sed,
486 1305 538 1369 nbi
560 1304 680 1386 aliquot
701 1304 823 1369 codices
846 1303 1018 1368 deteriores
1035 1321 1104 1367 cum
1122 1302 1300 1368 melioribus

221 1412 442 1493 conspirantes
465 1412 639 1490 declarant,
666 1411 697 1475 in
721 1411 886 1476 deterioris
908 1410 1042 1475 familiae
1064 1410 1205 1491 principe
1227 1429 1301 1474 ean·

222 1520 296 1584 dem
319 1520 505 1599 scripturam
535 1517 630 1583 fuisse
657 1536 694 1582 ac
721 1529 833 1601 postea
861 1519 984 1582 demum
1014 1524 1193 1598 cormptam
1221 1535 1300 1596 esse,

220 1625 265 1689 ibi
288 1643 385 1707 saepe
405 1624 455 1689 bis
477 1624 666 1706 adiungitur,
688 1625 895 1690 aColoniensi
919 1634 951 1689 et
967 1626 1108 1689 Romana
1126 1625 1301 1703 discedens,

220 1740 259 1796 nt
281 1733 305 1811 Ι,
327 1734 371 1797 25
392 1737 500 1813 (neque
520 1751 590 1795 acro
612 1735 668 1808 tu).
713 1733 895 1797 Paucissimi
918 1731 991 1810 loci,
1014 1732 1067 1813 qui
1090 1732 1227 1796 melioris
1249 1750 1299 1796 co·
1333 1734 1334 1738 ’

220 1840 301 1903 dicis
321 1857 413 1904 usum
436 1840 603 1904 ostendere
619 1840 772 1917 videntur,
796 1839 947 1904 eiusmodi
964 1847 1045 1917 sunt
1068 1846 1104 1903 ut
1119 1838 1160 1902 ab
1177 1838 1302 1905 homine

222 1947 316 2010 docto
338 1946 391 2009 illa
413 1954 517 2010 aetate
538 1947 715 2011 coniectura
737 1946 895 2011 emendari
914 1947 1057 2026 potuisse
1073 1944 1162 2009 facile
1180 1949 1300 2026 credas,

221 2064 257 2117 ut
277 2053 300 2132 1,
318 2055 355 2117 51
378 2054 477 2117 5169.
521 2053 563 2118 Et
585 2054 764 2117 emendavit
785 2053 888 2117 editor
910 2053 1096 2131 coniectura,
1119 2053 1203 2132 qnod
1226 2053 1300 2134 legi·

222 2167 275 2224 tur
303 2160 335 2223 in
364 2159 506 2224 omnibus
534 2159 692 2225 codicibus
720 2161 765 2239 ΙΙ,
789 2163 830 2225 13
852 2159 970 2222 audam
993 2170 1025 2225 et
1046 2159 1092 2236 Π,
1115 2162 1156 2223 41
1179 2160 1210 2223 in
1234 2179 1299 2224 om·

223 2265 315 2330 nibus
337 2275 464 2348 praeter
485 2267 532 2331 El.
550 2269 597 2345 (2)
621 2288 642 2329 a
662 2267 815 2348 dipndote.
861 2267 911 2350 [In
934 2285 971 2332 eo
994 2267 1071 2345 loco,
1094 2268 1145 2348 qui
1169 2267 1301 2331 maxime

222 2374 254 2437 in
278 2374 337 2438 hac
359 2373 495 2438 editione
517 2373 662 2438 notabilis
685 2374 864 2452 videbatur,
888 2374 925 2452 V,
944 2376 998 2452 19,
1011 2393 1081 2439 -non
1104 2376 1299 2438 attenderam

223 2480 308 2544 idem
329 2480 390 2570 iam
413 2481 444 2544 in
467 2481 516 2545 ed.
541 2481 717 2546 Coloniensi
740 2480 832 2563 esse]

310 2587 443 2652 Multum
471 2588 583 2653 iactata
607 2594 656 2653 est
679 2589 948 2653 commemorando
972 2607 1072 2669 nuper
1094 2588 1179 2653 Petri
1203 2590 1301 2654 Marsi

224 2695 329 2773 editio,
351 2713 445 2776 quant
463 2713 531 2759 cum
551 2696 741 2761 Goerenzius
763 2696 883 2777 magnis
905 2696 1050 2760 laudibus
1069 2697 1231 2761 extulisset
1247 2715 1303 2762 nec

225 2811 327 2867 umen
356 2802 591 2883 descripsisset,
619 2803 712 2867 etiam
741 2803 916 2868 dubitatum
945 2813 1008 2881 est,
1037 2824 1076 2868 an
1106 2804 1191 2867 nulla
1219 2811 1303 2869 esset

225 2911 358 2987 omnino.
391 2909 507 2973 Postea
524 2929 591 2973 eam
610 2911 776 2990 descripsit
792 2899 826 2974 Γ.
847 2910 884 2975 G.
904 2909 943 2974 G.
960 2909 1127 2989 Hertclius
1149 2910 1302 2991 gymnasii

225 3016 451 3081 Zviccaviensis
487 3024 604 3096 rector,
638 3015 702 3096 (Dc
735 3017 881 3081 codicibos
914 3022 941 3080 et
973 3017 1149 3082 alitionibua
1182 3019 1303 3081 vectoris

227 3121 352 3186 outoni.
380 3121 517 3186 lacoon
547 3125 661 3203 partic.
692 3124 750 3201 IV,
778 3123 874 3188 Zvicc.
900 3127 997 3206 1836)
1031 3135 1062 3189 et
1095 3144 1163 3189 cum
1195 3125 1301 3190 (trellii

228 3230 364 3311 exemplo
387 3232 561 3309 contulit‘2)
605 3232 651 3295 Ex
679 3232 739 3296 hoc
760 3232 877 3311 libello,
905 3251 1092 3313 quamquam
1121 3233 1226 3297 multis
1253 3234 1301 3297 in·

229 3426 453 3434 ——-——-.-.

259 3561 278 3623 ¹)
296 3561 370 3610 Erant
393 3562 457 3610 milri
481 3562 512 3610 ad
539 3576 644 3611 manunt
669 3563 733 3611 haec
760 3562 882 3611 scribenti
908 3569 1007 3623 praeter
1034 3562 1098 3610 duas
1123 3561 1181 3610 illas
1205 3566 1302 3624 primas

296 3647 419 3697 editiones
441 3644 563 3711 [Venetae
582 3645 647 3698 itti
667 3645 820 3697 51149451
840 3643 924 3710 1496.)
946 3647 1038 3695 Aldina
1057 3660 1078 3696 a.
1099 3645 1301 3707 15‘23(Venetlla

296 3734 319 3780 in
338 3732 446 3783 aedibus
466 3733 522 3781 nidi
546 3738 571 3780 et
590 3732 706 3782 andreae
725 3732 832 3780 5551551
853 3729 958 3793 soceri),
985 3731 1155 3780 Cratandrina
1175 3729 1303 3789 (liasticao

296 3828 383 3866 menae
403 3817 491 3865 llartto
511 3816 597 3877 1628),
617 3817 775 3866 Ascensiana
795 3817 862 3871 (Lot.
883 3814 960 3864 Paris.
980 3829 1002 3864 a.
1021 3815 1044 3863 d.
1062 3815 1079 3862 V
1095 3816 1149 3865 Cal.
1166 3815 1301 3865 Novembr.

297 3899 371 3958 1528,
405 3899 486 3964 [nunc
519 3905 595 3951 etiam
629 3903 699 3964 prior
727 3916 748 3949 a.
773 3898 874 3963 1511)),
909 3900 934 3948 ll.
961 3899 1084 3962 Stephani
1112 3899 1184 3958 (inid.
1211 3898 1302 3962 1533),

295 3986 321 4033 C.
341 3987 465 4048 Stephani
485 3986 557 4044 libid.
578 3985 668 4045 1554),
689 3986 835 4034 1155511555
855 3984 957 4036 51555
976 3984 1100 4048 (Ventri),
1123 3981 1204 4048 [nuno
1224 3987 1301 4033 etiarn

295 4083 314 4117 a.
334 4067 421 4135 15601.
442 4071 613 4119 Lambintana
632 4072 715 4132 prima
735 4069 824 4130 (1565)
842 4076 866 4118 et
885 4075 992 4132 repetita
1011 4068 1108 4131 (1577).
1145 4070 1180 4119 lle
1199 4068 1300 4118 lentina

295 4160 317 4203 et
338 4154 481 4204 Victoriana
501 4155 597 4204 credidi
618 4154 706 4204 Oreliii
727 4155 868 4203 collationi.

257 4239 278 4299 ²)
295 4240 492 4289 Commentariis
513 4239 536 4288 P.
557 4240 632 4288 ltarsi
656 4239 842 4288 subscribitur:
870 4239 909 4297 „tt
930 4240 1028 4288 Marsua
1052 4240 1253 4301 recognoscebat
1277 4244 1301 4287 ot

296 4325 425 4374 enarrabat
446 4328 491 4373 15.
511 4325 562 4373 Sal.
582 4322 674 4373 11111111
700 4321 762 4388 (quo
786 4328 902 4386 tempore
926 4328 948 4373 15
967 4325 1128 4386 grandaevus
1148 4323 1213 4387 lull).
1251 4322 1300 4371 Sod
