3030 5086
217 447 281 512 800
641 463 815 511 excussus
838 464 871 511 11.

216 635 356 694 facillime
374 636 487 694 librarii
504 636 633 693 litteram
650 635 825 713 geminando
843 635 1026 705 incidebant;
1049 635 1154 694 deiude
1173 634 1310 695 ridebit.

216 722 438 781 similitudinem
461 722 585 779 aliorum
610 722 738 779 locorum
763 730 791 778 et
810 740 909 778 eorum
928 722 1095 792 verborum,
1119 721 1310 796 quibuscum

217 809 273 865 hoc
296 808 505 882 coniungetur,
535 816 670 865 naturam
693 806 859 882 postulare,
887 815 919 863 ut
942 806 989 863 nie
1012 825 1128 882 quoque
1150 807 1310 864 discidium

217 893 371 950 scribatur.
405 893 510 967 Itaque
533 910 599 950 cum
622 893 694 949 haec
717 891 815 949 animo
834 891 1097 968 comprehenderit,
1120 891 1212 949 facile
1230 909 1310 949 cou-

218 979 315 1047 cedet,
343 978 530 1035 librariorum
560 996 658 1035 errore
687 985 780 1035 toturn
803 977 875 1034 illud
900 977 1076 1034 vocabulum
1099 989 1199 1035 ortum
1224 994 1310 1035 esse.

219 1063 276 1122 Sed
301 1063 416 1139 singule
440 1063 541 1120 ordine
564 1082 777 1138 persequamur
792 1062 914 1119 uberius
932 1071 960 1119 et
978 1063 1196 1121 confirmemus.
1234 1062 1309 1120 Pri-

218 1168 307 1216 mnm,
331 1148 410 1223 qnod
433 1148 495 1205 dixi
518 1148 554 1205 de
576 1149 709 1206 codicum
733 1147 866 1206 dissensu
885 1147 914 1205 in
932 1147 969 1205 iis
985 1148 1068 1219 locis,
1091 1148 1142 1205 ubi
1163 1147 1309 1206 omnium

218 1234 328 1291 indicio
357 1244 466 1291 certam
494 1233 592 1290 sedem
620 1234 710 1291 habet
737 1235 893 1302 discidium,
926 1233 956 1290 id
985 1243 1044 1303 est,
1073 1234 1243 1309 separatio,
1275 1232 1308 1290 id

219 1319 387 1376 huiusmodi
410 1330 464 1376 est,
497 1320 587 1394 Apud
605 1319 777 1378 Ciceronem
799 1320 829 1375 in
854 1318 984 1394 Philipp.
1009 1319 1049 1389 ll,
1062 1321 1101 1375 45
1120 1321 1307 1391 (desiderium

220 1409 259 1462 tui
280 1407 398 1478 discidii)
421 1414 533 1462 rectum
563 1424 579 1460 e
607 1405 707 1462 codice
730 1405 876 1462 Vaticano
898 1405 1067 1462 restitutum
1092 1415 1150 1475 est;
1182 1414 1307 1462 veteres

219 1491 362 1547 editiones
391 1507 407 1548 e
430 1489 603 1566 vulgaribus
630 1490 715 1547 libris
744 1490 891 1547 hebebant
918 1491 1033 1548 dissidii.
1083 1490 1131 1548 Ad
1160 1489 1305 1548 Atticum

220 1575 308 1632 etiam
332 1576 403 1643 XV,
418 1575 498 1646 29,2
522 1576 703 1648 (consumtum
725 1578 792 1632 enim
814 1595 871 1633 esse
892 1577 1044 1646 discidium,
1067 1575 1096 1632 id
1119 1585 1174 1638 est,
1198 1575 1306 1633 diror-

221 1661 308 1733 tium)
320 1660 464 1717 editiones
475 1670 591 1718 veteres
604 1660 752 1717 hebebant
766 1662 908 1717 dissidium
925 1660 1118 1736 similiterque
1131 1661 1189 1730 Xl,
1204 1661 1261 1733 23,
1276 1660 1304 1718 3.

221 1749 322 1820 Atque
345 1746 373 1802 in
398 1745 433 1802 iis
456 1746 572 1821 quidem
595 1744 657 1803 sere
681 1746 790 1820 ubique
812 1746 855 1803 sic
877 1746 1017 1821 scriptum
1042 1755 1101 1817 est,
1130 1747 1221 1803 etiarn
1248 1764 1304 1822 pro

221 1830 359 1891 Cluentio
375 1832 443 1902 190,
468 1850 521 1907 pro
540 1831 641 1890 Caelio
656 1832 711 1900 31;
733 1851 787 1908 pro
805 1831 955 1907 Ligariot't
980 1834 1058 1902 (cum
1081 1831 1195 1906 aliquot
1221 1830 1304 1889 codi-

221 1917 304 1975 cibus
326 1916 549 1988 recentioribus,
572 1926 606 1974 ut
628 1917 744 1974 duobus
762 1916 1011 1991 Oxoniensibus);
1033 1917 1069 1973 ad
1088 1918 1152 1974 Att.
1164 1917 1223 1988 IV,
1241 1919 1301 1985 l,l

221 2003 401 2075 (acerbissime
422 2004 565 2060 discidium
587 2012 706 2060 nostrum
731 2004 831 2070 tulisse,
855 2002 957 2072 idest,
980 2002 1208 2077 separationem,
1234 2020 1304 2059 cum

221 2089 296 2145 alter
318 2087 355 2144 ab
378 2087 471 2145 altero
494 2087 696 2162 divelleretur)
716 2087 803 2145 etiam
821 2087 851 2144 in
869 2087 969 2144 codice
987 2087 1121 2145 Modiceo
1137 2089 1206 2160 (nec
1224 2087 1305 2145 anti·

221 2173 380 2249 quissimus
404 2175 459 2246 est)
482 2191 574 2248 prava
596 2172 742 2249 scripture
759 2182 836 2242 eram
859 2181 969 2230 rectam
988 2191 1089 2249 margo
1106 2173 1170 2230 eius
1187 2173 1306 2231 codicia

221 2259 343 2334 praebet
365 2267 392 2315 et
411 2257 468 2317 Ox.
483 2258 518 2332 Q.
553 2259 631 2316 Raro
654 2258 736 2316 nulls
758 2268 917 2316 annotatur
939 2258 1136 2334 discrepantia
1158 2276 1215 2315 nec
1238 2257 1305 2317 fere

125 2386 129 2394 .
222 2345 278 2400 uisi
301 2345 329 2400 in
354 2344 389 2401 iis
412 2343 505 2415 libris,
528 2344 579 2401 ubi
602 2345 637 2401 de
660 2344 794 2402 codicum
817 2345 963 2419 scriptura
986 2361 1089 2419 parum
1111 2352 1246 2415 constat,
1269 2353 1305 2402 ut

222 2430 315 2488 Acad.
339 2429 426 2499 Ι,43,
450 2430 486 2486 de
504 2429 656 2497 Oratlll,
671 2432 720 2487 61.
754 2430 865 2487 Eadem
888 2429 964 2487 ratio
987 2429 1162 2504 reperietur,
1185 2429 1212 2486 si
1236 2429 1306 2504 quia

223 2515 302 2590 apud
320 2515 458 2572 Tacitum
481 2514 656 2591 scripturam
680 2515 813 2573 codicum
831 2514 1068 2572 Florentinorum
1092 2514 1231 2587 (alterius
1248 2532 1304 2572 sax

223 2600 381 2674 librorum,
411 2600 532 2658 alterius
554 2604 730 2676 ceterorum)
753 2620 819 2658 cum
842 2600 992 2658 veteribus
1020 2599 1200 2658 editionibus
1224 2617 1307 2657 corn·

223 2686 372 2762 paraverit
395 2685 425 2742 in
447 2686 493 2743 his
515 2687 602 2744 locis:
625 2689 704 2745 Anu,
727 2687 768 2757 ΙΙ,
793 2686 842 2755 86,
858 2686 939 2753 ΙΙΙΙΙ,
963 2687 1013 2756 40,
1036 2686 1123 2755 XIV,
1150 2689 1163 2743 l
1191 2695 1223 2742 et
1247 2685 1307 2755 6ος

223 2780 336 2829 tantum
350 2772 451 2840 XIl,2
465 2772 543 2829 lt'lor.
557 2773 619 2847 ipse
637 2773 750 2830 dissidio
766 2771 874 2829 habere
892 2771 1029 2831 traditur.
1064 2771 1155 2847 Apud
1167 2770 1308 2829 Nonium

149 2881 151 2885 ¹
225 2858 312 2914 etiam
336 2859 412 2932 (p.6
437 2858 540 2931 Mers.)
564 2858 592 2914 in
616 2857 747 2914 Lucretii
770 2876 857 2914 versu
880 2856 939 2930 (ll,
967 2857 1039 2932 120)
1060 2857 1207 2914 editiones
1234 2865 1309 2914 ante

225 2942 403 3001 Mercerium
427 2944 547 3000 dissidiis
569 2943 728 3002 habebant.
774 2943 928 3000 Discidium
950 2942 1106 3000 Lucretius
1129 2942 1311 3018 saepissime

225 3028 296 3085 dicit
328 3029 364 3084 de
398 3028 591 3086 dissolutione
625 3037 790 3086 atomorum
818 3028 1057 3100 coniuncturum,
1091 3027 1203 3102 quibus
1231 3026 1310 3085 locis

225 3123 340 3172 veteres
369 3113 513 3171 editiones
540 3116 682 3171 dissidium
711 3113 830 3171 habent,
874 3114 965 3190 Apud
989 3113 1159 3170 Terentium
1184 3131 1311 3189 quoque

226 3199 332 3272 (Andr.
356 3199 410 3268 IV,
435 3201 470 3270 2,
498 3201 551 3269 14,
582 3200 654 3257 Hec.
677 3200 741 3268 ΙΙΙ,
765 3200 799 3271 5,
824 3200 876 3271 26)
899 3199 1032 3256 Faernus
1060 3217 1091 3255 ae
1119 3200 1267 3256 discidium
1292 3217 1311 3255 e

225 3284 375 3341 codicibus
408 3302 462 3359 pro
496 3285 588 3342 altero
616 3284 781 3342 restituisse
809 3293 945 3343 testatur.
996 3283 1111 3342 Deinde
1140 3301 1311 3359 numquam

225 3370 281 3426 hoc
303 3369 496 3440 vocabulum,
526 3371 604 3444 quod
627 3378 748 3446 putetur
770 3388 835 3427 esse
857 3371 1015 3440 dissidium,
1045 3369 1074 3426 in
1097 3369 1210 3427 talibus
1232 3369 1312 3428 locis

226 3453 353 3529 positum
383 3454 543 3529 reperitur,
577 3455 629 3512 ubi
664 3455 699 3512 de
728 3454 881 3513 sententiis
914 3454 1039 3512 rebusve
1066 3454 1313 3530 discrepantibus

226 3542 358 3598 dissidere
384 3540 520 3615 ponitur;
549 3549 582 3597 ut
610 3559 698 3616 saepe
719 3526 806 3617 'apud
828 3538 1000 3599 Ciceronem
1029 3539 1199 3617 philosophi
1228 3541 1314 3600 iuter

226 3644 257 3682 se
280 3634 333 3682 aut
354 3625 391 3681 nb
415 3625 514 3700 aliquo
538 3625 680 3684 dissidere
702 3626 848 3696 dicuntur,
871 3626 1009 3684 voluntas
1031 3644 1049 3683 a
1071 3625 1190 3702 scripto,
1214 3626 1313 3702 scrip·

227 3720 288 3768 tum
313 3730 330 3766 a
353 3711 513 3783 sententia,
542 3711 693 3770 temeritas
720 3712 920 3787 asapientia3
948 3731 1034 3769 nemo
1063 3729 1203 3786 umquam
1228 3710 1314 3771 Stoi·

228 3814 327 3854 corum
352 3804 381 3852 et
403 3796 669 3872 Peripateticorum
692 3800 807 3855 dissidio
829 3816 965 3855 rerumve
988 3816 1046 3856 non
1064 3795 1313 3855 concordantium

228 3882 378 3939 nominata
411 3881 497 3958 legit,
533 3885 687 3957 (discidium
714 3886 837 3958 suctum,
872 3882 902 3940 id
931 3892 990 3954 est,
1024 3881 1164 3939 discessio
1199 3880 1317 3939 dicitur

228 3968 322 4026 Aosd.
347 3969 376 4038 I,
400 3968 462 4038 43).
506 3969 553 4026 Ibi
582 3968 677 4026 locum
706 3968 797 4025 habet
824 3969 896 4025 haec
919 3987 992 4038 vox,
1021 3986 1108 4041 quam
1137 3966 1231 4024 ceteri
1255 3967 1317 4025 dit-

228 4055 336 4124 sidium,
360 4072 413 4110 nos
436 4054 579 4111 discidium
602 4054 775 4126 scribimus,
799 4054 849 4110 ubi
872 4054 908 4110 de
930 4052 1126 4110 amicitiarum
1149 4062 1180 4110 et
1203 4051 1317 4111 volun·

229 4149 331 4210 tatum,
355 4157 431 4213 quae
448 4139 581 4197 homines
600 4139 793 4217 coniungunt,
813 4139 1002 4196 distractione
1020 4137 1128 4215 agitur.
1142 4140 1169 4212 ¹)
1203 4138 1318 4215 Itaque

261 4343 279 4400 ¹(
301 4341 392 4401 ,Valet
415 4341 479 4390 cuim
503 4341 595 4405 ubique
619 4341 787 4404 (vocabulum)
810 4339 912 4390 uiolento
939 4339 1050 4390 diiunctio
1077 4337 1177 4390 duorum
1203 4339 1269 4392 inter
1294 4359 1321 4393 re

296 4408 480 4471 coniunctorum,
499 4425 549 4460 non
568 4409 715 4461 discordia‘
753 4411 853 4461 Manet.
