3030 5086
456 500 500 545 nr
524 499 604 544 usn.
627 499 690 544 nra.
714 500 735 545 ν
758 498 830 545 cae.
850 503 874 546 s.
893 501 956 557 tas.)
1181 478 1244 544 643
1336 518 1342 527 ·

169 668 315 749 explosae
343 668 521 747 eiectaeque
548 666 722 731 sententiae
743 665 931 748 Pyrrhonis,
954 664 1125 742 Aristonis,
1147 663 1245 742 Erilli,

169 771 251 850 quod
274 770 305 833 in
328 768 410 832 hunc
432 766 549 846 orbem,
572 786 664 848 quern
686 767 1000 848 circumscripsimus,
1021 767 1160 831 incidere
1182 783 1250 830 non.

168 879 310 952 possunt.
332 869 529 934 adhibendae
551 869 676 933 omnino
699 886 759 932 non
783 867 917 933 inemnt.
958 869 1039 933 Nam
1056 886 1126 932 curn
1143 867 1245 931 omnis

168 972 247 1037 haec
268 973 411 1053 quaestio
434 972 474 1035 de
495 970 609 1035 finibus
637 979 669 1034 et
690 970 781 1050 quasi
810 971 849 1035 de
871 971 1017 1034 extremis
1040 971 1246 1034 bonorumet
1319 1005 1321 1008 <

169 1074 321 1138 malorum
349 1073 390 1137 ab
418 1091 455 1137 eo
482 1070 713 1153 proficiscatur,
743 1072 827 1152 quod
854 1073 988 1136 diximus
1018 1077 1149 1136 naturae
1176 1071 1285 1136 esseb
1356 1079 1360 1088 '

169 1185 277 1255 aptum
299 1185 331 1238 et
352 1165 633 1251 accommodatum,
661 1174 807 1254 quodque
834 1173 936 1254 ipsum
964 1191 1022 1254 per
1049 1190 1084 1237 se
1110 1174 1246 1253 primum

169 1287 347 1358 appetatur,
369 1275 428 1340 hoc
450 1283 551 1340 totum
572 1282 605 1339 et
625 1275 647 1338 ii
670 1275 790 1353 tollunt.
813 1275 866 1355 qui
888 1275 920 1339 in
943 1275 1037 1339 rebus
1053 1273 1102 1351 iis,
1123 1273 1156 1338 in
1175 1273 1245 1354 qui·

168 1379 227 1442 bus
256 1377 330 1442 nihil
357 1385 414 1441 ant
440 1375 604 1440 honestum
632 1384 688 1441 aut
713 1386 806 1457 turpe
834 1376 889 1455 sit,
918 1383 1032 1457 negant
1058 1393 1129 1440 esse
1151 1375 1246 1439 ullam

242 1587 260 1631 ι,
281 1579 535 1639 Ηηίιιειινωηοι.
574 1586 595 1630 a.
616 1579 704 1643 aaa
731 1558 928 1631 caesareos.
956 1589 1058 1628 ..aare
1075 1578 1145 1628 aaa
1163 1578 1245 1628 esec

171 1654 193 1699 6,
213 1648 484 1712 ipsaraperseipsam
502 1648 669 1712 oppetotnrc
706 1652 728 1697 7.
747 1647 830 1697 linc
856 1647 893 1696 dis
906 1647 950 1697 LO
987 1660 1010 1695 e.
1031 1646 1168 1697 Postnilrr'l
1186 1647 1245 1695 add.

170 1718 233 1780 qnod
251 1733 296 1765 aen
314 1731 400 1765 omnes
418 1715 483 1772 nihil,
506 1715 588 1782 [qnod]
608 1725 650 1765 ant
668 1715 712 1767 Or.
748 1733 799 1765 esse
818 1732 865 1766 om.
887 1716 907 1764 1.
926 1715 996 1765 etiam
1014 1720 1071 1780 (pro
1089 1715 1150 1780 este)
1169 1715 1190 1765 C

170 1891 260 1959 inest,
289 1899 319 1945 et
341 1889 378 1945 ab
401 1889 468 1946 aliis
491 1899 645 1964 separatur
667 1888 732 1962 (cfr.
754 1889 791 1945 ad
811 1894 826 1959 §
847 1890 908 1961 Ἠ).
952 1890 1029 1946 Nam
1053 1889 1108 1946 etsi
1131 1888 1161 1945 id
1183 1899 1244 1944 tum

170 1975 232 2031 fieri
261 1975 350 2042 solet,
384 1992 449 2031 cum
478 1974 589 2048 aliquid
619 1984 686 2050 post
712 1975 928 2031 substantivum
957 1974 1163 2050 interpositum
1191 1984 1246 2042 est,

169 2074 266 2117 tamen
290 2059 321 2116 ΙΙ
341 2059 379 2115 N.
393 2060 430 2117 D.
445 2060 483 2116 27
502 2059 625 2116 dicitur:
647 2061 708 2117 Iam
731 2079 793 2116 vero
814 2062 920 2134 relique
941 2070 1043 2133 quarta
1060 2078 1131 2134 pars
1153 2060 1249 2115 mundi

169 2165 200 2201 ea
227 2155 252 2201 et
279 2148 340 2218 ipsa
363 2154 417 2201 tota
439 2155 539 2200 notura
559 2146 672 2218 sucida
694 2155 734 2202 est
755 2154 810 2203 eet.
841 2155 871 2201 et
898 2145 928 2201 in
952 2144 1074 2203 Somnio
1097 2142 1247 2218 Scipionis

169 2249 193 2286 c.
207 2231 225 2286 8
238 2233 265 2299 (§
280 2230 346 2302 26):
369 2249 442 2287 merra
463 2233 592 2315 curasque
609 2233 633 2287 is
649 2240 689 2287 est
710 2233 834 2304 quasque,
857 2229 1051 2303 similiterque
1068 2229 1184 2286 locutus
1201 2237 1247 2285 est

169 2315 293 2371 Plautus
304 2313 429 2373 Poenul.
442 2315 517 2375 Ἠ.
528 2315 602 2371 109:
619 2315 705 2372 Pater·
721 2325 784 2372 terrra
799 2318 823 2371 is
840 2325 898 2370 erat
907 2317 1002 2389 frater·
1014 2317 1147 2390 patruelis
1163 2333 1244 2373 meae.

168 2413 206 2466 et,
230 2399 330 2455 addito
353 2418 422 2467 aero,
449 2399 607 2457 Sallustius
629 2410 699 2456 noto
722 2400 796 2459 loco.
820 2399 907 2458 Catil.
935 2400 984 2456 37.
1030 2399 1117 2472 Quod
1140 2397 1245 2457 Cicero

168 2504 208 2551 se,
232 2501 308 2558 quae
331 2484 369 2539 sit
391 2484 478 2540 beata
499 2485 569 2555 vita,
593 2496 680 2560 negat
703 2503 853 2559 quaerere.
877 2484 928 2541 sed
950 2485 1028 2542 unda
1050 2484 1098 2553 sit,
1122 2484 1152 2540 id
1175 2501 1246 2540 vero

168 2570 198 2626 in
226 2569 306 2625 omni
330 2579 460 2625 veterum
489 2569 586 2626 ethica
609 2570 766 2645 disciplina
788 2570 978 2645 requirimus,
1009 2569 1087 2645 quod
1115 2569 1244 2644 priorem

168 2655 248 2711 illam
272 2654 483 2726 quaestionem.
507 2673 565 2729 qna
589 2655 639 2711 illa
656 2673 774 2730 quoqne
791 2655 1005 2722 continebatur,
1029 2665 1167 2729 possetne
1184 2653 1247 2710 vita

170 2737 298 2814 perfecte
321 2738 408 2795 beata
431 2739 460 2794 in
484 2739 607 2813 singulis
630 2738 797 2798 hominibus
820 2739 906 2808 effici.
929 2738 1017 2796 nimis
1040 2739 1243 2814 neglexerunt.

255 2824 329 2896 qaocl
350 2825 468 2879 dieamus
491 2835 604 2879 naturae
625 2844 683 2881 esse
698 2830 805 2898 optant)
824 2825 910 2881 Dixit
926 2842 1015 2899 supra
1033 2829 1047 2893 5
1063 2825 1100 2880 17
1118 2826 1247 2895 (constetit

169 2919 267 2979 aarum)
296 2920 323 2963 et
352 2908 415 2964 eius
439 2908 617 2965 delinitionis
639 2927 716 2965 nunc
738 2928 792 2966 nos
814 2909 966 2977 admonet;
994 2909 1082 2964 aliter
1103 2909 1243 2984 scriptum

168 3006 260 3050 esset:
282 2995 356 3066 qnod
378 3004 491 3049 araturae
513 2997 548 3049 sit
569 3004 669 3068 aptaro.
704 2995 809 3067 Itaque
832 2993 994 3068 perlectum
1018 3003 1143 3067 tempus.
1166 2992 1245 3067 qnod

168 3078 319 3135 Manutius
348 3087 378 3133 et
406 3078 566 3134 Lambinus
600 3097 637 3134 ex
666 3079 689 3137 C
718 3088 887 3143 tenuerant,
921 3077 1060 3135 revocavi
1094 3097 1110 3134 a
1143 3077 1245 3146 codd..

168 3164 255 3220 etiam
279 3158 344 3241 [B]
367 3163 447 3238 Εχψ,
494 3162 592 3238 Ceteri
615 3162 678 3221 fere
700 3166 813 3220 elicimus
835 3163 933 3220 tacite.

254 3249 302 3305 boc
325 3258 407 3303 totam
430 3252 496 3304 etii
518 3250 611 3304 tollant
628 3259 710 3305 -et
732 3250 852 3318 Erillus)
877 3248 928 3306 sie
949 3266 967 3304 a
990 3247 1137 3305 communi
1160 3247 1246 3304 initio

168 3332 271 3389 horum
294 3333 552 3408 reprehensionem
571 3333 642 3390 Piso
665 3334 779 3391 orditur
801 3343 831 3390 et
849 3333 891 3390 sic
908 3343 976 3408 post
993 3350 1081 3389 voces
1097 3333 1147 3390 loc
1163 3342 1246 3389 totum

168 3418 355 3493 partitionem
368 3418 505 3488 instituit,
524 3429 556 3475 ut
573 3429 603 3474 et
619 3419 766 3476 sententia
782 3428 812 3474 et
823 3418 919 3475 oratio
931 3417 1008 3475 hunc
1019 3418 1130 3475 exitum
1144 3428 1246 3493 postu·

168 3502 230 3558 lare
247 3503 394 3559 videatur:
417 3513 441 3559 et
459 3504 567 3560 Erillus
583 3504 651 3575 (hoo
674 3511 766 3561 totum
785 3503 884 3577 tollit),
907 3506 956 3578 qai
971 3514 1027 3561 cet.
1063 3502 1121 3562 Sed
1145 3503 1245 3561 nescio

168 3588 314 3661 quomodo
331 3588 475 3644 fluctuans
492 3588 749 3662 reprehensionem
767 3590 797 3645 in
810 3589 913 3658 Eride,
931 3588 1041 3645 inflexa
1056 3588 1163 3644 leviter
1180 3607 1245 3645 ora·

167 3673 257 3737 tione,
280 3672 340 3729 alio
362 3673 483 3736 avertit.
507 3673 585 3746 quod
608 3674 724 3731 consilii
745 3673 881 3748 capiendi
903 3684 932 3730 et
954 3672 1044 3730 officii
1067 3673 1245 3748 principium

168 3757 344 3818 sustulisset.
390 3758 483 3832 Atqui
507 3758 536 3814 id
559 3759 660 3815 eodem
684 3759 747 3815 inre
770 3760 799 3816 in
819 3759 991 3816 Aristonem
1015 3768 1045 3815 et
1060 3758 1244 3835 Pyrrhonem

168 3843 224 3899 dici
248 3852 363 3917 poterat
387 3860 440 3898 nec
462 3842 499 3899 ad
522 3843 599 3900 hunc
622 3844 718 3900 locum
742 3844 919 3919 pertinebat.

253 3933 279 3983 in
307 3929 404 4002 qm'bus
432 3929 498 3984 nibil
526 3940 574 3985 ant
601 3929 751 4004 honestum)
773 3913 1059 4002 Antiquioras‘fare
1082 3927 1244 3998 ediderant,

167 4024 200 4070 ut
222 4024 267 4070 est
289 4013 317 4069 in
341 4013 425 4069 codd.
448 4013 547 4086 (Pell,
566 4014 692 4080 Davisii,
709 4009 779 4089 ξχψ,
798 4013 894 4088 Gaii):
916 4017 943 4070 r'rr
965 4014 1062 4088 quibua
1083 4014 1151 4070 nillil
1172 4013 1247 4087 quod
1270 4002 1274 4013 ⁵

166 4118 216 4155 non
239 4109 286 4154 ortt
309 4107 380 4163 cet..
410 4097 492 4155 nulla
519 4117 639 4174 prorsus
667 4099 822 4156 sententia.
865 4100 970 4173 Itaque
994 4099 1070 4156 Dav.
1094 4117 1110 4155 e
1132 4098 1201 4155 Par.
1225 4098 1244 4154 2

167 4183 273 4240 edidit:
307 4188 333 4240 in
362 4185 459 4258 quibus
487 4186 566 4249 nibil,
595 4187 668 4259 qaod
694 4194 743 4241 aar
770 4185 921 4252 honestum,
950 4184 1038 4259 idque
1065 4183 1245 4241 recentiores

167 4280 333 4327 tenuerunt.
369 4268 463 4327 Gzins
485 4270 523 4326 ab
537 4269 598 4326 Eri.
616 4270 736 4345 etSpir.
754 4269 921 4327 confirmari
943 4269 1042 4339 tradit,
1066 4287 1132 4326 meo
1154 4267 1243 4325 etiam

167 4355 308 4411 collatore
336 4354 456 4424 silente;
499 4356 549 4412 sed
574 4355 710 4412 Baiterus
737 4365 768 4412 et
789 4355 851 4412 nri.
874 4366 904 4412 et
926 4355 952 4412 B
979 4363 1013 4412 ut·
1034 4363 1149 4412 ceteros
1171 4354 1246 4428 qnod

167 4459 217 4495 non
246 4440 354 4497 habere
384 4440 510 4498 scribit.
563 4440 743 4498 Pravissime
770 4439 842 4497 hoc:
873 4443 901 4498 in
930 4441 1028 4515 quibus
1055 4440 1137 4510 aad,
1170 4439 1246 4514 quod

988 4554 1039 4604 41*
