3030 5086
254 471 316 536 778
644 489 690 534 nn
712 488 843 535 ernanus
866 488 937 535 nou.

253 656 488 738 permansisset,
510 656 614 735 credo,
637 657 669 721 in
687 656 850 735 sententia,
868 656 921 737 qui
938 656 1076 722 dolorem
1092 657 1209 722 malum
1227 656 1351 722 dicunt

255 777 338 837 esse,
368 759 408 823 de
429 758 600 838 asperitate
621 766 725 823 autem
747 758 814 822 eius
836 756 961 823 fortiter
982 757 1113 823 ferenda
1134 757 1350 840 praecipiunt

253 863 371 938 eadem,
393 879 474 941 quae
496 860 599 925 Stoici.
642 860 684 924 Et
705 859 829 942 quidem
852 859 1010 924 Arcesilas
1032 866 1115 938 tuus,
1137 859 1197 926 etsi
1220 859 1285 924 luit
1309 859 1347 924 in

253 963 436 1028 dlaserendo
447 962 645 1042 pertinacior,
658 967 765 1026 tamen
775 968 883 1026 noster
893 959 959 1040 fuit
971 966 1041 1026 erat
1052 961 1132 1026 enim
1143 960 1346 1040 Polemonia

215 1064 280 1129 eis
308 1082 378 1128 cum
405 1064 531 1129 arderet
558 1065 719 1145 podagrae
744 1063 904 1127 doloribus
926 1062 1149 1144 visitassetque
1174 1063 1346 1128 hominem

254 1166 438 1231 Charnrides
460 1165 633 1245 Epirureus
655 1163 875 1246 perfamiliaris
905 1171 936 1228 et
964 1164 1063 1228 tristis
1086 1165 1198 1242 exiret,
1228 1166 1344 1241 Mane,

253 1285 385 1348 quaeso,
412 1266 525 1347 inquit,
555 1266 720 1331 Charmide
743 1274 863 1344 nostem
891 1264 966 1330 nihil
989 1264 1073 1330 illinc
1097 1265 1158 1331 hue
1179 1266 1344 1348 pervenit

254 1369 400 1433 (tetendit
421 1369 518 1448 pedes
540 1377 572 1432 et
594 1375 712 1448 pectus.
757 1370 803 1433 Ac
824 1375 929 1432 tamen
947 1367 996 1431 hir
1013 1366 1118 1431 mallet
1137 1386 1198 1432 non
1216 1367 1343 1433 dolere.

327 1579 346 1620 l.
364 1571 474 1634 quoniam
489 1575 546 1636 (pro
561 1571 612 1635 pai)
629 1571 761 1623 LPCROr.
790 1570 870 1621 dicam
887 1570 973 1620 rnatum
984 1570 1119 1621 LPOROr.
1147 1574 1171 1619 6.
1193 1570 1343 1621 Cameades

255 1639 344 1690 LPCR
368 1639 499 1690 comiado
523 1640 566 1691 Or.
595 1654 651 1688 cnm
677 1640 762 1689 mendi
785 1650 847 1690 nata
890 1639 1052 1703 Epicuruslb'
1077 1638 1180 1703 Epr'eari
1195 1638 1341 1690 LPCROr.

254 1717 276 1757 et
294 1724 342 1758 om.
362 1708 384 1759 C
420 1712 443 1758 7.
463 1707 600 1759 ComideE
620 1708 745 1759 Gamreade
760 1708 849 1759 LPCR
868 1706 987 1759 Corniade
1006 1706 1049 1756 Or.
1086 1712 1109 1757 8.
1129 1715 1155 1756 at
1173 1715 1252 1757 tamea
1267 1706 1342 1759 PCII

340 1884 389 1955 qai
414 1883 531 1938 dolorem
558 1884 658 1938 nedem
686 1883 778 1938 meunt
798 1880 869 1955 asae)
891 1878 1061 1937 Notabilem
1087 1879 1215 1956 synesis,
1244 1896 1338 1954 quarn

254 1967 437 2043 grammatici
460 1975 576 2037 vocant,
599 1965 723 2023 formam
747 1985 784 2022 ex
803 1966 864 2025 Erl.
884 1974 912 2022 et
925 1964 1004 2040 Spir.
1019 1962 1074 2042 [B]
1091 1974 1182 2023 totam
1199 1964 1338 2033 restitui;

254 2071 321 2108 narn
344 2070 409 2107 cnm
434 2052 569 2109 ederetur
591 2056 725 2126 quoniam,
748 2063 847 2109 tamea
869 2051 899 2107 in
923 2050 1014 2108 verbo
1031 2052 1124 2107 dicant
1139 2048 1338 2125 Peripatetici

255 2137 502 2211 intellegebantur
529 2156 545 2193 e
574 2138 718 2194 vocabulo
747 2138 952 2211 Peripateticus.
998 2135 1101 2192 Nihilo
1129 2134 1231 2192 dumor
1260 2135 1337 2193 haec

255 2222 371 2279 relativi
395 2222 543 2279 adiunctio
572 2231 615 2278 est
645 2241 732 2296 quam
756 2221 824 2290 illa,
854 2240 929 2296 quae
951 2221 987 2277 ad
1011 2224 1026 2290 ᾗ
1053 2222 1089 2278 16
1114 2219 1202 2278 etad
1226 2220 1268 2290 Il,
1294 2222 1335 2278 61

255 2307 492 2374 commemoravi,
515 2317 564 2363 aut
583 2308 661 2381 qnod
679 2307 757 2382 apud
775 2306 892 2364 Livium
912 2305 1019 2375 XXII,
1038 2306 1087 2371 57,
1107 2306 1125 2361 3
1148 2305 1273 2381 legitur:
1297 2306 1337 2362 L.

259 2394 398 2457 Cantilius,
416 2393 505 2449 scriba
514 2394 656 2467 paratiticis,
668 2412 737 2467 quos
749 2411 817 2449 nanc
828 2395 942 2448 mitiores
950 2393 1088 2465 pontefices
1099 2393 1248 2466 appeliant.
1271 2388 1338 2468 [De

255 2477 380 2535 Graecis
408 2479 559 2534 Personas
586 2487 616 2533 et
644 2476 822 2536 Schaeferus
849 2477 886 2534 ad
914 2476 1020 2551 Eurip,
1043 2476 1140 2534 Orest.
1164 2474 1253 2553 910.]
1299 2475 1337 2533 In

255 2563 335 2620 edita
357 2563 501 2637 scriptura
523 2562 690 2620 necessario
713 2573 779 2638 post
802 2566 928 2637 quoniam
950 2560 1018 2618 addi
1041 2560 1183 2617 debuerat.
1200 2561 1243 2630 la'3
1265 2578 1337 2618 narn

255 2647 427 2723 pronomine
451 2648 596 2704 notandus
619 2657 682 2705 erat
699 2647 841 2705 transitus
863 2647 900 2703 ad
923 2647 1014 2704 totins
1036 2646 1155 2703 scholae
1173 2646 1339 2711 notionem,

256 2733 334 2808 qnod
357 2750 433 2790 nunc
456 2732 498 2790 fit.
544 2732 665 2810 [illalum
688 2735 780 2790 edicant
802 2751 838 2789 ex
863 2733 924 2790 Erl.
949 2744 976 2788 et
1001 2732 1026 2788 B
1049 2728 1243 2808 restitutum]

345 2818 504 2875 Clorna'ctes
527 2819 681 2893 Epicureas
701 2815 911 2894 perfamiliarie)
935 2815 1089 2894 [Epicurus
1108 2834 1160 2891 pro
1179 2817 1340 2892 tepeamus

255 2903 343 2960 scribi
366 2903 396 2960 in
409 2903 481 2971 ml,
505 2921 581 2959 nnnc
604 2904 720 2960 demum
744 2903 887 2974 intellexi,
911 2901 1068 2960 accedente
1081 2901 1116 2970 B,
1139 2910 1171 2957 ut
1193 2901 1218 2966 1,
1240 2901 1282 2958 26
1306 2900 1340 2957 in

256 2989 359 3045 iisdem
383 2989 501 3063 Epicuri
522 3007 575 3062 pro
599 2990 737 3064 Epicurei.
783 2988 829 3044 Ex
853 2989 993 3063 Epicurus
1020 2985 1194 3062 corrigendo
1222 2985 1339 3043 facturn

255 3073 284 3130 in
309 3073 504 3130 deterioribus
526 3074 652 3148 Epicuri.
710 3073 778 3131 Non
805 3073 896 3149 igitur
917 3074 1036 3148 Epicuri
1055 3072 1340 3146 fertilioremque

256 3158 369 3215 notatio
391 3158 519 3215 hominis
542 3159 707 3216 Arcesilam
730 3159 854 3215 visentie
876 3176 979 3233 parum
1003 3167 1073 3231 epte
1094 3166 1156 3224 est,
1179 3157 1342 3231 periaepta

255 3253 353 3300 autern
373 3245 597 3317 perfamiliaris),
626 3244 677 3301 sed
706 3244 853 3300 hominem
877 3243 933 3318 ipsi
958 3242 1126 3303 Arcesilae,
1154 3258 1341 3316 quamquam

256 3347 293 3385 ex
316 3328 375 3384 alia
397 3329 498 3385 schola
520 3338 598 3399 erat,
627 3328 855 3405 perfamiliarem
885 3337 1027 3385 tenemus.
1071 3328 1102 3384 Is
1129 3344 1188 3401 quo
1216 3326 1342 3385 nomine

255 3412 353 3477 inerit,
377 3432 392 3469 e
415 3412 487 3470 solis
510 3414 659 3471 codicibus
682 3413 749 3471 sciri
773 3422 880 3489 potest,
903 3431 1028 3488 quorum
1053 3412 1189 3469 meliores
1211 3411 1290 3485 (ml.
1309 3419 1343 3470 et

256 3499 294 3573 B)
320 3498 490 3555 Charmidem
518 3499 683 3573 appellant3
716 3518 770 3574 pro
798 3518 834 3555 eo
861 3498 1052 3555 substitutum
1080 3497 1110 3553 in
1137 3496 1341 3555 deterioribus

255 3583 353 3640 notius
377 3583 491 3641 Latinis
513 3584 642 3641 librariis
664 3594 694 3640 et
716 3583 918 3642 Ciceronianis
939 3584 1090 3641 Carneadis
1113 3599 1230 3639 nomen.
1264 3581 1341 3639 Non

256 3686 341 3744 posse
364 3668 495 3744 intellegi
518 3669 646 3726 nobilem
663 3669 746 3726 illum
764 3669 918 3727 Arcesilae
936 3667 1088 3725 doctrinae
1105 3667 1340 3724 instauratorem

255 3764 371 3810 centum
406 3754 491 3810 annis
520 3754 676 3823 minorem,
711 3754 784 3811 nihil
818 3773 892 3829 opus
925 3762 990 3810 erat
1019 3751 1224 3810 demonstrari.
1275 3750 1341 3810 Sed

255 3839 337 3895 nulla
360 3856 480 3913 prorsus
502 3856 592 3897 causa
614 3848 690 3905 erat,
719 3858 772 3896 cur
793 3858 830 3896 ex
855 3840 1016 3896 Plutarcho
1038 3838 1118 3912 (Non
1143 3854 1231 3912 posse
1253 3854 1342 3894 ever.

256 3932 311 3980 cet.
331 3926 348 3979 4
368 3943 396 3998 p.
416 3924 494 3980 1089
513 3923 550 3996 C)
568 3935 767 3982 arcesseretnr
789 3942 807 3980 a
830 3924 954 3982 I)avisio
976 3922 1202 3981 incertissimum
1227 3939 1262 3979 ae
1286 3920 1343 3979 vix

256 4008 404 4067 Graecum
432 4010 575 4066 Corniodie
597 4029 711 4067 nomen.
747 4010 807 4083 Qui
829 4029 923 4084 nuper
945 4010 1068 4065 eandem
1086 4027 1147 4065 rem
1166 4007 1245 4082 apud
1265 4006 1343 4064 Plu·

256 4094 388 4150 tarcbnm
414 4094 451 4150 de
472 4094 618 4153 Corniade
641 4095 754 4152 narrari
778 4095 910 4170 scripsit,
940 4094 1046 4151 vellem
1064 4092 1263 4151 «Plutarchum
1294 4092 1343 4150 in·

257 4176 429 4257 aperierat]

343 4265 384 4319 Aa
400 4265 501 4339 tornea)
514 4265 552 4321 Et
570 4275 677 4333 tamen,
696 4283 873 4339 quamquam
892 4264 934 4320 ita
951 4264 1098 4340 patienter
1114 4261 1246 4319 dolorem
1259 4261 1344 4333 tulit,

258 4348 371 4412 urrallet,
403 4350 426 4405 si
455 4350 537 4425 optio
560 4351 693 4413 daretur,
722 4368 780 4407 non
804 4350 912 4408 dolere.
960 4348 1007 4426 [si
1030 4348 1096 4423 quis
1119 4348 1258 4405 mamaea
1280 4346 1344 4405 diei

258 4433 393 4491 debuisse
416 4444 508 4510 putat,
531 4434 729 4505 conferantur,
753 4434 887 4509 quaeda
910 4434 988 4492 Livii
1010 4432 1197 4503 XXXVIII,
1221 4432 1274 4504 49,
1302 4432 1346 4491 18
