3030 5086
254 452 316 516 114
642 471 687 517 ou
709 460 843 515 atdraus
866 470 942 528 son..

253 638 407 717 maledici,
435 641 617 718 monstrosi,
645 639 699 704 alii
726 643 831 703 autem
854 638 947 704 etiam
970 640 1131 706 amatoriis
1153 641 1333 706 levitatibus

254 740 361 819 dediti,
383 740 434 805 alii
457 742 643 822 petulantea
666 740 718 805 alii
735 742 880 819 audaces,
898 741 1046 822 protervi,
1068 742 1160 808 iidem
1176 743 1329 824 intempe-

327 951 345 993 1.
371 944 514 993 moreetreoee'
529 943 595 994 Non¹
632 944 702 993 etlam
727 943 865 994 altianum
883 945 907 994 R
930 944 976 994 alti
992 945 1062 995 etiam
1081 945 1102 994 It
1147 951 1169 994 2.
1194 944 1240 995 alti
1255 962 1330 1011 appe·

252 1012 322 1062 tende
340 1010 419 1061 omnia
434 1011 568 1076 petulantes
587 1011 608 1064 C
647 1011 718 1080 [idem
736 1012 765 1080 Α]
787 1013 813 1063 t‘d
829 1021 864 1063 est
883 1013 928 1063 Pa

253 1186 291 1257 V,
305 1185 367 1257 86).
401 1184 478 1242 Nam
501 1203 597 1259 neque
619 1189 761 1243 monotroei
781 1185 914 1243 homines
932 1186 1063 1244 moribus
1080 1196 1109 1244 et
1125 1187 1205 1244 vitae
1221 1204 1331 1263 genere

253 1270 447 1328 abhorrentes
469 1270 527 1327 dici
550 1288 636 1345 posse
660 1271 811 1339 videntur,
840 1281 883 1339 et,
912 1271 937 1328 si
959 1271 1001 1329 sic
1024 1272 1184 1343 diceretur,
1215 1289 1330 1328 summa

253 1356 432 1433 perversitas
449 1354 540 1412 totius
552 1364 674 1413 naturae
685 1356 873 1427 indicaretua
891 1375 949 1413 non
962 1375 1051 1414 unum
1064 1357 1211 1432 quoddam
1223 1356 1328 1414 vitium

254 1440 450 1509 cotidianum
472 1458 568 1515 neque
591 1460 609 1497 a
631 1441 743 1498 comico
765 1441 838 1498 haec
861 1451 977 1517 sumpta
1000 1461 1073 1511 esse,
1097 1443 1174 1517 quod
1199 1442 1331 1500 Orellius

207 1556 211 1563 ·
253 1527 429 1601 suspicetur,
452 1526 544 1582 ullum
568 1536 613 1584 est
635 1526 784 1583 indicium.
819 1527 923 1601 Itaque
940 1545 1006 1584 cum
1030 1528 1129 1584 multis
1152 1527 1219 1585 aliis
1235 1527 1331 1602 probo

253 1610 389 1670 Lambini
413 1611 610 1668 coniecturam
633 1614 744 1676 moret,
775 1630 850 1686 quae
873 1630 931 1668 vox
955 1612 1107 1687 aptissime
1135 1631 1199 1669 cum
1223 1612 1330 1669 ceteris

253 1696 449 1772 coniungitur.
495 1695 571 1752 Nam
597 1696 801 1753 maledicentia
824 1706 853 1753 et
876 1695 1031 1755 morositas
1058 1697 1088 1754 in
1116 1697 1207 1754 nimio
1230 1715 1329 1772 repre-

254 1780 399 1840 hendendi
422 1781 520 1838 studio
542 1791 624 1850 sunt,
653 1781 812 1839 difficultas
839 1791 869 1839 et
896 1781 970 1839 lucis
997 1781 1068 1859 luga
1095 1782 1125 1838 in
1148 1782 1227 1839 vitae
1249 1800 1331 1839 com·

255 1867 351 1925 munis
373 1866 560 1947 insuavitate.

338 1953 387 2008 atti
407 1961 495 2008 autem
517 1949 608 2025 etiam)
631 1951 700 2008 Non
723 1951 764 2008 ita
786 1969 853 2008 raro
883 1951 912 2007 in
936 1950 992 2008 hec
1014 1951 1172 2026 partitione
1194 1952 1260 2009 voci
1282 1954 1333 2009 otti

252 2035 346 2094 altero
368 2036 434 2094 loco
457 2036 575 2093 additur
595 2046 693 2107 antem
716 2044 749 2093 ut
765 2037 820 2104 IV,
835 2036 874 2094 28
897 2044 926 2093 et
948 2056 1003 2112 pro
1016 2037 1137 2094 Plancio
1153 2036 1204 2107 15,
1224 2036 1328 2094 simili-

253 2131 358 2196 terque
380 2131 447 2197 post
464 2127 570 2196 partim
592 2121 608 2179 1
631 2121 667 2178 N.
679 2121 718 2178 D.
738 2123 776 2177 66
795 2121 857 2195 (qui
880 2121 962 2178 locus
985 2140 1021 2178 ex
1044 2122 1221 2197 optimorum
1244 2122 1328 2179 cedd.

253 2206 370 2264 indiciis
387 2206 429 2263 sic
447 2206 618 2263 scribendus
636 2216 694 2264 est:
712 2208 768 2263 elia
784 2224 892 2282 aspera,
909 2207 1027 2264 comeda
1042 2209 1107 2272 alle,
1120 2211 1225 2284 purtim
1240 2218 1329 2266 auum

253 2294 383 2367 capulata
399 2294 510 2366 fornae,
544 2292 654 2348 dentato
681 2292 816 2365 quaedem
843 2302 868 2348 et
895 2295 977 2366 quest
1002 2293 1124 2361 adunca3
1158 2312 1211 2368 pro
1233 2295 1329 2366 sorana

254 2378 364 2435 hamata
386 2377 416 2433 in
439 2376 499 2433 illis
521 2386 567 2434 est
581 2370 738 2450 flammata,
755 2378 901 2450 ,tremam
930 2377 1105 2452 corpuscula
1127 2367 1330 2454 ἆγκιστροειὸῆ

254 2462 477 2539 significantur).
522 2458 581 2520 Sed
604 2460 697 2520 Gaius
728 2462 810 2530 „sine
838 2461 962 2536 probato
990 2462 1126 2537 exemplo
1154 2461 1328 2543 ullo‘flcon·

253 2565 371 2605 currere
393 2556 483 2622 ‘putat
500 2539 593 2603 ‘uatem
620 2554 650 2603 et
671 2549 764 2616 etiarm
797 2546 897 2620 itaque
919 2557 1007 2603 anano
1030 2547 1121 2616 delet;
1155 2546 1237 2603 addit
1259 2546 1328 2614 alia,

254 2650 330 2707 quae
352 2630 475 2689 refutari
498 2650 557 2688 non
580 2631 696 2692 debent.
740 2632 897 2707 Repugnat
919 2630 1054 2689 Handius
1071 2632 1157 2688 Tars.
1174 2631 1190 2689 1
1207 2650 1236 2706 p.
1252 2631 1329 2699 5863

253 2735 322 2775 rara
344 2726 442 2773 tamen
466 2715 589 2791 reperiri
612 2716 749 2791 exempla
771 2725 864 2791 putat.
897 2715 1038 2775 Cernen
1056 2725 1240 2782 concurrant,
1263 2733 1328 2772 curn

253 2802 284 2858 iu
307 2800 463 2859 contrariis
480 2812 510 2859 et
527 2801 653 2859 transitu
671 2800 759 2858 etiam
778 2801 913 2877 gradatio
930 2801 1031 2875 eliqua
1047 2798 1104 2858 siti
1127 2810 1159 2858 ut
1176 2800 1232 2858 hoc
1249 2801 1331 2869 loco;

253 2886 406 2961 aliquanto
418 2886 496 2943 enim
513 2886 630 2961 peiores
648 2887 769 2943 suntad
786 2886 961 2944 turbandam
979 2886 1069 2943 animi
1086 2885 1329 2961 tranquillitatem

253 2972 415 3029 amatoriae
438 2971 583 3028 levitates.
628 2971 732 3046 Itaque
755 2979 873 3046 praeter
894 2971 982 3028 huius
1004 2971 1071 3028 libri
1095 2972 1132 3027 16
1156 2982 1186 3027 et
1207 2971 1249 3040 ΙΙ,
1270 2970 1331 3026 113

253 3057 284 3114 in
306 3075 366 3114 uno
389 3057 465 3113 libro
488 3056 592 3130 quinto
614 3056 671 3113 tria
694 3065 762 3112 sunt
783 3056 928 3131 exempla,
951 3060 966 3126 ξ
988 3056 1043 3113 35:
1066 3057 1121 3113 Est
1142 3065 1230 3113 entem
1251 3058 1329 3113 σιιιιιη

253 3145 324 3200 actio
351 3143 487 3217 quaedem
514 3144 634 3216 corperis
657 3142 699 3212 (ιιι
724 3159 761 3197 ex
784 3140 903 3215 optimis
926 3141 1009 3198 codd.
1033 3141 1198 3214 restituam)
1221 3150 1251 3197 et
1274 3140 1331 3197 55:

255 3227 325 3285 Sunt
346 3228 435 3285 beatem
457 3229 537 3284 etiem
558 3228 676 3283 clamne
699 3227 798 3282 indicio
820 3236 933 3283 naturae
950 3227 1011 3300 (ubi
1029 3226 1093 3301 ipee
1111 3225 1206 3287 Gaius.
1223 3244 1260 3282 ex
1278 3244 1331 3299 op·

253 3312 333 3370 timis
356 3311 507 3369 codicibus
529 3311 679 3368 revocarit
702 3309 947 3385 impudenterque
969 3310 1119 3385 ascripsit:
1145 3311 1222 3373 „Sed
1240 3328 1332 3385 supra

253 3397 396 3463 vidimus,
419 3399 498 3453 etiem
520 3396 550 3453 in
574 3395 747 3452 transitione
769 3413 824 3471 pro
846 3397 913 3452 adeo
936 3404 1002 3470 poet
1024 3406 1113 3453 autera
1134 3395 1217 3463 addi,
1241 3403 1330 3469 atque

253 3482 341 3540 tertio
364 3482 429 3539 loco
453 3481 582 3556 positum
605 3480 714 3554 ubique
743 3479 888 3537 ascribis
911 3480 1099 3553 sollicitari“)
1121 3490 1150 3539 et
1174 3481 1229 3538 63:
1262 3482 1331 3538 Οιιηι

254 3578 343 3625 tartum
365 3570 444 3624 etiem
465 3570 553 3623 caitae
574 3567 609 3623 ab
631 3576 743 3641 utroque
764 3566 848 3623 datur
869 3568 927 3640 reqi
947 3577 1002 3622 cet.

339 3653 572 3727 calliponitanae,
601 3653 650 3708 elii
670 3651 803 3720 audaces,
822 3649 958 3728 protervi)
981 3650 1070 3721 Mihi,
1101 3659 1134 3707 ut
1161 3650 1242 3719 aliis,
1271 3668 1329 3707 nou

255 3736 326 3794 satis
350 3737 537 3812 perspicuum
554 3746 608 3803 est,
631 3735 778 3811 quomodo
796 3735 876 3801 haec,
899 3754 975 3810 quae
992 3737 1047 3792 sub
1064 3754 1156 3811 genus
1174 3735 1331 3792 amatoria·

254 3841 318 3879 rum
347 3822 499 3879 levitatum
524 3822 646 3887 cadunt,
676 3821 705 3876 in
735 3820 849 3895 species
876 3821 1098 3878 distribuantur.
1144 3820 1202 3880 Sed
1232 3831 1329 3876 tamen

254 3916 340 3983 puto,
369 3907 495 3982 primum
519 3907 626 3981 pertita
644 3908 797 3981 petulantes
824 3905 897 3974 dici,
926 3907 976 3981 qui
1000 3905 1177 3963 verecundia
1205 3905 1329 3962 aliorum

255 4011 313 4051 uon
330 3992 533 4060 cohibeantur,
555 3993 682 4061 caduces,
705 3991 754 4066 qui
772 3991 881 4048 amoris
898 4009 986 4049 causa
1003 3992 1134 4067 pericula
1151 4009 1209 4047 uon
1227 3990 1331 4049 vitent.

255 4088 316 4135 tum
352 4077 546 4134 communiter
574 4086 729 4152 pretence,
764 4077 827 4133 siue
861 4077 972 4151 pudore
1006 4088 1035 4134 et
1067 4076 1224 4151 pudicitia3
1262 4092 1329 4132 nam

255 4163 393 4239 coniungi
418 4173 571 4237 protervos
595 4181 660 4219 curn
683 4161 859 4230 audacibus,
887 4172 919 4218 ut
948 4161 1085 4219 contrarii
1115 4161 1175 4218 sint
1197 4160 1331 4236 petulen-

254 4249 347 4318 tibust
377 4266 471 4322 neque
495 4248 692 4304 membrorum
715 4246 879 4321 aequalitas
908 4265 1001 4320 neque
1029 4246 1166 4322 proxima
1193 4244 1332 4321 cognatio

256 4333 448 4407 petulantium
474 4341 502 4389 ct
526 4344 729 4408 protervorum
753 4332 832 4389 sinit.
877 4331 916 4388 Hi
945 4332 1035 4408 igitur
1062 4332 1148 4388 simul
1171 4332 1273 4404 (iidem)
1302 4340 1332 4386 et
