3030 5086
395 501 439 546 aa
462 499 542 546 usa.
565 500 628 546 ars.
650 500 684 548 1v
707 499 780 546 cnr.
803 504 840 550 in.
860 500 992 563 (ao-ai.)
1163 483 1227 549 525

155 671 182 735 si
203 670 245 734 ad
266 668 350 733 illam
372 667 483 747 vitam,
511 687 592 750 quae
613 686 683 733 cum
704 668 819 733 virtute
841 670 987 750 degatur,
1014 669 1152 759 ampulla
1173 676 1229 734 aut

155 771 283 854 strigilis
304 771 447 849 accedat,
474 776 672 851 sumpturum
699 769 872 851 sapientem
899 789 968 835 eam
989 772 1086 836 vitam
1112 772 1226 853 potius,

155 892 217 955 quo
238 873 317 939 haec
338 873 461 937 adiecta
476 871 548 950 sint,
569 890 627 936 uec
642 871 814 938 beatiorem
830 879 934 937 tanim
953 872 994 938 ob
1010 891 1079 938 eam
1098 891 1226 938 causam

154 974 229 1040 iore.
272 977 323 1041 31.
351 975 420 1039 Hoc
447 973 546 1038 simile
566 975 692 1039 tandem
719 974 789 1039 est?
816 992 877 1039 non
904 974 972 1039 risu
997 974 1104 1055 potius
1131 994 1225 1058 quam

155 1077 298 1142 oratione
318 1076 510 1141 eiciendum?
542 1075 689 1156 Ampulla
709 1075 792 1141 euim
814 1075 856 1140 sit
876 1093 974 1141 necne
994 1076 1049 1157 sit,
1070 1078 1141 1159 quis
1163 1097 1225 1143 non
1243 1082 1264 1148 5

154 1179 224 1245 iure
245 1179 361 1260 optimo
383 1178 561 1257 irrideatur,
584 1176 612 1241 si
628 1176 769 1243 laboret?
812 1180 856 1242 At
870 1196 944 1243 vero
959 1179 1114 1260 pravitate
1130 1199 1225 1245 mem·

155 1282 280 1346 brorum
308 1287 341 1346 et
366 1280 505 1345 cruciatu
533 1280 675 1344 dolorum
703 1279 822 1361 si‘quis
844 1298 936 1372 quem
957 1280 1052 1360 levet,
1079 1300 1224 1364 magnam

226 1456 247 1498 1.
266 1449 398 1499 dluctari}
451 1455 474 1498 3.
497 1450 537 1499 cai
556 1450 617 1499 laec
634 1448 676 1499 Or.
701 1447 702 1450 ’
730 1449 869 1500 adocdaP
892 1460 917 1498 et
939 1452 963 1498 iu
982 1466 1032 1513 mg.
1057 1451 1170 1502 &macta
1188 1452 1225 1501 uel

156 1517 251 1568 admota
303 1526 325 1567 4,
350 1527 427 1567 tamam
445 1518 518 1567 ertia
570 1517 657 1568 aarum
678 1527 703 1567 ut
726 1520 783 1583 (pro
806 1534 852 1566 moa
869 1518 970 1582 risu)ss
1024 1524 1045 1568 6.
1070 1537 1115 1569 nou
1134 1522 1224 1571 omi]

156 1592 177 1638 6.
197 1586 374 1636 dmdeaturC
405 1586 701 1653 praelusorum&
739 1585 950 1636 aulaumaiu
972 1586 991 1635 P

238 1728 360 1802 ampulla
387 1738 435 1784 aut
461 1728 573 1800 stmpilv'e
599 1729 722 1823 accedat)
751 1726 928 1784 Plutarchus
956 1726 1022 1783 adv.
1047 1726 1162 1786 Stoicos
1185 1728 1224 1785 22
1320 1776 1328 1792 ,

154 1831 183 1886 p.
200 1811 331 1870 10690·
354 1806 548 1906 Kpcaue‘dotr
570 1831 619 1868 και
643 1804 726 1902 ἀμίσι
747 1812 871 1886 χρυσαῖς
892 1799 951 1868 καὶ
968 1802 1012 1908 νὴ
1031 1806 1103 1869 Δία
1124 1801 1224 1888 ληκυ-

123 1935 125 1939 -
154 1897 254 1963 θοις,
284 1883 356 1952 ὅταν
377 1913 503 1972 τυχωσι,
529 1881 757 1972 παραβαλλουσι
784 1887 826 1968 (οἱ
847 1886 987 1969 Στωῖκοι)
1009 1886 1061 1954 τὸν
1089 1892 1225 1972 μέγιστον
1263 1956 1267 1966 ,

153 1977 290 2037 πλοῦτον.

238 2085 296 2121 cam
318 2068 408 2131 uitam
431 2085 483 2139 qua
500 2066 565 2122 laec
580 2066 686 2122 adiecta
703 2062 770 2140 siut)
790 2063 930 2122 Davisius
947 2085 985 2122 ex
997 2066 1053 2136 El,
1075 2077 1107 2123 ut
1123 2067 1224 2124 volue-

153 2158 199 2206 rat
221 2149 381 2220 Gruterus,
409 2154 452 2208 cui
473 2152 560 2225 (quot)
583 2151 661 2218 liaeo,
690 2159 720 2206 et
742 2150 784 2206 sic
806 2150 863 2206 iam
887 2151 1017 2220 Marsus,
1041 2151 1104 2208 sine
1127 2170 1224 2209 causa

153 2237 230 2292 Nam
254 2245 284 2292 et
304 2238 406 2293 accedit
428 2255 457 2292 ec
478 2245 509 2292 ct
529 2237 628 2304 cedma,
650 2233 681 2290 id
698 2243 751 2305 est,
773 2235 949 2293 adeundam
969 2255 1029 2293 rem
1042 2235 1147 2295 Cicero
1165 2256 1224 2294 uon

152 2339 220 2377 raro
243 2321 319 2379 dixit
340 2321 412 2394 (vid.
436 2320 548 2394 Nizol.)
570 2330 601 2378 et
621 2321 695 2377 addo
716 2321 782 2389 luc,
809 2339 853 2390 co,
876 2323 965 2378 codem
987 2322 1088 2394 (Tusa.
1112 2324 1149 2390 V,
1175 2325 1223 2392 16,

153 2406 233 2463 Laol.
259 2407 311 2481 65)
333 2417 364 2463 et
384 2409 472 2464 adicio
494 2408 598 2463 oculum
619 2409 711 2480 aliquo
732 2406 834 2482 (Legg.
857 2406 899 2476 11,
920 2407 982 2481 86),
1005 2415 1035 2463 et
1056 2408 1224 2465 huiusmodi

153 2492 293 2548 adverbia
314 2510 403 2568 saepe
425 2491 663 2550 demonstrativis
686 2491 811 2548 subiecit
827 2511 880 2566 pro
897 2492 1071 2566 pronomina
1094 2502 1123 2549 ct
1140 2512 1224 2567 prae·

152 2577 297 2651 positione
319 2579 407 2652 (apud
427 2596 480 2646 aas,
504 2597 556 2651 quo
578 2597 606 2634 cc
627 2578 736 2635 contulit
759 2578 844 2634 Verr.
857 2577 911 2646 IV,
925 2578 974 2646 38,
997 2597 1031 2635 aa
1052 2581 1086 2635 iio
1107 2580 1223 2653 oppidio,

152 2681 207 2735 qua
223 2664 389 2719 ducebantur
401 2663 486 2718 Verr.
499 2664 536 2731 V,
551 2664 605 2731 66;
623 2663 724 2732 hicII,
738 2662 771 2730 53
789 2662 825 2718 de
842 2664 912 2719 uude
923 2663 981 2720 vid
994 2663 1075 2737 lem).
1099 2661 1221 2743 [Totum

151 2765 243 2820 genua
265 2757 434 2822 persecutus
456 2758 501 2804 cst
522 2747 811 2823 Naegelsbachius
803 2766 832 2803 in
855 2747 938 2820 libri,
966 2767 1052 2822 quem
1075 2749 1225 2824 inscripsit

151 2831 338 2888 Latainisohe
361 2830 497 2901 Stilistik,
521 2832 649 2889 editione
671 2832 768 2900 tertia,
793 2828 885 2910 5.85]

239 2916 287 2972 31
316 2917 376 2973 Hoc
397 2919 481 2973 mmde
503 2918 609 2974 taudem
631 2925 688 2973 esti
717 2936 829 2973 mon-
853 2917 1030 2991 eicimdumt)
1054 2917 1103 2975 Sic
1132 2892 1222 2975 inter·

152 3000 335 3076 pungendam
349 3019 413 3057 esse
425 3001 597 3070 orationem,
615 3010 645 3058 et
660 3002 727 3077 ipsa
738 3020 797 3058 vox
814 3004 930 3071 taudem,
948 3002 1120 3077 praesertim
1133 3005 1222 3060 verbo

152 3086 302 3153 adiuncta,
332 3086 509 3143 admonebat
535 3097 565 3143 et
587 3086 659 3144 ordo
680 3087 847 3144 verborum.
888 3088 986 3163 Vulgo
1009 3087 1108 3144 omnia
1129 3089 1222 3145 conti·

151 3181 256 3237 nuant3
279 3170 372 3229 Gaius
395 3179 492 3228 autem
515 3183 544 3228 et
565 3172 824 3248 interrogationem
846 3181 877 3228 et
898 3173 1071 3229 seutentiam
1095 3173 1222 3230 sustulit.

151 3257 185 3312 In
209 3260 319 3314 eiciendi
335 3258 425 3314 verbo
448 3258 603 3332 imaginem
624 3276 642 3313 a
658 3275 764 3314 scaena
782 3256 897 3314 ductam
916 3276 990 3325 esse,
1013 3258 1149 3315 Bromius
1171 3276 1222 3314 an·

150 3350 242 3400 notat.
296 3344 366 3399 Mox
394 3345 514 3417 ampulla
540 3347 575 3399 sit
602 3343 781 3418 significare:
813 3346 934 3418 ampulla
966 3348 1035 3401 assit
1060 3353 1086 3401 ct
1111 3345 1223 3402 accedat

151 3426 291 3499 (habeatne
318 3430 465 3503 ampullam
497 3430 536 3485 ad
562 3439 647 3485 aalma
675 3431 779 3502 necne),
814 3428 879 3486 dico
909 3439 1029 3505 propter
1056 3427 1164 3487 Gaium
1193 3439 1222 3485 st

151 3512 299 3569 Ottonem.

233 3602 367 3670 pravitate
393 3599 567 3655 cumbrorum
598 3609 623 3656 ct
651 3601 772 3656 cruciatu
799 3598 934 3671 dolorum)
964 3594 1030 3677 [Sic
1057 3594 1222 3677 edebatur]

151 3683 240 3739 Recte
263 3684 417 3741 Lucretius
436 3683 506 3754 (III,
519 3684 593 3757 477)
615 3684 644 3739 in
667 3683 713 3752 iis,
736 3684 788 3757 qui
805 3684 873 3741 vino
896 3685 1108 3758 opprimantur,
1132 3703 1222 3740 mem·

149 3769 268 3825 brorum
291 3768 465 3844 gravitatem
489 3769 628 3842 consequi
650 3769 700 3839 ait,
723 3778 811 3839 recte,
834 3769 931 3836 credo,
954 3770 1041 3826 etiam
1060 3768 1150 3828 Tusa.
1163 3770 1220 3837 111,

153 3858 178 3921 1,
202 3855 253 3910 ubi
275 3854 411 3911 universa
434 3854 470 3910 de
493 3854 638 3910 medicina
653 3854 760 3929 agitur,
783 3854 896 3929 aegroti
919 3862 948 3910 et
970 3853 1136 3930 languentis
1158 3872 1221 3915 cor·

148 3938 228 4012 poris
261 3939 391 4014 gravitas
419 3939 595 3996 nominatur.
640 3939 711 4007 Hic,
739 3939 790 3995 ubi
818 3939 1020 4015 significantur
1046 3939 1223 4014 gravissima

148 4024 279 4098 corporis
307 4025 490 4081 incommoda
512 4027 658 4095 (mucimus
681 4025 814 4098 aarum)
836 4033 866 4081 et
892 4043 968 4099 quae
997 4023 1124 4081 maxime
1153 4042 1221 4081 con·

149 4109 240 4165 traria
262 4110 321 4165 sint
337 4110 440 4183 primis
457 4119 588 4176 naturae,
611 4127 723 4179 vereor,
746 4127 783 4165 ne
806 4128 907 4184 parum
931 4109 1069 4186 ponderis
1091 4110 1222 4185 gravitas

149 4193 201 4250 illa
228 4195 349 4259 habeat,
378 4204 514 4268 recteque
538 4194 690 4252 Bentleius
712 4194 761 4268 (ad
783 4195 871 4254 Tuso.
894 4196 957 4263 ΠΙ,
984 4198 1012 4268 1)
1035 4194 1221 4252 scribendum

149 4280 260 4352 putarit
279 4284 415 4354 pravitate
436 4282 610 4337 menbrorum
633 4280 734 4353 (Tusc.
758 4280 813 4349 IV,
838 4280 899 4353 29).
943 4281 1021 4338 Nam
1048 4288 1082 4337 ut
1107 4280 1221 4337 inillis

149 4366 309 4422 commodis
336 4376 454 4441 practer
481 4365 677 4423 valetudinem
707 4375 879 4423 numeratur
905 4365 1060 4442 integritas
1088 4365 1221 4441 corporis

149 4458 178 4505 et
199 4449 385 4509 incolumitas
407 4460 565 4527 partesque
586 4450 650 4508 eius
671 4459 702 4508 et
722 4451 854 4508 membra
875 4461 947 4526 apta
974 4460 1005 4508 et
1029 4450 1144 4528 integra
1166 4467 1221 4508 neo
