3030 5086
456 502 500 547 nr
524 502 604 547 marr.
626 501 689 546 nra.
713 501 743 546 v.
767 466 843 546 cars
861 503 882 548 τ.
903 498 966 561 (ιε.)
1185 481 1249 547 633

176 666 287 730 similia
309 675 383 732 sunt
403 667 505 748 prima
526 668 557 731 in
575 668 695 745 animis,
717 668 808 748 quasi
824 668 972 731 virtutum
995 666 1119 748 igniculi
1142 673 1173 732 et
1195 685 1245 731 se·

175 769 267 831 mina.
311 768 357 831 Ex
384 769 433 833 his
461 768 562 833 tribus
585 787 653 833 cum
676 786 772 833 unum
799 768 917 849 aliquid
941 771 994 848 sit,
1024 786 1097 852 quo
1114 768 1248 850 primum

176 877 289 933 natura
316 877 478 935 moveatur
504 870 554 935 vel
581 871 621 933 ad
649 872 857 951 appetendum
886 871 934 935 vel
962 872 1003 935 ad
1027 870 1248 951 repellendum,

176 989 231 1034 uec
253 971 422 1051 quidquam
445 972 571 1036 omnino
587 981 715 1052 praeter
731 972 809 1036 haec
825 973 886 1037 tria
903 973 1004 1052 possit
1021 991 1099 1049 esse,
1122 990 1249 1037 neeesse

176 1081 225 1146 est
252 1072 376 1135 omnino
404 1071 536 1137 officium
565 1082 621 1137 aut
647 1073 784 1153 fugiendi
812 1082 868 1138 aut
894 1075 1044 1154 sequendi
1072 1075 1112 1138 ad
1141 1073 1289 1138 commi)

246 1247 267 1289 2.
288 1240 386 1304 aliquod
403 1258 496 1301 omnes,
517 1243 553 1292 Or
598 1243 678 1309 priora
697 1243 764 1291 EPR
817 1248 841 1292 ³.
859 1243 896 1292 uel
913 1242 1067 1308 appetendum
1086 1244 1145 1308 (om.
1165 1242 1209 1308 ad)
1228 1244 1249 1291 E

177 1309 375 1373 expoliendumL
412 1319 434 1361 4.
451 1312 584 1376 poariatE
620 1318 643 1361 5.
662 1320 704 1361 aut
721 1311 862 1375 ‹fficiumla
897 1320 939 1360 aut
958 1313 1014 1377 (pro
1033 1312 1117 1375 adlit]

178 1466 297 1529 uastius,
323 1467 430 1523 vitiose
452 1467 481 1523 in
506 1466 649 1524 divisione
671 1468 747 1524 idem
772 1468 801 1523 in
825 1476 908 1542 parte
931 1468 1010 1524 tertii
1032 1468 1148 1544 generis
1171 1467 1251 1543 poni,

178 1551 255 1623 quod
284 1552 379 1625 ipsum
408 1553 449 1609 sic
478 1553 507 1608 in
538 1553 666 1609 secundo
693 1571 800 1629 genere
829 1553 1038 1620 constituatur,
1066 1563 1100 1609 ut
1127 1571 1184 1609 non
1214 1571 1250 1609 ex

178 1637 265 1692 tertio
287 1637 403 1712 decerpi
428 1646 457 1694 et
479 1637 558 1714 eligi,
582 1637 632 1695 sed
656 1637 803 1694 diversum
829 1654 891 1694 esse
910 1637 1059 1706 videatur3
1083 1657 1139 1694 non
1163 1647 1251 1708 recte,

178 1721 250 1777 haec
272 1722 363 1778 deleri
386 1723 521 1779 iubentes
544 1723 585 1797 (et
608 1722 717 1779 delevit
741 1722 940 1795 Schuetzius),
968 1723 998 1778 in
1028 1722 1164 1780 librarios
1187 1741 1250 1779 eam

178 1806 292 1881 culpam
317 1807 506 1864 transierunt.
552 1808 627 1865 Nam
651 1807 722 1864 alibi
745 1826 862 1882 quoque
889 1808 919 1864 iu
948 1808 994 1864 his
1023 1808 1125 1882 primis
1148 1808 1253 1867 Cicero

177 1911 234 1946 rina
258 1909 322 1948 cum
347 1893 515 1949 valetudine
537 1893 664 1968 (integra
686 1893 816 1949 universi
840 1893 983 1968 corporis)
1000 1892 1177 1950 vacuitatem
1202 1892 1253 1949 do·

177 1977 248 2033 loris
267 1977 355 2047 (hano
377 1978 423 2033 vel
448 1978 527 2034 illam
552 1989 664 2053 partem
688 1979 872 2050 attentantis)
892 1989 1025 2034 numerat
1044 1979 1104 2047 (hie
1122 1981 1171 2036 47.
1196 1979 1253 2047 ΙΙΙ,

179 2064 233 2127 51,
256 2063 311 2125 lv,
336 2064 390 2131 20,
415 2064 464 2124 27,
490 2063 551 2136 35).
597 2065 670 2120 larris
698 2067 844 2139 praeires
867 2063 945 2137 Spir.
970 2074 998 2119 et
1023 2064 1106 2131 Bas,
1135 2074 1253 2120 servato

179 2148 285 2203 ueteris
307 2149 535 2223 orthographiae
552 2149 686 2224 vestigio.
722 2147 783 2226 [Ex
798 2149 856 2205 Erl.
875 2160 902 2205 et
921 2150 946 2205 P
963 2149 1058 2224 ipsum
1082 2152 1151 2206 vires
1164 2150 1254 2221 (viris)

178 2231 320 2308 notatum]
368 2233 461 2289 Cetera
484 2253 537 2308 pro
559 2244 699 2308 ceteraque
721 2233 815 2292 Gaius
843 2253 880 2290 ex
903 2235 1039 2290 omnibus
1062 2235 1137 2293 suis,
1168 2235 1253 2291 ruodo

178 2337 213 2373 ne
237 2318 272 2374 de
295 2317 406 2391 aliquot
430 2320 587 2389 erraverit,
617 2319 670 2375 etsi
694 2338 730 2375 ex
755 2320 780 2375 P
803 2331 939 2394 apparet.
969 2338 1025 2375 non
1049 2320 1078 2376 in
1108 2319 1179 2376 solis
1202 2338 1254 2395 op·

177 2404 256 2458 timis·
280 2403 321 2458 ita
344 2404 483 2478 scriptum
507 2403 613 2471 fuisso;
637 2405 695 2463 rid.
720 2404 756 2461 ad
779 2404 835 2473 lv,
859 2409 888 2460 l.

263 2507 375 2561 qaorum
394 2492 500 2545 'similia
528 2501 589 2546 sam
614 2493 704 2565 primo
737 2493 765 2546 in
792 2491 901 2564 animia)
930 2491 977 2547 Ita
1006 2489 1110 2548 Cicero
1139 2488 1255 2546 locutus

178 2584 231 2629 est.
255 2584 287 2629 ut
310 2592 367 2628 uon
391 2575 477 2648 plane
501 2585 658 2650 appareat,
683 2594 751 2632 num
777 2576 857 2631 haec.
880 2594 955 2649 quae
980 2575 1073 2650 prima
1096 2574 1124 2630 in
1149 2575 1256 2630 animis

178 2657 317 2732 appellat,
341 2677 461 2732 prorsus
481 2660 510 2715 in
529 2679 563 2716 eo
585 2679 692 2735 genere
716 2662 924 2717 numeraverit.
948 2679 1023 2734 quae
1046 2659 1180 2735 primae
1204 2677 1256 2715 na·

180 2755 245 2799 tura
273 2753 491 2817 appeterentur.
546 2745 667 2801 Nullum
697 2746 799 2802 virtuti
828 2746 979 2821 proprium
1008 2746 1103 2801 locum
1133 2763 1196 2801 csse
1225 2744 1255 2800 in

179 2829 235 2884 hoc
263 2829 350 2889 tertio
377 2847 500 2903 genere,
529 2829 616 2885 facile
645 2831 701 2886 iam
731 2849 768 2886 cx
797 2849 831 2886 eo
859 2831 1053 2906 intellegitur,
1082 2830 1159 2904 quod
1184 2828 1256 2888 Cur·

180 2913 281 2970 pendis
304 2913 384 2982 finis,
414 2914 463 2987 qui
493 2914 560 2970 hinc
583 2914 712 2982 ducitur,
742 2915 849 2972 virtute
875 2925 957 2971 vacat
981 2916 1033 2987 (22
1057 2918 1142 2986 cet.);
1171 2915 1257 2989 plura

180 2999 274 3054 dicam
299 2999 328 3054 in
351 3017 415 3056 exe.
440 3000 494 3057 IV.

266 3104 345 3140 aarum
367 3085 486 3158 aliquid)
505 3085 733 3141 Pronominihus
750 3085 846 3141 nentri
864 3085 980 3160 generis
997 3085 1133 3142 arniuerse
1151 3083 1257 3158 positis

178 3171 208 3226 in
232 3169 389 3226 dividendo
413 3188 499 3227 voces
521 3170 723 3226 substantivae
746 3171 944 3237 subiciuntur3
973 3171 1071 3245 itaque
1095 3178 1124 3225 ut
1149 3168 1257 3226 dicitur

181 3276 213 3311 ea
236 3257 277 3311 hia
299 3256 455 3329 corporibus
477 3257 596 3312 aralium.
621 3256 663 3312 sic
686 3256 866 3312 necessario:
888 3276 922 3312 ar
944 3257 999 3325 lio,
1023 3256 1115 3311 horum
1139 3257 1187 3324 (cx
1211 3253 1258 3311 his

180 3342 278 3409 rebus,
302 3341 404 3396 harum
428 3343 537 3414 rerum)
555 3342 628 3403 nihil,
652 3359 709 3397 non
728 3343 837 3411 aulicam,
861 3350 905 3398 et:
928 3360 974 3398 nec
990 3361 1079 3397 eorum
1096 3342 1256 3414 quidquam,

183 3445 238 3481 nou
264 3428 359 3494 iiiluna
383 3446 400 3482 a
424 3427 490 3481 nihil
511 3436 539 3481 et
563 3429 712 3500 quidquam
734 3427 837 3501 regula
859 3426 1063 3483 transferenda
1085 3435 1128 3483 est
1151 3426 1188 3482 ad
1211 3444 1255 3495 ea,

183 3530 257 3584 quac
286 3511 314 3567 in
344 3512 498 3568 scribendo
521 3513 681 3586 permutari
705 3511 815 3577 solent,
845 3523 876 3568 ut
904 3532 991 3568 eornm
1014 3513 1121 3586 aliquid
1142 3511 1258 3569 dicatur

182 3608 225 3665 tut
249 3616 302 3671 pro
315 3595 396 3654 Cael.
411 3599 449 3653 77
474 3600 640 3654 mim'morum
663 3598 755 3654 hortem
778 3599 905 3671 aliquid),
929 3616 986 3654 uon
1010 3599 1130 3671 aliquod.
1166 3598 1257 3654 Recte

182 3683 271 3755 igilur
300 3682 388 3756 paulo
417 3693 481 3756 post
511 3683 652 3739 edebatur
674 3685 713 3738 ud
739 3702 827 3739 eorum
850 3685 970 3758 aliquid,
1001 3702 1054 3759 pro
1082 3701 1139 3758 quo
1163 3681 1257 3740 Gaius

183 3780 247 3842 post
272 3769 347 3822 Dav.
370 3769 486 3842 scripsit
509 3770 622 3842 aliquod
644 3787 680 3824 ex
699 3768 759 3825 Erl.
777 3768 895 3843 etSpir.
909 3766 975 3846 [B].
1022 3768 1080 3827 Sed
1104 3787 1139 3824 ea
1156 3767 1259 3843 regula

182 3852 254 3908 nihil
275 3863 403 3910 unitatur
420 3854 520 3909 addito
535 3874 614 3909 arrium
628 3857 670 3924 (ut
688 3872 753 3909 cunr
773 3856 973 3928 rrnronqm'dque
990 3854 1139 3926 dicimust:
1158 3853 1258 3927 itaque

181 3939 229 3993 hic
252 3957 369 4012 qnoque
392 3938 434 3995 sie
456 3939 575 4013 scripsi,
600 3939 813 4015 Wesenbergio
836 3938 1024 3999 admonente.
1055 3958 1109 4014 pro
1131 3939 1257 4012 aliquod;

182 4028 296 4083 (contra
331 4024 365 4080 de
395 4023 477 4082 Orat.
507 4025 551 4092 ΙΙ,
577 4026 637 4080 292
666 4026 799 4099 aliquod
826 4045 906 4080 irritem
934 4028 1139 4098 arqumeutum).
1185 4025 1256 4080 Mox

183 4129 236 4183 pro
262 4113 378 4183 primum
408 4109 472 4183 (cir.
502 4111 552 4181 19)
580 4111 668 4166 etiam
699 4109 776 4185 Spin.
801 4105 855 4189 [Β]
887 4120 916 4166 et
944 4109 1023 4168 Gud.
1048 4111 1065 4164 2
1090 4112 1183 4180 („tres
1206 4127 1258 4184 op·

182 4195 280 4269 timi“)
303 4204 331 4250 et
355 4208 408 4269 χψ,
431 4196 461 4251 id
484 4206 544 4261 est,
568 4205 596 4252 et
620 4195 755 4252 nioliores
778 4205 805 4251 et
830 4196 1006 4253 deteriorum
1031 4195 1142 4271 aliquot
1167 4212 1258 4270 prave

177 4290 280 4356 panaro.
325 4277 403 4360 [Nec
426 4288 497 4356 puto
520 4280 625 4338 fuisse:
649 4301 702 4355 quo
719 4284 810 4356 primo
831 4291 929 4337 nutrire
952 4276 1023 4359 cet]

267 4368 383 4439 officinm
406 4378 452 4423 aad
468 4369 597 4441 sapiendi
617 4365 687 4444 cet.)
705 4366 800 4440 Qtiam
820 4365 967 4423 fallaciter
988 4367 1037 4423 hic
1059 4365 1149 4423 officii
1167 4364 1257 4436 notio,

183 4451 287 4508 deinde
310 4453 425 4509 honesti
448 4454 647 4529 confingatur,
677 4462 704 4509 et
728 4451 871 4510 eiusmodi
894 4452 1024 4522 honesti,
1054 4461 1084 4508 ut
1107 4451 1137 4509 in
1161 4450 1259 4510 studio
