3030 5086
380 488 424 533 ar
448 487 528 534 uni..
551 487 614 532 nra.
637 487 671 532 1v
694 487 767 533 cnr.
789 488 863 534 r-a
882 486 1014 550 (ra-rs.)
1170 467 1235 534 509

160 659 217 735 tio,
249 655 420 732 modestia,
453 654 573 719 iustitia
605 661 637 718 et
668 654 769 718 omnis
797 653 946 719 honestas
972 653 1110 736 perfecte
1142 654 1236 719 abso·

160 759 227 823 luta
248 764 305 821 est

246 859 330 922 VIII.
361 859 409 922 19.
443 857 564 935 Habes,
593 857 735 938 inquam,
764 855 857 934 Cato,
887 856 1018 921 formam
1045 875 1169 936 eorum,
1197 858 1237 922 de

160 961 272 1041 quibus
293 961 418 1039 loquor,
447 959 711 1040 pbilosophorum.
757 961 828 1038 Qua
848 958 1006 1039 exposita,
1033 958 1114 1023 scire
1136 958 1237 1039 cupio,

160 1080 242 1143 quae
264 1078 358 1125 causa
381 1061 438 1138 sit,
459 1079 515 1124 cur
538 1062 622 1124 Zeno
644 1061 685 1125 ab
707 1060 766 1124 hac
788 1060 919 1141 antiqua
941 1060 1160 1125 constitutione
1182 1061 1276 1128 deb

160 1164 298 1241 sciverit,
326 1163 475 1243 quidnam
497 1162 610 1246 horum
630 1160 670 1225 ab
692 1180 729 1226 eo
752 1161 876 1225 nonsit
898 1162 1083 1242 probatum:
1111 1162 1238 1241 quodne

161 1284 283 1329 omnem
305 1269 449 1328 naturam
472 1261 729 1328 conservatricem
753 1262 800 1326 sui
818 1263 962 1340 dixerint,
983 1282 1023 1328 an
1042 1263 1127 1344 quod
1146 1281 1238 1328 omne

160 1366 274 1432 animal
296 1366 400 1446 ipsum
422 1364 480 1429 sibi
502 1365 759 1442 commendatum
781 1370 817 1428 ut
838 1382 873 1429 se
897 1363 956 1447 [et]
980 1365 1102 1429 salvum
1124 1365 1155 1428 in
1178 1382 1236 1428 suo

160 1487 274 1549 genere
301 1467 513 1546 incolumeque
535 1466 641 1544 vellet,
670 1484 709 1529 an
737 1464 832 1545 qaod,
860 1483 930 1530 cum
959 1465 1095 1530 omnium
1120 1465 1237 1530 artium

232 1675 252 1720 I.
273 1667 421 1734 pem'ectoC
473 1674 496 1718 ³.
512 1670 621 1734 formam
644 1667 736 1718 illorum
759 1685 838 1719 eoram
857 1669 900 1719 LC
922 1671 946 1730 l.
965 1668 1057 1719 ιῖὶοηιηι
1074 1670 1174 1718 omnium
1192 1667 1237 1718 Or.

162 1744 184 1788 5.
204 1738 346 1787 maritatione
364 1737 498 1788 LPCROr.
548 1742 571 1786 o.
591 1736 750 1800 quodnomll
782 1737 901 1802 prolatam
921 1738 966 1787 CR
1015 1741 1037 1786 7.
1055 1737 1095 1786 eui
1110 1753 1238 1786 conservo·

160 1807 240 1855 tricem
259 1807 280 1857 C
315 1805 401 1855 domi
421 1804 510 1855 LPCR
559 1811 583 1855 8.
605 1805 653 1854 orbi
667 1805 742 1869 ipsam
761 1806 782 1855 1.
805 1805 855 1869 ipse
872 1805 956 1856 sisic
991 1813 1013 1854 et
1030 1806 1084 1855 eine
1102 1806 1175 1855 uncis
1193 1804 1236 1855 Or.

161 1881 186 1923 9.
213 1874 348 1924 incolumem
371 1883 431 1936 tom.
455 1877 509 1938 qne)
532 1874 554 1922 E
576 1871 757 1938 incolumemque
780 1875 826 1925 CR
853 1883 874 1923 et
897 1873 1010 1924 incolume
1032 1873 1054 1922 L
1106 1873 1171 1937 qood
1187 1888 1235 1924 om.

161 1959 256 2001 omnes,
276 1941 318 1994 Or.

247 2131 320 2207 Cap.
347 2133 432 2202 VIII,
460 2133 506 2190 19.
543 2135 665 2205 formam
687 2150 791 2200 eorum,
815 2131 967 2204 dequibus
990 2133 1099 2205 loquor,
1116 2132 1238 2207 pbiloso-

157 2217 288 2293 phorum)
308 2217 367 2287 Sic,
390 2218 503 2292 aliquot
525 2216 705 2274 editionibus
724 2216 873 2272 veteribus
895 2216 1038 2291 exceptis,
1061 2216 1171 2273 editum
1194 2225 1241 2274 est

161 2312 229 2359 ante
252 2301 375 2371 Gzium,
405 2311 434 2359 et
462 2302 637 2359 confirmant
664 2301 780 2358 codices
807 2301 876 2356 boni
900 2300 976 2376 (Erl
999 2309 1030 2358 et
1051 2300 1130 2377 Spir.
1155 2297 1239 2381 [B]);

161 2388 247 2463 pauci
270 2387 388 2460 quidam
413 2387 523 2444 nullius
546 2387 634 2463 pretii
657 2385 729 2463 (Ox.
752 2405 779 2460 χ,
803 2384 882 2444 Gud.
910 2388 936 2456 1,
957 2386 985 2456 2,
1008 2385 1095 2461 Bas.)
1119 2394 1148 2442 et
1169 2386 1239 2444 illas

162 2473 318 2545 editiones)
341 2473 440 2529 nescio
463 2491 521 2546 qno
545 2490 659 2529 errore:
681 2474 803 2545 soronam
825 2473 930 2528 librum
952 2490 1057 2542 eoram,
1086 2472 1239 2546 dequibus

161 2569 235 2625 cet,
259 2575 335 2614 nnus
357 2576 373 2614 e
395 2557 532 2633 pessimis
555 2556 710 2631 (Vindob.)
732 2559 837 2614 illorum
859 2559 988 2627 omnium,
1012 2556 1091 2630 quod
1114 2557 1240 2632 arripuit

162 2642 264 2700 Gzius.
317 2642 472 2699 Familiam
502 2641 674 2699 Aristotelis
702 2650 733 2698 et
759 2642 938 2699 Xenocratis
967 2641 1105 2698 universa
1134 2640 1240 2700 Cicero
1292 2640 1295 2649 ‘

161 2728 323 2802 significat,
355 2728 486 2801 singulos
509 2745 567 2783 non
590 2735 684 2784 curat.
728 2726 825 2783 Paulo
851 2735 920 2801 post
941 2729 1124 2782 consolatione
1146 2725 1240 2784 Gaius

161 2810 275 2888 profert
297 2831 312 2866 e
336 2810 414 2868 Gud.
439 2812 472 2880 2,
496 2828 553 2867 non
577 2830 614 2867 ex
637 2810 699 2867 Erl.
744 2810 894 2867 Habuitne
918 2820 1041 2885 uterque
1063 2810 1173 2882 codex,
1201 2829 1239 2867 an

162 2896 341 2972 permutavit
358 2894 496 2953 nomina?
520 2894 598 2954 siin
617 2894 753 2952 meliores
769 2893 884 2952 familia
895 2893 961 2964 fuit,
979 2894 1162 2968 probandum
1180 2903 1240 2964 est;

162 2982 214 3038 clr.
239 2987 252 3051 ξ
278 2981 311 3037 3:
341 2983 473 3052 eleqonter
502 2981 626 3037 hebreicae
647 2984 817 3037 constitutam
838 2981 1017 3054 disciplinam.
1061 2979 1177 3057 [Habet
1198 2979 1240 3050 B;

162 3068 261 3141 itaque
285 3063 409 3141 recepi]
813 3064 822 3080 '

247 3154 466 3208 conservatricem
488 3153 532 3206 sui
553 3148 683 3226 deberint)
702 3158 816 3205 veteres
833 3149 886 3205 illi.
921 3148 971 3207 sie
983 3149 1154 3218 Lambinus,
1177 3157 1240 3206 turn

162 3237 316 3293 Ernestius
339 3246 368 3292 et
385 3235 573 3293 recentiores.
609 3235 702 3294 Gaius
724 3234 767 3291 ita
789 3234 819 3289 in
842 3243 982 3307 quattuor
999 3234 1061 3291 suis
1078 3251 1143 3290 esso
1160 3232 1240 3304 dicit,

162 3322 241 3380 Oxx.
264 3324 364 3377 deberit
385 3341 401 3377 e
424 3320 488 3377 solo
510 3338 527 3395 χ
549 3329 702 3377 annotant.
748 3318 916 3392 (Davisius,
946 3319 996 3393 qui
1024 3321 1142 3376 deberint
1169 3318 1242 3376 scri·

162 3407 288 3463 bendum
307 3406 390 3474 vidit,
415 3406 450 3462 de
467 3404 619 3461 codicibus
636 3407 736 3478 tacet.)
768 3403 997 3462 Coniunctivum
1015 3404 1115 3479 posuit
1125 3402 1240 3474 Cicero,

163 3492 240 3564 quod
263 3490 349 3547 simul
373 3491 429 3547 hoc
452 3490 566 3546 rettulit
582 3490 619 3546 ad
637 3489 765 3547 Zenonis
782 3488 978 3563 improbantis
994 3488 1145 3559 iudicium,
1169 3499 1241 3546 tam·

162 3594 217 3651 pus
240 3586 338 3631 tamen
361 3575 444 3632 verbi
467 3594 505 3630 ex
528 3593 581 3631 sua
604 3592 730 3650 persona
752 3574 865 3651 posuit,
887 3592 946 3631 non
970 3572 1242 3650 plusquamperfec-

162 3670 223 3716 tum
247 3680 283 3716 ex
308 3660 450 3730 Zenonis,
473 3660 552 3734 quod
574 3678 666 3735 genos
689 3659 833 3717 orationis
854 3659 932 3716 inter
954 3659 1104 3733 obliquam
1127 3667 1157 3715 et
1178 3676 1241 3715 rec·

163 3754 222 3801 tam
250 3745 419 3802 fluctuantis
448 3745 477 3801 in
505 3745 657 3820 superiore
684 3744 762 3801 libro
789 3744 968 3817 aliquotiens
995 3752 1168 3800 annotatum
1196 3751 1243 3800 ast

162 3832 269 3901 (utll,
283 3831 345 3904 49).
386 3830 480 3887 Paulo
503 3839 571 3905 post
592 3838 672 3886 recte
692 3829 867 3886 Lambinum
890 3837 963 3905 puto
985 3828 1075 3885 scribi
1098 3828 1242 3885 voluisse:

162 3925 191 3970 ut
220 3935 248 3971 se
272 3917 377 3972 calvum
399 3915 522 3987 (omisso
544 3913 598 3988 et);
627 3932 695 3971 nam
724 3917 829 3971 salvum
857 3916 1037 3987 incolumeque
1059 3913 1106 3986 (ut
1128 3913 1176 3983 ΙΙ,
1201 3912 1241 3969 38

161 4003 292 4073 inteqrum
315 4020 343 4056 ae
364 4002 522 4073 salvumque
543 4001 616 4074 velit)
638 4017 726 4056 unam
749 3999 839 4055 habet
861 3999 1022 4066 notionem,
1045 4015 1120 4073 quae
1142 3998 1243 4074 inepto

164 4085 351 4155 distrahitnr;
382 4085 453 4157 (alio
476 4084 563 4141 modo
586 4089 600 4154 ξ
623 4085 660 4141 16
684 4082 872 4141 incolumitas
899 4091 928 4139 ot
955 4082 1072 4158 generis
1100 4082 1146 4139 sui
1174 4100 1243 4158 pro·

163 4171 356 4245 prietatisque
379 4169 565 4226 conservatio
588 4169 631 4227 sic
653 4169 902 4244 distingvuntur);
931 4167 967 4223 de
990 4167 1197 4225 coniunctione
1218 4177 1244 4226 et

163 4258 267 4312 salvum
291 4288 329 4298 -—
354 4257 533 4329 incolumeque
555 4254 669 4311 dicetur
691 4254 728 4310 ad
751 4256 790 4324 V,
815 4254 864 4312 64.
890 4249 931 4333 [Β
952 4247 1108 4331 incolome]

248 4362 283 4397 on
306 4343 389 4414 quod,
412 4359 472 4397 cam
494 4338 566 4415 cet.)
587 4338 636 4398 sie
654 4338 822 4396 necessario
838 4337 1024 4395 scribendum
1042 4336 1114 4408 fuit,
1135 4337 1167 4394 in
1184 4336 1244 4395 sin·

163 4426 240 4501 gulis
263 4427 340 4483 anim
363 4424 660 4502 interrogationibus,
688 4424 828 4499 quoniam
856 4423 894 4482 de
921 4440 1011 4481 causa
1037 4421 1245 4497 (desciscendi)
