3030 5086
458 497 503 543 nr
525 495 608 541 usu.
632 495 696 542 nm.
719 497 753 542 1v
776 494 850 543 car.
869 499 909 546 ae.
925 495 1059 559 (oa-or.)
1233 475 1295 542 581

220 683 328 730 omnes
350 663 533 745 insipientes
555 663 618 728 sint
639 662 761 740 miseri,
783 664 867 745 quod
889 662 1029 746 proiecto
1053 673 1141 742 sunt,
1166 680 1228 726 non
1251 668 1301 726 est

220 776 323 832 umen
346 782 446 847 aeque
468 766 578 845 miser,
606 765 659 846 qui
686 765 809 846 patriae
836 764 983 844 consulit,
1011 771 1044 830 et
1063 764 1105 843 is,
1134 765 1187 845 qui
1214 763 1300 828 illam

220 869 387 933 extinctam
411 867 504 948 cupit
549 866 678 930 Levatio
706 866 802 946 igitur
823 866 968 930 vitiorum
996 883 1111 947 magna
1138 863 1175 929 fit
1196 865 1228 929 in
1251 864 1299 945 iis,

220 968 274 1051 qui
290 968 408 1034 habent
423 968 465 1031 ad
477 968 623 1031 virtutem
641 966 874 1049 progressionis
887 966 1091 1048 aliquantum.
1126 968 1176 1033 67.
1194 965 1299 1031 Vestri

220 1078 324 1135 autem
341 1069 592 1150 progressionem
611 1068 654 1132 ad
670 1068 818 1133 virtutem
840 1065 906 1131 fieri
930 1069 1028 1147 aiunt,
1049 1068 1236 1134 levationem
1252 1069 1298 1131 vi-
1315 1071 1337 1136 5

221 1171 334 1236 tiorum
357 1168 426 1235 fieri
448 1179 572 1252 negant
616 1170 673 1248 At,
701 1188 763 1250 quo
786 1175 915 1234 utantur
935 1170 1076 1235 homines
1097 1169 1182 1234 acuti
1204 1188 1298 1251 argu·

221 1278 325 1337 mento
359 1272 401 1336 ad
435 1271 645 1352 probandum,
684 1289 800 1351 operae
838 1272 974 1352 pretium
1012 1278 1062 1336 est
1093 1271 1299 1336 considerare

291 1446 315 1490 a.
334 1449 357 1490 u
373 1441 458 1503 vus
512 1446 535 1491 a.
557 1439 581 1488 u
598 1456 648 1491 om.
668 1439 803 1491 arceor.
838 1440 875 1489 aa
893 1440 914 1489 u
932 1441 953 1489 a
972 1440 993 1491 c
1046 1448 1067 1488 a.
1088 1438 1260 1504 ammaum
1279 1420 1336 1491 0⁶¹

222 1515 245 1558 6.
265 1508 301 1558 od
317 1508 382 1573 quod
398 1509 442 1557 ΕΡ
462 1512 521 1570 (mg.
541 1516 568 1556 ot
585 1513 642 1571 quo)
677 1515 774 1556 utuntur
788 1508 877 1556 ELPR
895 1509 1000 1557 adeatur
1017 1507 1084 1559 COr.
1122 1513 1144 1559 t.
1163 1509 1300 1574 approbun-

221 1577 276 1626 dam
295 1577 315 1626 P
333 1578 394 1642 (mg.
414 1575 450 1625 od
463 1575 622 1640 probandum)
658 1575 815 1638 confiderell

222 1725 253 1774 et
280 1735 386 1772 novam
414 1715 452 1772 iis
481 1714 726 1790 significationem
755 1715 867 1772 tribuat
889 1716 959 1788 (und
984 1715 1054 1772 decb
1075 1716 1149 1789 eben)
1172 1726 1260 1788 atquo
1282 1732 1302 1772 a

222 1801 386 1858 sententiae
409 1818 567 1876 progressu
591 1819 711 1875 prorsus
733 1800 958 1871 abhorrentem,
982 1799 1060 1857 Livii
1083 1803 1124 1875 (p.
1148 1801 1219 1873 141)
1241 1818 1300 1856 non

221 1887 440 1961 interpretetur.
463 1884 576 1941 Eadem
594 1895 639 1942 est
655 1885 731 1942 ratio
749 1885 959 1959 particularum
978 1888 1081 1955 eiiam,
1099 1885 1206 1960 quibus
1219 1886 1301 1942 Han·

223 1971 289 2030 dius
312 1970 401 2027 miras
424 1969 654 2046 significationes
679 1970 792 2027 neceb
815 1970 944 2045 ipsarum
968 1979 1074 2027 natura
1097 1970 1191 2046 magis
1213 1988 1300 2044 quarn

221 2074 241 2113 a
268 2055 449 2132 singulorum
478 2055 610 2111 locorum
639 2056 785 2112 sententia
812 2055 1066 2137 alienastribuit.
1118 2054 1302 2130 significatio

222 2159 241 2198 s
263 2140 420 2216 temporali
442 2139 511 2208 illa,
534 2158 594 2214 qua
615 2143 669 2196 iam
692 2150 807 2215 tempus
830 2158 970 2216 praesens
992 2158 1010 2197 a
1033 2140 1184 2216 superiore
1208 2148 1302 2196 muta·

222 2234 283 2283 tum
307 2234 405 2294 notat,
432 2225 539 2282 leviter
561 2225 708 2282 transiens
731 2225 859 2301 perspici
882 2234 981 2301 potest
1009 2224 1040 2281 in
1063 2225 1115 2282 illo
1137 2225 1203 2299 ipso
1226 2224 1301 2294 loco,

223 2329 310 2385 quem
338 2310 464 2386 primum
494 2310 629 2367 Handius
657 2310 771 2385 posuit:
806 2310 861 2366 hoc
889 2309 967 2366 enim
997 2309 1102 2369 Cicero
1130 2310 1200 2367 dicit
1224 2309 1302 2381 (Cat.

223 2397 249 2466 1,
273 2397 319 2470 5):
342 2395 503 2470 Fingamus
526 2414 589 2466 me,
612 2395 650 2451 ab
673 2413 716 2464 ea,
739 2413 798 2469 qua
820 2395 962 2452 hactenus
985 2413 1056 2452 usus
1078 2413 1158 2464 eum,
1187 2395 1301 2451 ratione

224 2480 439 2549 discedentem,
474 2496 550 2536 nunc
581 2490 610 2536 te
637 2479 846 2556 comprehendi
874 2481 985 2537 iubere.
1041 2479 1211 2554 (Ciceronis
1233 2478 1302 2536 addi

223 2574 321 2642 potest
343 2584 398 2641 pro
422 2565 516 2622 Balbo
541 2565 578 2621 37
604 2575 633 2621 et
654 2564 781 2622 fortasse
803 2565 884 2639 elia.)
928 2565 972 2624 Ut
993 2565 1030 2620 ad
1053 2584 1113 2622 rem
1137 2564 1303 2634 redeamus,

207 2660 339 2711 veteres
361 2650 416 2719 illi,
439 2668 563 2724 quorum
587 2651 763 2707 sententiam
787 2649 892 2709 Cicero
914 2650 1051 2725 persequi
1071 2650 1144 2719 vult,
1167 2669 1232 2706 cum
1256 2668 1303 2706 sa·

224 2736 333 2812 pientia
355 2753 512 2810 personam
535 2736 572 2791 ab
596 2735 804 2810 insipientibus
826 2754 885 2792 non
909 2745 968 2791 tam
992 2736 1126 2810 praeciso
1144 2736 1200 2791 line
1218 2753 1302 2810 sepa·
1376 2778 1380 2785 .

222 2829 337 2890 tarent,
366 2820 418 2878 vix
446 2839 547 2876 omnes
576 2838 641 2891 eos,
676 2838 750 2894 quos
779 2819 872 2877 Stoici
900 2820 1073 2894 insipientes
1101 2820 1302 2895 appellabant,

223 2906 346 2963 miseros
368 2924 433 2962 esse
455 2905 623 2962 concessuri
647 2915 739 2973 erant,
763 2905 841 2978 quod
864 2904 936 2962 facit
958 2904 1072 2962 Cicero.

301 2992 337 3064 fit
363 2993 391 3047 in
420 2990 467 3063 iis)
491 2989 540 3047 Sic
568 3009 632 3047 esse
655 2991 686 3045 in
709 2991 772 3046 eod.
795 2990 873 3060 Erl,
898 2989 990 3048 Gaius
1013 2989 1120 3058 tecuit3
1148 2989 1248 3062 itaque
1271 2989 1300 3045 in

223 3076 302 3153 Spir.
327 3076 415 3132 etiam
439 3076 688 3151 praepositionem
713 3073 804 3132 fuisse
827 3085 909 3150 puto.
943 3073 1026 3152 [Non
1050 3074 1138 3131 habet
1161 3092 1225 3130 eam
1248 3071 1301 3151 B.]

222 3161 379 3219 Locutioni
397 3161 478 3217 huic:
502 3163 596 3217 levato
612 3164 661 3235 fit
679 3161 786 3217 Latina
802 3159 1014 3218 consuetudine
1031 3177 1089 3215 non
1106 3168 1166 3216 tam
1184 3159 1302 3216 dativus

222 3255 310 3323 aptus
333 3256 378 3303 est
400 3264 487 3320 quam
511 3246 702 3321 praepositio.
726 3246 823 3302 locum
847 3255 877 3302 et
898 3244 996 3302 sedem
1017 3244 1142 3302 actionis
1159 3244 1302 3301 indicans.

222 3333 296 3389 Mox
319 3333 516 3405 aliquantulum
540 3330 613 3389 exC
636 3331 673 3387 ad
691 3330 771 3387 Man.
795 3340 824 3386 et
847 3330 922 3387 alios
944 3329 1091 3399 manavit3
1114 3337 1193 3386 recte
1216 3329 1301 3388 codd.

223 3416 354 3487 Davisii,
384 3417 434 3491 qui
463 3417 645 3484 emendavit,
674 3416 770 3484 Oxx.,
800 3415 884 3486 Gzii,
915 3412 963 3497 [B.
998 3414 1059 3475 cfr.
1088 3413 1301 3483 Hirschfelder,

222 3502 366 3560 Zeiischr.
391 3499 412 3558 i.
435 3502 487 3558 das
511 3501 786 3577 Gymnasialwesen
814 3502 894 3558 1868
919 3497 1046 3580 ptos}

310 3588 358 3643 67.
382 3588 440 3647 At,
469 3606 523 3661 quo
550 3597 662 3644 utuntur
689 3620 729 3630 -
758 3583 926 3667 argumento)
960 3588 1079 3644 antur
1106 3585 1245 3642 scribitur
1271 3585 1301 3641 in

223 3671 394 3729 melioribus
416 3673 577 3742 codicibus,
601 3683 633 3729 ut
655 3673 684 3728 in
708 3668 774 3753 [B,]
796 3673 891 3730 tribus
915 3672 1034 3747 optimis
1053 3671 1121 3731 Gaii
1140 3673 1190 3742 (ud
1206 3672 1301 3744 quod),

221 3766 252 3814 et
275 3757 374 3813 multis
397 3757 464 3813 aliis
476 3758 564 3828 (Pell.
588 3758 703 3832 aliquot
725 3768 754 3814 et
772 3758 859 3827 Dav,
883 3755 941 3816 Ox.
957 3762 996 3833 χ),
1019 3765 1049 3813 et
1067 3763 1224 3812 tenuerunt
1241 3753 1302 3812 edi·

221 3850 301 3900 tores
323 3852 391 3898 ante
405 3843 559 3899 Davisium
583 3842 645 3900 iere
669 3861 785 3910 omnes;
809 3842 915 3917 reliqui
940 3842 1055 3899 codices
1073 3840 1234 3898 deteriores
1251 3838 1302 3895 ha-

221 3927 293 3985 bent
315 3933 437 3984 nituntur
458 3928 547 4000 (Pell.
562 3929 589 3996 3,
604 3930 630 3991 6,
655 3926 762 3996 Mead,
787 3923 867 3999 Εξψ,
892 3928 970 3994 Bas,
994 3926 1074 3984 Gnd.
1092 3929 1117 3988 1,
1141 3926 1233 3993 Mon,
1256 3924 1302 3982 ed.

222 4031 249 4069 a.
266 4014 367 4085 1480).
393 4013 577 4087 quodGzius
600 4013 715 4082 ascivit,
739 4013 763 4070 si
787 4022 899 4070 utuntur
918 4012 1072 4080 scribatur,
1097 4010 1247 4066 abundare
1264 4011 1303 4066 od

216 4099 389 4174 probandum
418 4110 540 4174 putans3
574 4099 620 4155 cui
656 4098 799 4154 orationis
832 4098 936 4173 copiae
965 4097 1047 4154 verbi
1077 4095 1201 4152 mutatio
1229 4093 1302 4152 nihil

221 4200 342 4259 prorsus
365 4184 504 4243 detrahit.
539 4183 597 4242 Sed
622 4194 651 4239 et
673 4184 745 4240 ordo
768 4182 924 4239 verborum
949 4190 978 4238 et
1001 4179 1147 4239 sententia
1169 4180 1234 4256 ipsa
1253 4179 1302 4236 de·

221 4279 396 4338 monstrant,
421 4269 450 4325 in
468 4269 642 4345 pronomine
661 4289 713 4343 quo
731 4268 989 4342 interrogationem
1010 4285 1088 4336 ssse;
1112 4265 1301 4340 nequeenim

220 4353 277 4411 hoc
301 4354 417 4424 dicitur,
439 4364 655 4430 argumentum,
679 4373 737 4428 quo
755 4364 885 4422 utantur,
909 4352 938 4409 id
963 4372 1015 4428 per
1037 4371 1068 4410 se
1087 4369 1152 4409 esse
1169 4350 1302 4407 conside·

180 4460 183 4467 ¹
221 4439 335 4497 ratione
359 4439 490 4516 dignum,
514 4439 564 4496 sed
587 4438 831 4497 considerandum
851 4456 925 4509 esse,
948 4437 1036 4513 quale
1052 4454 1200 4512 quamque
1216 4434 1302 4494 futile
