3030 5086
276 417 341 483 554
667 437 711 482 nn
733 436 863 485 rmmus
886 437 958 485 sou.

276 612 340 683 est,
362 622 454 670 omne
474 605 639 669 honestum
661 607 737 687 est);
767 606 847 687 (49.)
869 606 939 687 quis
960 606 1056 688 igitur
1076 605 1134 671 tibi
1154 606 1239 671 istud
1261 604 1352 672 dabit

275 713 402 787 praeter
412 706 614 789 Pyrrhonem,
632 707 811 773 Aristonem
826 726 972 774 eorumve
983 708 1121 774 similes?
1139 726 1218 789 quos
1236 715 1270 774 tu
1288 726 1350 773 non

276 810 401 890 probas.
433 808 627 888 Aristoteles,
649 811 849 889 Xenocrates,
871 817 937 876 tota
958 810 1012 874 illa
1034 808 1150 875 hmilia
1171 828 1233 875 non
1255 810 1350 889 dabit,

276 910 393 993 quippe
414 911 467 994 qui
488 912 704 991 valetudinem,
727 912 818 992 vires,
839 912 978 991 divitias,
1001 911 1147 992 gloriam,
1168 912 1267 977 mnnita
1288 912 1352 978 elia

237 1013 357 1079 bbona
378 1031 448 1078 esse
470 1014 591 1093 dicant,
612 1014 781 1080 laudabilia
803 1033 865 1080 non
887 1015 1000 1079 dicant.
1043 1014 1086 1079 Et
1106 1013 1136 1077 hi
1159 1014 1283 1095 quidem
1305 1014 1352 1080 ita

275 1135 336 1181 non
360 1117 426 1180 sola
448 1116 563 1181 virtute
584 1114 677 1182 finem
700 1117 850 1182 bonorum
873 1116 1023 1182 contineri
1045 1123 1174 1196 putant,
1195 1125 1232 1181 ut
1254 1116 1350 1183 rebus

275 1227 379 1283 tamen
402 1219 544 1284 omnibus
566 1219 711 1284 virtutem
732 1227 939 1299 anteponant;
968 1219 1044 1299 quid
1071 1236 1180 1284 censes
1203 1237 1256 1284 eos
1279 1237 1350 1284 esse

274 1319 422 1401 facturos
444 1321 498 1402 qui
515 1321 639 1386 omnino
651 1321 798 1386 virtutem
814 1341 834 1385 a
851 1322 1002 1386 bonorum
1018 1318 1080 1385 fine
1097 1329 1351 1402 segregaverunt,

274 1422 452 1504 Epicurum,
470 1423 701 1505 Hieronymum,
718 1423 788 1488 illos
805 1423 907 1501 edam,
925 1423 951 1487 si
963 1423 1016 1503 qui
1028 1421 1244 1489 Carneadeum
1255 1423 1350 1489 finem

217 1525 355 1595 intueri
377 1525 507 1590 volunt?
549 1525 600 1590 50.
623 1526 689 1589 lam
712 1531 768 1589 aut
785 1525 925 1607 Callipho
948 1533 1004 1588 aut
1020 1524 1178 1590 Diodonis
1195 1528 1352 1606 quomodo
1415 1526 1419 1535 ’

274 1633 424 1707 poterunt
444 1626 501 1692 tibi
523 1627 609 1693 istud
631 1629 808 1706 concedere,
831 1627 885 1708 qui
906 1628 946 1692 ad
969 1627 1164 1692 honestatem
1185 1627 1270 1692 alind
1292 1629 1350 1695 ad·

274 1730 414 1810 iungunt,
437 1730 521 1810 quod
543 1749 581 1795 ex
603 1731 712 1795 eodem
733 1748 848 1809 genere
866 1748 927 1795 non
946 1729 1008 1794 sit?
1040 1729 1147 1795 Placet
1168 1730 1263 1812 igitur
1284 1730 1351 1810 tibi,

275 1832 367 1910 Cato,
396 1850 465 1895 curn
492 1851 544 1897 res
566 1832 738 1913 sumpseris
768 1850 830 1896 non
858 1849 1037 1910 concessae,
1065 1850 1114 1917 ex,
1130 1831 1190 1896 ilis
1217 1830 1352 1912 efficere,

274 1935 359 2015 quod
370 1933 471 1998 vebs?
492 1934 558 1998 Iam
570 1934 621 1998 ille
633 1934 745 1999 sorites
756 1937 807 2012 art,
824 1951 885 2014 quo
896 1932 972 1997 nihil
985 1933 1104 2014 putatis
1116 1951 1186 1998 esse
1197 1934 1352 2015 vitiosius,

348 2113 367 2155 1.
386 2113 421 2155 est
439 2113 496 2168 post
512 2103 631 2154 donatum
650 2104 730 2154 omli
749 2121 815 2153 omna
833 2101 953 2153 lusdobtle
971 2103 1089 2153 honesturn
1108 2112 1143 2152 eat
1160 2104 1204 2154 LC
1239 2104 1282 2154 ttbs'
1295 2121 1352 2170 erqo
1438 2115 1441 2119 ’

274 2173 407 2224 LPCROr.
445 2178 469 2225 3.
489 2173 550 2222 Post
568 2173 708 2223 Aristoteles
727 2174 785 2222 add.
805 2173 899 2222 ueroC
942 2177 965 2221 5.
984 2189 1034 2221 aare
1053 2171 1133 2221 dicuat
1151 2173 1216 2223 LPC
1251 2181 1273 2223 et
1291 2173 1312 2222 t't‘
1329 2174 1353 2223 R

276 2245 297 2294 7.
318 2260 368 2292 esse
386 2258 434 2292 om.
454 2242 541 2309 (blot
579 2247 599 2291 9.
623 2240 783 2294 Carneadium
803 2241 845 2291 Or.
872 2241 1013 2303 fineremll
1054 2247 1091 2290 10.
1112 2239 1252 2306 catapan
1273 2240 1351 2292 caut

271 2311 335 2376 phou
353 2311 435 2376 (Β)οτ
477 2327 523 2374 pso
538 2312 685 2374 poteruntP
739 2316 776 2360 ll.
796 2308 928 2373 adiunpant
946 2309 1057 2361 PCROr.
1118 2317 1153 2358 lt.
1172 2309 1230 2373 quid
1247 2309 1351 2361 oelirE

275 2390 310 2429 est
327 2396 377 2430 om.
396 2395 490 2437 omnes,
511 2378 554 2428 Or.
591 2377 672 2428 melius
691 2377 881 2445 (procellosior)
901 2378 971 2440 ng.

360 2538 434 2575 omne
456 2520 591 2577 honestum
612 2517 665 2597 est)
688 2520 757 2594 quia
775 2519 933 2582 ¹honestum
962 2527 992 2574 et
1018 2517 1166 2574 laudabile
1194 2518 1271 2575 idam
1295 2530 1352 2590 est,

274 2615 307 2682 nt
329 2604 503 2679 simpliciter
525 2605 697 2662 commutari
714 2605 788 2661 haec
805 2604 928 2679 possint,
951 2603 1025 2659 nihil
1042 2622 1115 2678 opus
1132 2603 1170 2660 sit
1188 2603 1239 2661 illo
1256 2605 1353 2679 gradu

274 2689 487 2746 conclusionis:
510 2691 647 2747 loudubrle
668 2701 756 2747 auten
777 2709 851 2747 omne
873 2698 927 2746 cet.
964 2689 1033 2746 Non
1055 2689 1212 2754 intellexit,
1234 2690 1285 2765 qui
1308 2691 1354 2757 its

274 2774 480 2850 interpolavit,
510 2784 542 2831 nt
569 2775 599 2831 iu
628 2775 679 2834 LC
707 2775 816 2832 factum
845 2785 904 2842 est;
934 2794 999 2831 eam
1027 2775 1282 2849 interpolationem
1313 2776 1354 2834 ad
1442 2822 1444 2826 Α

274 2860 349 2917 alias
382 2860 523 2934 quasdam
557 2861 621 2917 edd.
655 2871 847 2936 propagatam
880 2861 972 2918 secuti
1006 2870 1087 2929 sunt,
1121 2860 1198 2935 quod
1234 2861 1352 2932 mirere,

277 2945 378 3002 Lamb.
402 2946 510 3019 (1565)
529 2956 559 3003 et
575 2946 652 3003 Dav.
671 2950 785 3018 (contra
808 2945 885 3003 Pell.
909 2964 1036 3019 suosque
1058 2946 1167 3019 codd).
1199 2942 1269 3025 [Est
1290 2965 1351 3005 om.

275 3031 364 3088 etiam
388 3031 422 3089 B.

361 3118 410 3174 49.
426 3028 495 3192 ]quis
517 3119 599 3190 ἐρίων
620 3117 680 3191 tibi)
704 3116 754 3175 Sic
776 3117 864 3173 ctiam
879 3115 957 3193 Spir.
975 3113 1039 3192 [ss].
1074 3116 1225 3173 Orationis
1244 3116 1352 3175 cohae-

274 3203 409 3269 rentiam,
433 3221 507 3277 quae
530 3206 611 3276 ἐρέτην
633 3214 663 3259 et
685 3202 767 3259 illum
790 3202 921 3259 ordinem
945 3200 1091 3275 postulat,
1115 3202 1352 3278 interpungendo

274 3288 447 3364 significari.
491 3289 566 3345 Post
587 3289 744 3345 Aristoteles
771 3306 807 3344 ex
831 3287 856 3346 C
878 3287 1030 3343 Manutius
1057 3297 1085 3343 et
1110 3287 1270 3345 Lambinus
1299 3288 1352 3346 sd·

275 3373 347 3430 dunt
369 3393 444 3441 vero,
475 3373 626 3430 inutiliter.
671 3375 747 3430 Tum
772 3390 826 3448 pro
848 3374 939 3430 droant
967 3372 1064 3447 priore
1092 3373 1157 3430 loco
1180 3372 1268 3430 etiam
1291 3373 1351 3442 Et,

275 3457 365 3525 CCC,
394 3456 473 3517 Gud.
502 3463 531 3527 l,
556 3461 589 3524 2,
616 3460 700 3527 Bas,
724 3459 820 3528 Mon,
850 3459 894 3514 ed.
918 3457 996 3514 Vict.
1019 3459 1119 3514 dicant.
1163 3459 1259 3516 Paulo
1282 3471 1354 3534 post

274 3563 331 3602 esee
353 3554 420 3601 ante
436 3547 562 3617 facturos
585 3545 696 3601 excidit
718 3555 783 3620 post
805 3544 894 3600 cosin
912 3562 971 3601 uno
989 3553 1017 3599 et
1035 3543 1128 3600 altero
1153 3545 1229 3602 malo
1247 3545 1353 3602 codiee

274 3628 366 3703 (Gud.
394 3631 419 3699 1,
443 3629 487 3686 ed.
511 3630 612 3703 Crat),
636 3631 823 3703 deletumque
846 3638 891 3686 est
912 3647 931 3686 a
953 3627 1039 3687 Gzio.

362 3716 410 3772 50.
434 3718 482 3789 qui
504 3748 541 3756 -
566 3717 643 3772 aliud
663 3718 825 3789 adiunqrmt)
850 3714 899 3773 Sic
922 3724 981 3770 tres
1004 3713 1119 3771 codices
1137 3714 1205 3772 Gzii
1229 3715 1270 3785 (id
1295 3728 1352 3788 ssi,

275 3801 346 3869 Eri,
365 3801 443 3876 Spir.
457 3799 522 3878 [B],
542 3799 619 3859 Gud.
635 3803 680 3873 2);
698 3801 825 3858 causalis
842 3800 1017 3871 significatio
1035 3818 1093 3857 non
1111 3801 1276 3857 necessaris
1294 3814 1353 3860 est.

274 3887 334 3943 Pro
356 3888 487 3960 quomodo
510 3886 584 3942 Pall.
608 3905 719 3955 ornnes,
743 3886 821 3945 Gud.
848 3890 880 3954 1,
904 3887 1000 3953 Vict,
1025 3885 1113 3943 Grut.
1137 3905 1206 3960 quo;
1229 3887 1288 3943 vid.
1312 3888 1354 3945 ad

274 3973 320 4040 Il,
346 3972 394 4028 53.
440 3971 534 4029 Paulo
562 3983 629 4046 post
651 3974 757 4043 (Placet
784 3976 865 4046 r'qitur
893 3973 940 4028 tibi
961 4004 1002 4013 —
1030 3974 1124 4046 veliet)
1147 3973 1353 4048 interrogandi

274 4067 388 4125 notam,
412 4076 429 4113 a
453 4056 529 4114 Gzio
551 4057 712 4126 sublatam,
737 4057 866 4122 restitni3
891 4057 977 4113 nirnis
999 4059 1107 4114 rustice
1131 4056 1236 4116 Cicero
1259 4057 1354 4117 Ceto·

274 4161 340 4199 nem
364 4144 535 4217 prudentem
560 4144 685 4200 fallaciis
708 4143 750 4199 uti
773 4143 966 4200 insimularet.

360 4231 420 4285 Iam
441 4232 484 4286 ille
506 4234 614 4297 sorites,
643 4249 696 4304 quo
718 4229 784 4283 nihil
802 4232 907 4302 pretatis
929 4248 986 4285 esse
1008 4231 1143 4284 vitiosius:
1175 4228 1256 4296 Qrcod
1278 4230 1354 4310 cet.)

275 4309 339 4392 [Sic
357 4312 521 4393 edebatur]
565 4317 685 4372 Transit
704 4317 780 4386 (iam)
800 4314 836 4369 ad
860 4314 983 4371 alterum
1004 4314 1169 4371 Stoicorum
1193 4333 1355 4390 argumen-

275 4410 347 4470 tum,
366 4401 443 4474 quod
461 4401 516 4473 ipsi
535 4418 628 4473 neque
646 4401 765 4458 soritarn
784 4400 930 4456 vocabant
947 4419 1041 4474 neque
1059 4418 1122 4456 esse
1140 4400 1356 4468 concedebant,
