3030 5086
662 411 857 459 emersum
1253 395 1297 460 Ll

219 597 320 645 cansa
341 597 397 645 cur
418 586 600 663 corruptum
622 587 764 663 putetur,
794 581 869 662 qnid
897 594 959 645 non
986 585 1108 645 constet
1134 599 1204 647 esse
1225 588 1294 647 cor'··

219 696 359 769 ruptum,
380 689 455 770 quid
476 697 657 770 corruptum
673 707 743 754 esse
759 693 889 766 constet,
911 688 1052 769 sequium
1069 688 1295 754 emendationis

218 795 430 878 investigatio,
452 803 487 861 ut
502 797 535 861 id
551 796 736 877 reperiatur,
758 796 841 877 quod
858 795 1001 860 omnibus
1018 795 1157 860 codicum
1174 795 1295 861 indiciis

219 909 255 968 et
276 903 448 969 sententiae
470 910 502 969 et
523 904 656 968 orationi
678 903 723 969 ita
744 904 835 969 simul
858 902 1039 982 satisfaciat,
1061 894 1097 967 ut
1118 902 1194 968 nihil
1210 904 1295 969 aliud

218 1010 261 1075 iis
282 1012 476 1092 respondere
496 1019 658 1092 appareat
702 1012 738 1076 In
766 1030 829 1093 quo
855 1020 891 1077 ut
917 1017 967 1077 est
986 1008 1119 1075 felicitas
1140 1012 1295 1092 quaedam

218 1126 256 1184 et
281 1137 380 1202 sagax
405 1118 501 1184 animi
527 1125 631 1185 motus
658 1120 689 1184 in
717 1119 756 1184 iis
783 1119 924 1184 celeriter
951 1117 1180 1199 excogitandis,
1213 1128 1295 1200 quae

218 1225 386 1307 scriptoris
412 1226 516 1291 animo
543 1225 656 1292 offerre
683 1245 754 1293 sese
780 1226 953 1308 potuerint,
982 1243 1051 1291 cum
1079 1227 1188 1291 eodem
1215 1233 1294 1291 tem-

217 1335 310 1414 pcris
331 1339 487 1400 momento
509 1353 547 1400 en
559 1334 666 1400 altera
688 1341 781 1416 parte
801 1340 955 1413 occurrat,
977 1351 996 1398 e
1017 1352 1079 1414 qua
1097 1351 1174 1400 rara
1194 1331 1295 1399 iornra

218 1441 313 1521 haec,
340 1459 422 1523 quae
443 1440 544 1507 fracta
569 1461 651 1507 nunc
673 1448 783 1522 restet,
811 1450 887 1507 nata
909 1442 963 1521 sit,
992 1442 1037 1506 ita
1058 1441 1223 1522 prudentis
1246 1448 1295 1507 est

219 1550 312 1629 scire,
333 1568 495 1631 quousque
516 1550 663 1632 progredi
686 1550 795 1631 possit
840 1550 920 1614 Nam
942 1549 1005 1614 alia
1023 1549 1141 1614 videbit
1161 1567 1293 1631 prorsus

219 1676 242 1722 a
268 1676 305 1723 se
330 1658 434 1723 sanari
456 1674 566 1738 posse,
592 1658 653 1722 alia
674 1658 733 1736 ita,
760 1665 795 1722 ut
816 1658 970 1722 sententia
996 1665 1028 1722 et
1053 1657 1200 1722 uuivema
1222 1674 1293 1722 ora·

220 1765 316 1830 tionis
332 1762 434 1829 forma
449 1764 696 1844 demonstretur,
706 1765 777 1847 alia?
784 1765 990 1846 relinquenda
1006 1783 1084 1830 esse.
1117 1764 1185 1829 Hoc
1200 1764 1293 1829 modo
1364 1758 1366 1764 ’

219 1861 503 1953 qui'coniecturam
525 1873 745 1951 moderabitur,
767 1873 794 1937 is
817 1872 994 1937 emendabit
1014 1880 1154 1937 veterum
1176 1871 1294 1954 scripta

218 1986 254 2044 et
280 1972 490 2045 emendationi
515 1997 592 2044 suae
618 1979 765 2059 confidet3
795 1980 835 2044 de
861 1979 1014 2045 modestia
1041 1987 1145 2044 autem
1172 1979 1292 2043 coniec-

218 2095 312 2153 turae
333 2093 388 2152 aut
409 2089 578 2152 tentandae
596 2095 652 2151 aut
671 2087 703 2152 in
718 2095 870 2152 contextu
891 2087 1056 2168 ponendae
1077 2086 1121 2151 ita
1136 2086 1293 2164 iudicabit,

218 2194 254 2259 in
275 2202 344 2259 arte
365 2194 518 2276 quidquid
539 2197 712 2276 prudenter
731 2193 803 2272 fiat,
824 2195 902 2260 satis
924 2195 1065 2260 modeste
1086 2193 1161 2259 fieri.
1205 2193 1292 2258 Haec

218 2301 291 2367 ideo
312 2303 407 2382 paulo
429 2301 571 2384 pluribus
592 2301 696 2366 verbis
724 2302 764 2367 de
786 2301 962 2367 coniectura
985 2301 1130 2384 exposui,
1157 2302 1291 2383 primum

219 2410 306 2492 quod
328 2409 385 2473 hoc
407 2419 556 2490 tempore.
580 2428 647 2475 cum
669 2409 810 2474 homines
832 2409 968 2483 taedium
986 2394 1143 2490 quoddam
1159 2409 1293 2490 cepisset

219 2516 374 2581 inutilium
397 2525 429 2581 et
448 2516 560 2582 leuium
583 2519 828 2582 coniecturarum
856 2535 987 2598 cumque
1014 2517 1105 2581 simul
1130 2524 1293 2596 protracta

220 2632 327 2689 essent
355 2643 373 2690 e
399 2624 535 2689 tenebris
556 2624 827 2705 praestantissima
848 2624 988 2689 codicum
1011 2624 1293 2704 manuscriptorum

220 2731 394 2813 praesidia,
421 2731 490 2797 sine
517 2732 628 2813 quibus
657 2732 834 2796 coniectura
860 2731 1061 2796 fundamento
1089 2740 1189 2808 caret,
1218 2738 1294 2795 nata

221 2848 272 2902 est
303 2839 486 2919 superstitio
524 2841 678 2922 quaedam
717 2839 761 2903 ita
798 2857 833 2904 se
866 2839 1024 2904 codicibus
1057 2839 1219 2917 addicens,
1258 2843 1294 2902 ut

219 2945 313 3010 etiam
340 2946 566 3012 absurdissima
594 2957 702 3011 contra
729 2947 933 3012 certissimam
960 2946 1207 3011 emendationem
1236 2946 1290 3009 de-

219 3052 335 3132 fendat,
357 3054 587 3135 interpretetur,
610 3063 736 3119 enarret
756 3063 789 3119 et
809 3054 840 3118 in
856 3074 893 3119 eo
911 3073 980 3118 cum
997 3073 1109 3134 magna
1126 3072 1160 3118 se
1175 3053 1290 3134 gloria-

153 3220 157 3229 .
218 3160 302 3225 tione
323 3161 431 3239 iactet;
453 3161 527 3225 nihil
550 3161 630 3225 enim
653 3179 714 3226 non
737 3163 897 3244 expediat,
919 3162 976 3241 cui,
999 3181 1038 3226 ne
1060 3162 1100 3226 de
1122 3159 1290 3225 sententia·

218 3287 289 3332 rum
317 3277 349 3333 et
374 3287 479 3333 rerum
500 3268 584 3333 vitiis
606 3268 722 3347 dicam,
749 3271 790 3333 ad
818 3268 1046 3334 defendendum
1076 3267 1289 3333 soloecismum

217 3375 369 3440 mirabilis
399 3376 474 3440 haec
501 3373 635 3440 sufficiat
658 3377 809 3441 orationis
831 3376 987 3441 distinctio
1010 3377 1115 3457 (Tusc
1138 3375 1176 3454 V,
1201 3376 1290 3455 121):

218 3480 260 3545 In
287 3502 347 3562 qao
369 3486 519 3563 paconium
541 3483 641 3546 oeteis
655 3483 816 3563 prolatent
835 3503 956 3547 monas:
983 3482 1067 3546 baad
1092 3481 1180 3562 focile
1206 3482 1289 3546 diae

216 3589 328 3669 rimua,
356 3589 528 3671 similiaque
554 3589 675 3655 infinita
703 3591 894 3672 placeant.¹)
937 3591 1058 3656 Deinde
1079 3609 1153 3654 vero
1175 3589 1289 3654 facien·

219 3697 292 3761 dum
314 3696 389 3761 mihi
411 3697 512 3762 visum
535 3706 595 3776 est,
623 3705 657 3762 ut
684 3717 704 3763 a
730 3699 877 3780 prudenti
904 3700 1081 3764 coniectura
1109 3704 1155 3777 et,
1183 3704 1218 3762 ut
1243 3697 1289 3760 ita

249 4020 270 4084 ¹)
288 4021 375 4071 llerllo
394 4026 556 4072 coniecturas
575 4023 697 4079 oderunt,
723 4026 766 4085 qul
791 4025 839 4086 lpsl
863 4023 1006 4080 declarant,
1035 4026 1134 4072 nescire
1157 4034 1199 4081 ae,
1226 4022 1288 4084 quld

288 4107 386 4157 dllierat
413 4111 480 4156 inter
506 4113 622 4170 portenta
650 4110 771 4157 orationls
799 4113 824 4157 et
847 4110 989 4157 sententiae
1012 4121 1026 4156 a
1048 4108 1192 4170 perspicuis
1215 4107 1286 4156 codi-

287 4195 486 4255 cumvestlgiis
514 4192 672 4242 dlscedcntla
699 4197 724 4242 ct
750 4195 926 4242 coniecturam
950 4195 989 4241 vla
1016 4204 1045 4240 ac
1072 4193 1171 4240 tellone
1196 4203 1286 4254 proce·

286 4277 402 4336 dentem,
430 4281 505 4326 culus
533 4280 568 4326 rel
588 4278 743 4340 exemplum
771 4276 937 4326 manliestnm
964 4289 1067 4340 ponam.
1121 4275 1167 4324 Pro
1194 4275 1285 4338 despe-

287 4369 340 4411 rato
367 4363 471 4412 babitus
502 4367 541 4411 est
568 4362 641 4412 locus
668 4364 791 4412 orationls
821 4375 867 4425 pro
895 4363 1006 4412 Caecina
1033 4358 1104 4422 276.
1157 4360 1181 4410 ls
1212 4360 1286 4409 locus

1053 4462 1080 4499 „-
