3030 5086
272 461 337 527 614
662 482 706 526 na
729 481 860 528 rimans
883 481 953 528 aon.

270 647 390 728 Rapior
412 647 497 727 illuc;
526 655 652 713 revocat
673 658 778 714 autem
800 650 986 730 Antiochus;
1014 668 1072 716 nec
1097 658 1146 715 est
1172 661 1353 732 praeterea,

271 767 363 831 quem
387 750 559 815 audiamus.

356 854 412 918 ΙΙΙ
437 855 465 918 t.
494 853 573 918 Tum
596 853 685 918 Piso:
712 855 781 919 Etsi
803 855 874 931 hoc,
902 855 1017 936 inquit,
1046 854 1182 920 fortasse
1204 873 1266 919 non
1288 872 1353 935 po·

271 955 345 1019 terit
366 954 411 1019 sic
432 955 536 1037 abire,
565 975 634 1020 cum
661 956 711 1020 hic
738 956 816 1020 assit
843 958 907 1037 (me
934 966 1038 1022 autem
1065 957 1215 1039 dicebat),
1242 964 1353 1022 tamen

231 1055 394 1122 haudebo
417 1066 448 1122 te
470 1058 509 1123 ab
531 1058 591 1123 hac
608 1059 778 1123 Academia
800 1077 882 1123 nova
904 1060 945 1123 ad
967 1059 1051 1123 illam
1074 1066 1208 1124 veterem
1223 1075 1355 1137 vocare,

270 1158 302 1224 in
325 1178 397 1241 qua,
421 1168 455 1225 ut
471 1160 575 1224 dicere
586 1160 772 1225 Antiochum
790 1161 952 1239 audiebas,
975 1181 1037 1225 non
1059 1161 1081 1225 ii
1099 1161 1156 1226 soli
1179 1179 1353 1225 numeran-

270 1270 331 1341 tur,
348 1263 401 1343 qui
413 1262 591 1327 Academici
607 1271 767 1341 vocantur,
782 1264 987 1344 Speusippus,
998 1265 1200 1342 Xenocrates,
1211 1261 1354 1339 Polemo,

271 1365 406 1430 Crantor
428 1365 597 1445 murique,
613 1353 682 1429 ¹sed
709 1366 802 1429 etiam
824 1365 1025 1446 Peripatetici
1048 1375 1183 1444 veteres,
1214 1381 1353 1446 quorum

270 1467 417 1548 princeps
451 1467 650 1546 Aristotelea,
684 1485 790 1547 quem,
825 1476 953 1549 excepto
986 1467 1133 1546 Platone,
1166 1467 1251 1531 haud
1282 1465 1354 1530 scio

174 1561 177 1568 ‘
213 1570 255 1636 10
271 1587 312 1634 an
335 1576 419 1633 recte
442 1567 572 1633 dixerim
602 1569 773 1649 principem
797 1569 1061 1649 philosophorum.
1107 1569 1156 1632 Ad
1177 1587 1233 1634 eos
1253 1568 1354 1651 igitur

271 1676 418 1737 converte
441 1679 484 1748 te,
515 1688 642 1751 quaeso.
686 1671 733 1734 Ex
755 1689 862 1736 eorum
884 1671 966 1736 enim
989 1671 1116 1752 scriptis
1143 1678 1176 1735 et
1197 1670 1352 1735 institutis

223 1783 226 1787 ’
271 1792 341 1839 cum
364 1773 464 1837 oannis
486 1773 631 1837 doctrina
651 1772 802 1852 hberahs,
825 1775 925 1837 onmis
947 1772 1093 1851 historia,
1121 1773 1222 1837 omnis
1243 1790 1351 1837 sermo

271 1875 397 1956 elegans
420 1874 499 1939 sumi
517 1882 630 1955 potest,
652 1881 718 1939 tum
735 1875 872 1940 varietas
888 1882 937 1940 est
953 1883 1042 1939 tanta
1058 1873 1183 1952 artium,
1205 1881 1241 1938 ut
1256 1891 1351 1938 nemo

271 1977 339 2042 sine
361 1996 399 2042 eo
421 1977 628 2041 instrumento
650 1978 691 2040 ad
708 1976 802 2041 ullam
822 1995 887 2042 rem
905 1976 1104 2041 illustriorem
1120 1975 1199 2040 satis
1217 1983 1351 2040 ornatam

213 2084 254 2150 15
271 2079 375 2160 possit
396 2078 553 2143 accedere.
597 2079 645 2142 Ab
673 2078 721 2142 his
743 2085 901 2157 oratores,
931 2079 972 2143 ab
1001 2078 1050 2142 his
1077 2078 1284 2159 imperatores
1312 2095 1353 2143 ac

340 2271 364 2316 ³.
387 2266 475 2329 poterr'a
494 2280 580 2314 omnes
598 2265 760 2329 (compateris
774 2268 888 2328 fortasse
905 2265 971 2314 obire
988 2266 1023 2314 ra'e
1043 2264 1072 2319 P)
1103 2258 1144 2314 ’5.
1164 2273 1263 2314 oetam
1282 2262 1352 2313 alluat

271 2334 406 2384 LPcltor.
446 2339 466 2384 7.
487 2342 638 2382 numeruntur
655 2342 711 2398 ipro
729 2336 854 2396 vocantur)
874 2334 894 2382 L
936 2339 958 2384 8.
981 2333 1112 2385 Grotonll
1159 2339 1195 2382 11.
1215 2341 1353 2383 convenam

270 2413 293 2453 te
311 2420 399 2467 quaeso
419 2403 439 2450 li
466 2402 525 2450 enim
543 2419 590 2451 om.
612 2404 634 2450 A
662 2411 683 2451 et
701 2402 812 2451 instituta}
830 2402 911 2451 omP
950 2406 987 2453 ta.
1006 2419 1061 2452 vero
1079 2411 1104 2450 ut
1122 2406 1179 2465 (pro
1197 2410 1222 2450 ut
1239 2401 1352 2465 smalh

357 2559 430 2634 Cap.
455 2560 517 2627 ΙΙΙ,
542 2560 569 2614 7.
600 2561 673 2615 illum
701 2559 824 2631 veterem)
848 2559 898 2617 Sic
926 2558 1013 2615 etiam
1044 2558 1120 2634 Spir.
1144 2555 1209 2635 [B].
1254 2557 1352 2616 Paulo

271 2654 340 2702 ante
362 2645 392 2701 in
415 2644 479 2701 cod.
502 2644 580 2700 arch.
604 2643 661 2700 fuit
673 2647 775 2719 potem'a
792 2642 872 2721 ([B.]
891 2645 975 2710 Pan„
995 2644 1122 2719 Ι][Ιχψ);
1144 2642 1354 2701 emendavitne

271 2730 388 2788 videtur
401 2729 506 2786 Aldus.
530 2729 602 2785 Mox
619 2731 648 2785 hi
662 2731 713 2785 soli
723 2728 816 2787 Gaius
834 2749 871 2785 ex
889 2729 1025 2786 omnibns
1037 2728 1107 2785 suis.
1130 2728 1272 2785 Antiochi
1284 2745 1354 2785 sen·

271 2816 393 2873 tentiam
412 2815 639 2871 commemoravi
652 2815 688 2870 ad
701 2815 754 2874 1v.
769 2817 796 2871 t.
819 2815 915 2872 Paulo
927 2825 994 2890 post
1006 2814 1036 2870 in
1048 2813 1094 2870 hia
1105 2813 1219 2870 verbis:
1235 2832 1356 2888 quorum

267 2904 395 2977 princeps
414 2901 570 2957 Aristotelea
593 2900 664 2956 dure
689 2900 758 2956 mihi
783 2900 923 2957 omissum
942 2900 1058 2956 videtur
1075 2899 1197 2956 verbum
1213 2899 1355 2956 substan·

270 2987 373 3044 tivum.
410 2985 484 3062 [Sed
507 2986 610 3042 eodem
634 2985 720 3042 modo
737 2986 832 3043 Acad.
847 2985 978 3055 11‚·131:
1001 2985 1059 3041 Alii
1079 2986 1239 3059 voluptatem
1261 2985 1354 3041 volue-

270 3083 343 3139 rant,
366 3090 479 3145 qaorum
497 3071 803 3146 priaccpaArt'atrppua.
848 3072 952 3144 ltaque
975 3070 1077 3126 eadem
1101 3069 1245 3126 brevitate
1268 3068 1355 3139 haec,

271 3157 454 3214 nominativo
477 3174 561 3223 casu,
590 3155 710 3231 adiungi
734 3155 885 3225 videntur,
908 3174 967 3230 qua
990 3155 1093 3214 Livius
1115 3155 1227 3225 xxn,
1252 3153 1308 3225 tt,
1334 3155 1354 3212 δ

271 3243 372 3310 utitur,
391 3242 429 3298 ob
447 3241 591 3298 infinitam
608 3241 771 3298 orationem
789 3242 990 3298 accusativum
1003 3259 1129 3316 ponens:
1151 3244 1257 3298 iuuenes
1269 3258 1355 3314 quoe·

271 3330 345 3397 dorm
368 3346 482 3402 quorum
502 3329 650 3401 principem
672 3328 709 3383 L.
733 3329 883 3385 Metellum.
906 3346 980 3383 more
1001 3344 1034 3382 oc
1056 3345 1138 3383 novae
1160 3335 1294 3402 spectare,
1319 3334 1355 3383 ut

271 3413 331 3471 alia
354 3413 473 3487 paulum
497 3411 614 3469 diversa
636 3410 784 3480 omittam
813 3431 866 3469 nec
894 3412 951 3469 iam
982 3411 1077 3468 audeo
1105 3412 1248 3469 scribere:
1272 3412 1354 3486 prin·

271 3517 334 3573 ceps
357 3497 513 3555 Aristotelea
536 3507 583 3556 eat.
607 3496 685 3571 quod
709 3516 773 3554 mea
795 3497 962 3573 suspicione
986 3506 1082 3554 motus
1098 3497 1237 3554 Baiterus
1254 3492 1354 3573 fecit]

359 3582 406 3639 Ad
432 3602 475 3640 eoa
508 3585 590 3656 icitur
616 3592 735 3639 conante
761 3583 798 3657 tc)
827 3580 920 3663 [Olim
949 3583 979 3639 in
1009 3581 1070 3639 Erl.
1104 3592 1238 3657 putaram
1271 3580 1353 3638 idem

272 3687 346 3738 ease,
369 3668 400 3724 in
423 3669 501 3743 quod
525 3668 694 3724 coniectura
706 3666 853 3726 Gruterus
874 3668 1029 3736 inciderat,
1052 3678 1202 3724 corruerim
1218 3668 1291 3739 (om.
1305 3669 1353 3739 te),

272 3773 326 3810 nec
348 3754 556 3828 improbaram.
603 3754 690 3811 Nunc
713 3763 829 3811 constat
851 3772 979 3810 errorem
1003 3772 1070 3810 eum
1093 3772 1172 3823 ease3
1196 3770 1262 3809 narn
1286 3770 1303 3808 e
1327 3752 1355 3809 B

272 3839 349 3896 idem
379 3839 457 3913 quod
486 3857 522 3894 ex
551 3838 613 3895 Erl.
644 3838 719 3894 Bait.
748 3837 897 3916 annotat]
942 3840 1069 3895 Instituta
1097 3837 1354 3914 philosophorum,

273 3943 348 3999 quae
368 3924 415 3981 hic
438 3942 503 3980 cunr
525 3927 642 3998 scriptia.
666 3924 737 3981 alibi
761 3924 854 3997 (Lael.
875 3925 923 3994 13,
947 3923 1045 3987 0111.
1061 3927 1090 3998 1)
1113 3941 1179 3981 cum
1200 3925 1356 3998 praeceptis

273 4010 505 4085 coniunguntur,
535 4010 619 4065 Brut.
641 4010 698 4065 119
723 4011 786 4066 sola
815 4010 1016 4077 nominantur,
1044 4009 1223 4084 interpretor
1252 4025 1356 4065 rerum

273 4096 479 4152 mactationem
518 4094 788 4169 sententiarumque
827 4094 1055 4170 explicationem
1101 4104 1182 4151 certa
1224 4093 1355 4168 quadarn

273 4179 368 4238 iorma
400 4180 584 4238 institutam.
619 4198 706 4253 quam
742 4181 908 4237 methodum
943 4180 1061 4237 scholae
1095 4197 1253 4241 vocamus.
1294 4197 1358 4253 qua

273 4266 361 4322 etiam
401 4265 628 4323 exercitationes
667 4265 810 4338 quaedam
845 4266 1133 4340 comprehenduntur
1165 4263 1355 4324 discentium.

274 4350 336 4409 cfr.
370 4352 493 4410 Balarus
526 4351 562 4407 ad
592 4349 649 4410 Off.
678 4350 697 4406 l.
726 4351 774 4407 cit.
830 4351 1011 4408 Exciderant
1044 4351 1134 4407 verba
1166 4361 1191 4407 ct
1224 4352 1358 4408 institutis

274 4437 362 4493 etiam
386 4438 416 4494 in
440 4435 519 4495 Gud.
544 4438 571 4491 2.
