3030 5086
469 476 513 521 nr
537 476 617 521 usn.
640 476 703 522 nin.
729 479 748 523 v
772 477 845 524 cae.
864 480 938 525 a-a.
953 480 1051 540 (o-ep
1223 463 1287 528 615

209 663 312 709 rerum
341 643 533 724 publicarum
561 645 718 727 principes
741 647 917 712 extiterunt
963 646 1006 711 Ut
1026 647 1069 712 ad
1090 647 1211 712 minora
1233 667 1287 712 ve-

209 748 305 824 niam,
328 746 551 826 mathematici,
574 754 701 827 poetae,
724 747 848 823 musici,
876 748 988 812 medici
1010 750 1145 829 denique
1166 767 1203 814 ex
1225 749 1286 814 bac

208 857 366 929 tamquam
389 848 525 912 omnium
554 849 669 912 artium
697 847 822 915 officina
848 850 979 932 profecti
1002 858 1084 915 sunt
1128 852 1157 916 8.
1182 854 1285 934 Atque

209 970 281 1030 ego:
312 950 378 1016 Scis
400 969 463 1029 me,
486 950 626 1031 inquam,
649 951 732 1015 istud
755 952 838 1017 idem
860 951 991 1029 sentire,
1013 953 1102 1028 Piso,
1132 955 1187 1018 sed
1209 973 1230 1019 a
1253 960 1286 1019 te

210 1060 386 1134 opportune
408 1051 491 1116 facta
512 1053 627 1117 mentio
650 1059 712 1132 est;
740 1055 847 1119 studet
874 1053 955 1118 enim
984 1073 1071 1120 meus
1098 1055 1209 1120 audire
1233 1055 1323 1124 (ti-s

210 1175 289 1233 cero,
311 1173 464 1235 quaenam
486 1155 529 1218 sit
545 1154 634 1219 istius
652 1155 775 1234 veteris,
798 1174 892 1237 quam
909 1174 1141 1234 commemoras,
1163 1158 1285 1222 Acade·

210 1258 291 1322 miae
329 1259 368 1320 de
405 1254 519 1321 finibus
557 1256 711 1321 bonorum
743 1257 1083 1340 Peripateticorumque
1121 1258 1287 1323 sententia.

211 1360 379 1423 Censemus
406 1368 510 1422 autern
533 1356 676 1422 facillime
701 1369 734 1423 te
760 1360 791 1423 id
815 1359 984 1441 explanare
1005 1378 1115 1441 posse,
1144 1361 1228 1442 quod
1255 1367 1288 1425 et

279 1518 301 1561 3.
321 1520 442 1574 tamquam
457 1511 600 1559 exambiam
615 1511 748 1561 LPcROr.
781 1511 898 1575 confisam
912 1513 956 1562 ΕΡ
983 1512 1145 1578 disciplinali
1173 1514 1209 1564 od
1226 1530 1289 1578 qaae

209 1579 495 1644 epoLlegmtquetli
527 1578 665 1642 esequire
682 1580 951 1631 sedate-sententia
961 1582 1133 1646 Noniusp.9l
1170 1581 1289 1634 antemio

200 1652 277 1711 sacta
296 1648 316 1698 C
351 1664 414 1696 meus
433 1664 481 1697 orn.
503 1649 524 1695 E
560 1653 582 1695 8.
602 1657 679 1697 autem
697 1658 718 1698 te
728 1648 849 1710 sacellime
867 1649 936 1700 Lcss
952 1659 974 1698 te
992 1659 1068 1700 autem
1079 1653 1135 1714 sac.
1155 1650 1220 1701 POr.

295 1807 329 1844 ea
351 1789 402 1846 bac
421 1799 557 1861 tamquam
577 1791 692 1844 omnium
707 1791 807 1844 artium
823 1788 945 1864 officina)
964 1790 1128 1847 Edebaturr
1151 1801 1290 1865 &amquam

210 1894 243 1929 ac
265 1876 380 1929 misniam
402 1884 457 1929 cet.
502 1872 552 1931 sic
580 1873 652 1930 haec
681 1872 800 1930 officina
826 1886 1015 1949 comparatur
1042 1892 1108 1932 cum
1136 1875 1196 1932 alia
1218 1893 1289 1950 qua·

211 1959 292 2025 dam,
321 1977 396 2033 quae
424 1958 463 2014 sit
490 1958 619 2014 omniurn
648 1958 764 2015 artium.
815 1959 922 2016 Deleta
950 1960 1184 2035 praepositione,
1214 1979 1290 2035 quae

211 2044 299 2100 etiam
323 2043 435 2118 aSpir.
449 2039 503 2123 [B]
527 2044 638 2110 aberat,
662 2044 759 2100 omnia
782 2044 811 2099 in
835 2063 923 2100 unam
940 2044 1097 2121 imaginem
1116 2047 1289 2114 conflantur,

211 2148 276 2186 cum
301 2129 373 2185 haec
395 2128 478 2202 quasi
502 2127 621 2185 officina
642 2128 773 2185 omnium
796 2129 903 2186 artium
927 2129 1034 2187 dicitur
1055 2129 1156 2188 fuisse.
1200 2131 1235 2187 In
1254 2149 1289 2188 eo

213 2215 363 2271 meliorem
385 2212 527 2271 familiam
552 2214 635 2288 sequi
658 2232 715 2270 non
733 2214 827 2271 audeo
840 2215 923 2285 (Erl,
937 2212 1001 2295 [B,]
1016 2235 1073 2291 mg.
1087 2215 1177 2281 Crat,
1190 2217 1289 2289 Mon),

211 2300 289 2373 quod
312 2299 444 2370 arwam
467 2299 585 2354 habent.
636 2299 712 2356 Nam
737 2300 881 2356 artificum
905 2298 1022 2358 officina
1046 2310 1104 2368 est,
1134 2300 1185 2358 ubi
1215 2318 1289 2375 opus

212 2384 333 2453 faciunt,
357 2404 414 2440 non
438 2384 488 2440 ubi
511 2384 566 2458 ipsi
590 2385 671 2454 liant,
696 2395 726 2441 st
746 2392 845 2442 tamen
868 2386 924 2442 hoc
947 2386 1012 2443 loco
1029 2386 1071 2443 sic
1089 2386 1221 2461 intellegi
1238 2404 1290 2442 ne·

211 2489 292 2527 cesse
315 2480 407 2537 esset,
436 2488 490 2526 nec
512 2488 613 2526 omnes
635 2469 776 2538 artifices,
805 2470 857 2528 sed
880 2471 975 2528 omnis
996 2471 1113 2548 generis
1135 2471 1176 2528 ibi
1199 2471 1290 2548 linge·

211 2557 326 2613 bantur.
362 2554 474 2613 Contra
495 2555 602 2611 artium
626 2554 745 2612 officina
767 2556 874 2612 dicitur
896 2568 927 2612 ut
951 2556 1150 2631 eloquentiae,
1174 2557 1290 2630 sapien·

210 2642 278 2708 tiae,
297 2640 423 2697 dicendi.
448 2641 552 2713 Itaque
564 2649 693 2697 erratum
707 2640 736 2696 in
750 2640 901 2697 meliorum
915 2641 1047 2698 codicum
1059 2641 1193 2717 principe
1206 2651 1288 2717 puto.

259 2716 262 2720 Δ
297 2726 325 2781 8.
349 2725 439 2798 Atque
461 2727 520 2798 eqo)
544 2725 595 2784 Sic
617 2725 724 2793 Mead,
748 2725 806 2783 Ox.
818 2745 845 2801 χ,
868 2726 1056 2801 restituitque
1073 2727 1162 2784 etiam
1181 2726 1289 2803 eSpir.

211 2809 265 2887 [B]
279 2809 380 2877 Gzius,
405 2821 437 2865 ut
459 2810 534 2866 solet
557 2809 615 2866 dici
632 2810 662 2867 in
683 2809 759 2866 alius
776 2829 919 2885 personae
937 2811 1070 2868 oratione
1087 2811 1290 2888 adiungenda3

210 2897 249 2951 ad
271 2914 341 2968 quoe
362 2894 606 2968 significationem
629 2895 718 2951 habet
740 2895 874 2970 responsi
897 2906 927 2952 et
949 2895 1144 2953 refutationis.

300 2981 442 3036 Cecsemua
464 2990 552 3036 actem
568 2980 701 3052 facillime
723 2981 760 3052 tc)
784 2980 909 3037 Secutus
937 2999 1000 3038 sum
1024 2981 1086 3039 Erl.
1109 2978 1174 3059 [B]
1219 2980 1290 3039 Edi·

211 3065 305 3120 tiones
333 3065 500 3138 superiores
528 3075 561 3120 ut
588 3064 645 3120 mei
668 3064 735 3120 libri
759 3065 933 3134 deteriores3
962 3065 1056 3124 Gaius
1079 3076 1228 3141 tamquam
1252 3084 1291 3122 ex

211 3149 346 3206 omnibus
369 3149 439 3218 suis,
463 3148 525 3207 Eri,
550 3158 647 3205 tamen
671 3160 811 3224 excepto:
833 3169 968 3208 censemus
991 3161 1015 3208 te
1036 3162 1135 3209 autem.
1170 3151 1235 3208 Nec
1254 3151 1290 3207 de

210 3235 360 3291 codicibus
383 3234 470 3290 credo
494 3253 548 3291 nec
570 3232 641 3291 ferri
664 3235 689 3291 is
711 3234 783 3292 ordo
806 3245 912 3310 potest.
948 3237 1136 3294 Deteriorum
1155 3236 1289 3294 codicum

210 3320 282 3377 ordo
306 3320 443 3376 Pisonem
467 3330 584 3394 praeter
607 3330 720 3376 ceteros
742 3319 830 3377 facile
853 3320 882 3377 id
904 3320 1003 3378 facere
1026 3340 1113 3397 posse
1134 3321 1290 3398 significat,

210 3417 311 3461 noster
332 3405 395 3462 sine
418 3405 653 3480 comparatione,
683 3405 770 3463 facile
799 3406 854 3462 hoc
877 3406 903 3463 ei
927 3424 1000 3463 esse.
1047 3407 1162 3464 Deinde
1185 3406 1290 3465 Cicero

211 3508 276 3547 cum
300 3490 355 3546 hoc
377 3492 501 3564 qood-
519 3491 644 3548 dabasn's
666 3491 696 3547 in
720 3500 803 3566 parte
826 3491 963 3566 obliquae
980 3492 1123 3549 orationis
1141 3491 1290 3567 posuisset

210 3585 240 3631 et
262 3575 450 3632 coniunctivo
467 3585 607 3645 notasset,
631 3594 697 3633 cum
716 3596 798 3652 posse
820 3577 1009 3654 coniungens,
1032 3595 1090 3634 nou
1113 3595 1179 3633 cum
1202 3595 1290 3634 cenae·

210 3681 269 3716 cros
293 3659 356 3731 (cfr.
381 3661 418 3716 ad
441 3661 505 3730 III,
527 3662 592 3734 17),
615 3662 782 3719 necessario
805 3661 931 3718 subiecit
952 3663 1104 3729 videamus,
1128 3662 1198 3732 etsi,
1222 3679 1288 3719 curn

210 3746 266 3801 hoc
289 3746 381 3801 utitur
404 3746 503 3814 verbo,
527 3764 586 3803 non
609 3757 678 3815 tarn,
702 3765 754 3803 cur
775 3747 846 3804 Piso
864 3747 967 3822 possit,
991 3746 1063 3804 dicit
1079 3749 1166 3820 (quod
1185 3777 1224 3790 -
1241 3765 1289 3804 ac·
1379 3752 1382 3757 ’

210 3833 333 3905 qreiros),
362 3849 449 3904 quarn
472 3850 524 3889 cur
551 3831 609 3905 ipsi
631 3842 778 3889 censeant.
823 3833 905 3889 Haec
928 3843 1026 3890 tamen
1048 3830 1228 3889 coniunctivi
1251 3831 1289 3888 ab

210 3916 269 3972 alio
297 3917 388 3972 verbo
416 3916 568 3990 (exquiras)
598 3917 634 3973 ad
666 3916 746 3974 aliud
776 3919 929 3991 (acquirere
955 3918 1105 3990 videamus)
1133 3915 1289 3974 translatio

210 4019 297 4074 quam
327 4001 463 4075 exiguam
487 4002 624 4063 habuerit
645 3999 852 4071 offensionem,
882 4001 1061 4077 perspicitur
1090 4021 1106 4059 e
1134 4000 1290 4059 notissima

210 4086 353 4142 orationis
375 4084 486 4142 forma:
512 4091 664 4155 accusarat,
693 4088 767 4160 qaod
791 4089 932 4160 muniam
959 4090 1059 4161 cepisse
1087 4088 1193 4144 diceret.
1238 4084 1289 4145 Sic

212 4180 309 4227 autem
339 4170 479 4246 seriptum
509 4180 553 4228 est
580 4171 657 4246 apud
685 4170 782 4240 Orat,
806 4170 901 4239 Vict,
929 4171 1049 4240 Lamb,
1076 4171 1289 4246 confirmatque

211 4256 299 4311 etiarn
335 4255 413 4330 Spir.
443 4253 514 4333 [B];
548 4255 699 4313 revocavit
728 4253 836 4322 Gaius3
870 4255 961 4312 ceteri
994 4273 1059 4313 cunr
1093 4255 1289 4314 deterioribus

210 4340 294 4398 codd.
313 4342 441 4398 videmus.
475 4342 604 4410 Staseas,
627 4358 713 4414 quem
733 4340 840 4397 iterum
863 4341 996 4398 nominat
1013 4342 1081 4411 §lb
1104 4351 1136 4398 et
1156 4341 1193 4398 de
1205 4339 1288 4400 Orat

210 4425 320 4495 1,104,
343 4435 408 4483 erat
430 4445 465 4482 ex
489 4425 591 4482 eodem
613 4442 721 4500 genere
733 4422 918 4485 Graecorum
942 4425 1072 4484 modeste
1094 4424 1288 4484 innobilium
