3030 5086
271 450 334 515 276
661 467 705 512 uu
728 466 859 513 narrans
882 467 952 512 sort.

356 634 450 699 XXV.
480 636 530 700 80.
559 635 691 698 Faceres
714 641 748 698 tu
771 634 910 715 quidem,
934 633 1106 713 Torquate,
1129 632 1206 698 haec
1228 633 1346 712 omnia;

271 737 343 802 nihil
373 737 452 802 enirn
486 735 624 800 arbitror
656 754 771 816 magua
803 734 897 799 lande
930 735 1057 816 dignum
1086 752 1169 813 esse,
1203 736 1286 816 quod
1315 741 1348 800 te

270 837 566 919 praetermissurum
589 838 713 901 credatu
736 843 791 900 aut
813 837 923 901 mortis
940 845 996 900 aut
1013 835 1129 900 doloris
1149 844 1242 901 metu.
1275 837 1347 901 Non

270 939 431 1019 quaeritur
454 944 573 1017 autem,
596 938 673 1020 quid
696 946 826 1002 naturae
849 944 922 1003 tuae
940 945 1186 1012 ‚consentaneum
1208 938 1262 1016 sit,
1291 939 1348 1002 aed

231 1040 345 1122 bquid
362 1039 551 1120 disciplinae.
584 1039 678 1104 Ratio
695 1039 766 1118 ista,
784 1058 876 1120 quarn
893 1038 1044 1117 defendis,
1067 1046 1244 1120 praecepta,
1266 1057 1348 1122 quae

270 1141 413 1220 didicisti,
437 1159 517 1221 quae
536 1141 661 1222 probas,
684 1139 824 1205 irraditus
841 1150 985 1205 evertunt
1007 1140 1184 1219 amicitiam,
1206 1141 1348 1222 quamvis

269 1262 339 1309 earn
366 1242 533 1323 Epiruma,
564 1250 599 1306 ut
625 1240 713 1320 iacit,
741 1243 772 1306 in
802 1244 919 1307 caelum
948 1242 1057 1307 efferat
1084 1240 1239 1306 laudibus.
1287 1244 1349 1315 „At

270 1344 364 1408 coluit
386 1344 454 1424 ipse
475 1343 656 1408 amicitias.“
699 1343 784 1423 Quis,
808 1361 934 1424 quaeso,
955 1343 1041 1408 illurn
1065 1352 1158 1424 negat
1180 1350 1212 1408 et
1233 1343 1348 1407 bonum

270 1446 370 1509 virum
398 1453 431 1510 et
458 1462 575 1508 comem
606 1451 637 1508 et
659 1443 828 1508 humanum
850 1443 968 1510 fuisse?
1011 1446 1060 1510 De
1082 1445 1205 1525 ingenio
1228 1445 1294 1510 eius
1315 1444 1348 1509 iu

130 1557 134 1566 ’
213 1551 254 1613 10
271 1546 320 1611 his
342 1546 616 1626 disputationibus,
639 1564 700 1610 nou
723 1547 763 1609 de
785 1546 923 1611 moribus
945 1547 1118 1628 quaeritur.
1164 1546 1211 1612 Sit
1230 1547 1294 1610 ista
1314 1546 1348 1610 iu

272 1648 463 1712 Graecorum
492 1646 618 1712 levitate
645 1648 849 1728 perversitas
881 1647 934 1727 qui
960 1648 1133 1712 maledictis
1154 1647 1349 1712 insectantur

270 1767 339 1827 eos,
367 1748 522 1830 aquibus
544 1749 583 1813 de
605 1749 737 1813 veritate
760 1748 956 1813 dissentiunt
1001 1749 1062 1814 Sed
1086 1749 1229 1830 quamvis
1251 1748 1348 1812 comis
1398 1790 1401 1796 -

340 1922 363 1966 2.
391 1926 425 1966 est
454 1920 510 1981 (pro
533 1918 602 1980 enim)
626 1919 646 1966 L
690 1917 751 1985 [essa
774 1935 861 1983 neuqua
885 1917 956 1967 laude
979 1918 1072 1983 dr'qnam
1097 1916 1130 1985 A]
1168 1926 1229 1968 asset
1252 1919 1273 1966 Ε
1298 1933 1347 1969 om.

271 1986 434 2036 LPMCROr.
491 1991 513 2035 s.
534 1995 590 2034 nuta
609 1989 665 2052 (pro
683 1987 793 2047 metatc
848 1995 870 2034 t.
889 1987 991 2050 qaodE
1046 1991 1067 2037 5.
1087 1985 1152 2050 qaod
1169 1986 1238 2053 [affl
1257 1985 1348 2036 om.0

272 2059 294 2105 6.
314 2053 442 2103 amictiabm
460 2055 594 2103 cramail.
632 2061 653 2106 8.
673 2055 746 2118 quasi
762 2070 848 2104 omues
867 2055 950 2118 (quasi
965 2056 1018 2118 qais
1029 2055 1061 2118 C)
1079 2053 1175 2119 noystC
1215 2059 1252 2106 it).
1270 2053 1348 2103 a'stoE

275 2127 311 2170 ta.
331 2122 355 2170 t'n
372 2122 471 2170 unitate
491 2123 512 2170 R

270 2281 357 2335 mrbus
379 2278 428 2351 (ad
451 2278 533 2334 Fam.
557 2278 671 2348 111,·7,
697 2280 737 2351 6),
770 2278 838 2335 item
857 2279 1002 2353 puqnortdi
1023 2278 1104 2350 (Div.
1127 2277 1157 2334 in
1181 2276 1269 2337 (laec.
1295 2277 1348 2351 58)

271 2373 301 2420 et
322 2364 477 2420 consulendi
498 2363 596 2435 (Verr.
621 2363 683 2434 III,
711 2366 776 2436 16),
800 2381 858 2419 non
881 2363 975 2420 audeo
999 2381 1121 2438 negare,
1150 2361 1193 2419 sic
1214 2362 1273 2419 dici
1295 2381 1349 2438 po·

272 2447 362 2504 tuisse
391 2449 435 2519 (ut
462 2456 554 2503 asset:
589 2466 645 2504 uon
674 2465 764 2504 conor
792 2448 938 2522 precando
962 2448 1131 2523 impedire);
1165 2447 1220 2504 etsi
1249 2447 1348 2522 aptius

271 2542 335 2589 erat
357 2533 492 2607 deprecor.
537 2530 715 2589 Incredibile
737 2543 835 2590 autern
859 2542 913 2603 est,
937 2532 1039 2608 quoles
1061 2533 1148 2589 huius
1170 2532 1227 2589 loci
1244 2531 1313 2589 iuda
1330 2551 1349 2589 a

272 2617 396 2674 Davisio
425 2627 455 2673 et
477 2617 677 2674 enarrationes
700 2629 727 2674 et
753 2618 948 2675 correctiones
972 2618 1156 2692 excogitatae
1179 2617 1252 2687 sint,
1280 2635 1348 2674 eum

272 2720 330 2758 nou
352 2701 582 2777 intellegeretur,
605 2722 656 2759 non
679 2721 743 2759 curn
762 2722 907 2778 procurare
929 2702 957 2758 in
976 2720 1063 2759 unarn
1083 2701 1232 2759 notionem
1250 2702 1347 2759 coale-

271 2804 352 2844 scere
376 2787 463 2844 etde
486 2806 520 2843 ea
544 2787 718 2863 interrogari
742 2799 769 2844 et
790 2787 858 2844 irinc
875 2788 1002 2862 paudere
1020 2807 1073 2861 qno
1090 2791 1185 2844 tribuas.
1220 2783 1348 2867 [Oresten

271 2889 309 2928 ex
332 2872 361 2928 Α
384 2867 579 2949 restitutum]

357 2955 430 3031 Cap.
443 2957 545 3025 XXV,
566 2957 614 3013 80.
644 2958 754 3029 diqnum
776 2954 845 3032 ease)
867 2956 1051 3013 Infinitivunr
1075 2974 1176 3014 ornnes
1199 2956 1348 3027 omittunt,

270 3040 307 3097 de
330 3041 413 3096 codd.
438 3049 577 3097 tacentes.
624 3037 789 3120 [Essahoc
811 3041 875 3115 ipso
898 3041 964 3097 loco
989 3036 1036 3120 B.]

361 3124 438 3192 Quis,
457 3144 564 3199 quaeso,
582 3127 656 3182 iiluna
673 3126 764 3200 nepot)
777 3125 820 3185 Ut
834 3126 928 3182 nostri
946 3125 1039 3187 codd„
1058 3135 1198 3199 quat-tuor
1210 3124 1278 3184 Gaii
1292 3122 1349 3203 [B]

271 3218 301 3266 at
323 3208 386 3266 aine
409 3210 497 3266 dubio
521 3210 570 3266 alii
594 3228 711 3280 ornnes,
735 3211 806 3277 etsi,
829 3228 894 3266 cum
919 3211 1005 3285 prirni
1029 3210 1157 3266 editores
1180 3210 1349 3268 substituis·

271 3304 350 3351 seut:
374 3298 455 3368 quusi
476 3298 537 3369 quis
559 3327 600 3336 -
623 3305 704 3369 neqet,
729 3295 840 3370 primus
863 3295 1005 3352 Davisius
1028 3295 1162 3364 attendit,
1186 3295 1238 3352 illo
1260 3295 1349 3354 modo

271 3379 412 3454 seriptum
442 3397 506 3436 assa
528 3381 558 3437 in
582 3380 650 3436 Par.
675 3381 692 3436 3
716 3382 777 3454 (qai
797 3382 904 3454 quasa),
928 3380 1022 3449 Ball,
1047 3380 1158 3448 Mend,
1187 3398 1348 3454 verumque

270 3463 393 3520 invenit
437 3464 484 3521 Ex
502 3465 571 3540 Εχψ
594 3465 639 3539 (nt
660 3484 676 3521 e
694 3464 773 3524 Gud.
790 3468 818 3538 1)
842 3475 1000 3521 annotatur
1021 3476 1108 3537 nequi,
1132 3466 1168 3521 de
1191 3469 1251 3539 quis
1268 3468 1352 3541 quasi

271 3557 399 3617 tacetur,
429 3549 499 3622 quia
527 3549 557 3605 in
586 3549 688 3606 ordine
716 3552 830 3607 tantuna
860 3551 1016 3607 verborum
1047 3550 1225 3606 variabatur.
1271 3550 1348 3607 Tum

271 3631 329 3691 Ox.
341 3633 377 3701 E,
401 3632 480 3691 Gud.
496 3636 521 3700 1,
546 3634 614 3692 Bas.
639 3654 773 3691 sominare
796 3653 972 3710 pro-comem,
997 3633 1109 3693 Gadi
1128 3637 1348 3693 commendatum.

271 3718 329 3774 Hic
352 3718 424 3774 satis
446 3717 613 3774 defenditur
635 3738 741 3789 camena,
765 3719 842 3793 quod
861 3720 1019 3786 subicitur:
1044 3720 1101 3777 Scri
1122 3726 1245 3793 paraturis
1267 3725 1349 3777 comis

271 3811 326 3858 cet.
372 3804 418 3859 Ae
437 3822 549 3861 vereor.
574 3822 609 3859 ne
632 3805 720 3861 atiani
745 3805 774 3860 in
793 3805 857 3863 Cat.
872 3806 920 3863 59.
944 3805 994 3861 ubi
1018 3823 1095 3861 nnnc
1118 3805 1214 3860 editur
1237 3825 1273 3862 ex
1297 3824 1349 3880 op·

271 3886 350 3943 timis
373 3905 443 3943 sane
466 3887 630 3945 codicibus:
658 3909 817 3946 communem
846 3910 925 3963 erpa
948 3891 1125 3963 Lysandrum
1148 3900 1172 3946 et
1194 3891 1348 3958 histrionum,

272 3971 400 4041 librarii,
429 3973 507 4046 qnod
531 3973 649 4048 plenum
673 3984 751 4031 asset
773 3976 913 4050 (conteni),
938 3994 991 4050 pro
1015 3975 1188 4049 compendio
1211 3974 1349 4048 frequen·

271 4057 354 4113 tiaris
372 4057 452 4114 vocis
469 4058 650 4133 acceperint3
675 4055 718 4138 [at
740 4079 828 4116 comen
851 4061 940 4116 habet
962 4061 1026 4116 cod.
1039 4060 1192 4117 Leidensis
1214 4078 1232 4115 a
1254 4060 1350 4135 prima

272 4138 383 4220 uranu}
408 4142 506 4223 ⁸'Nam
530 4143 589 4200 alia
612 4154 656 4201 est
677 4148 865 4209 cornmrnn'tus,
895 4164 970 4218 quae
999 4145 1027 4200 in
1053 4144 1154 4201 Laelio
1180 4146 1217 4201 65
1247 4153 1349 4220 postu·

271 4225 362 4295 latur,
398 4238 459 4284 turn
489 4248 563 4302 quae
592 4230 670 4304 apud
700 4229 872 4287 Suetonium
902 4231 930 4285 in
960 4230 1187 4305 imperantibus,
1222 4247 1288 4286 curn
1317 4248 1349 4287 sa

271 4313 377 4369 catoris
400 4325 537 4386 aequant,
561 4314 706 4371 landatur.

356 4402 436 4455 connis
452 4402 479 4454 in
498 4403 591 4457 urrrr'cr's
616 4402 733 4470 escendis)
752 4400 919 4476 Trauaponi
931 4403 1019 4473 soeret
1036 4400 1066 4456 iu
1080 4400 1142 4460 Erl.
1161 4409 1190 4456 et
1203 4399 1280 4476 Spir.
1294 4395 1350 4480 [B]
