3030 5086
470 494 513 539 ur
536 493 617 539 uae.
640 494 703 539 um.
726 494 749 539 11
772 493 845 539 aar.
865 497 905 540 ao.
924 496 1055 557 (se-ea.)
1234 479 1302 557 253,

216 668 323 727 tamen
363 659 492 727 medicis
530 661 602 742 plus
640 680 734 742 quam
773 661 967 742 philosophis
1000 670 1149 728 uteretur.
1206 663 1299 729 Color

215 762 373 847 egregius,
395 763 519 844 integra
535 763 691 839 valetudo,
713 781 834 826 summa
850 763 962 845 gratia,
986 764 1051 828 vita
1072 765 1206 846 denique
1223 784 1298 830 con·

216 864 300 932 ferta
322 864 520 945 voluptatum
542 865 679 928 omnium
698 865 859 929 varietate.
894 867 944 930 65.
967 865 1058 929 Hunc
1080 884 1136 931 vos
1158 867 1298 946 beatum3
1394 884 1397 891 ·

293 1024 312 1068 1.
332 1035 404 1081 quarn
419 1015 561 1082 pbiet'crbll
612 1022 634 1068 2,
654 1034 704 1067 aaa
721 1017 822 1082 deniqne
838 1016 982 1082 uoluptatum
1001 1019 1148 1082 cory'ertaE
1201 1024 1298 1071 daero

217 1090 276 1152 (pro
293 1091 348 1151 aar)
368 1086 487 1136 LPMCR

218 1209 311 1265 traria
338 1207 553 1284 significatione
581 1226 676 1281 aequo
704 1207 802 1264 animo
829 1207 958 1266 ferendi.
993 1227 1079 1282 quam
1109 1218 1226 1267 secutus
1254 1223 1299 1267 est

218 1292 460 1353 cinnoente.
507 1292 566 1352 Sed
589 1311 647 1349 non
671 1293 794 1367 putabit.
819 1293 874 1349 nisi
898 1293 949 1367 qui
971 1294 1109 1351 Latinum
1133 1314 1296 1352 sermonem

217 1378 379 1453 aliquando
401 1379 432 1436 in
454 1397 505 1435 ore
528 1378 678 1434 hominum
701 1377 792 1434 fuisse
816 1378 1016 1436 obliviscetur.
1055 1380 1131 1436 Nam
1156 1381 1298 1437 Romanis

219 1482 337 1538 quoque
359 1463 527 1534 accidebat,
556 1472 602 1523 ut.
626 1481 690 1520 cum
715 1464 836 1519 verbum
859 1463 982 1537 aliquod
1003 1466 1120 1539 amplae
1143 1467 1297 1539 potestatis

219 1567 286 1606 cum
309 1549 494 1607 substantivo
513 1549 700 1606 coniunctum
719 1548 756 1604 ad
774 1548 847 1605 duas
864 1558 963 1624 partes
981 1549 1057 1605 trahi
1076 1559 1185 1625 posset,
1208 1551 1298 1607 inter·

218 1634 288 1691 dum
322 1652 381 1692 non
415 1653 503 1691 unam
531 1634 623 1691 solam
653 1644 854 1706 sequerentur.
904 1635 1033 1691 Mentem
1066 1637 1179 1691 salertam
1208 1655 1298 1691 smirna

219 1719 326 1779 Cicero
349 1719 386 1776 de
408 1719 509 1777 Divin.
531 1719 556 1784 I,
582 1719 642 1776 128
665 1728 695 1774 et
719 1720 776 1774 129
801 1719 886 1783 dixit,
910 1738 985 1793 quae
1008 1720 1159 1776 dormiret.
1184 1732 1215 1777 ut
1233 1721 1297 1778 Lir.

218 1806 258 1870 V,
281 1805 339 1875 45,
363 1805 397 1874 3,
424 1805 551 1880 imagine
579 1804 749 1879 perspicua3
778 1812 809 1859 at
836 1804 913 1859 idam
942 1805 972 1860 in
996 1805 1118 1862 Somnio
1142 1806 1222 1881 scip.
1247 1826 1298 1862 ex·

218 1900 314 1947 tremo
347 1909 437 1946 somno
464 1892 578 1947 solutam
605 1908 661 1944 erse
690 1888 779 1957 dixit,
814 1889 864 1962 qui
893 1899 1083 1964 experrectus
1111 1902 1204 1960 esset,
1239 1910 1297 1947 non

220 1974 317 2032 minus
338 1985 418 2051 apte.
462 1976 566 2031 Ponere
588 1975 699 2030 barbam
723 1973 865 2032 Suetonio
894 1984 938 2030 est
960 1976 1104 2049 deponere.
1136 1976 1297 2049 eodemque

221 2060 308 2117 modo
335 2059 470 2117 Persium
499 2069 553 2116 sat.
581 2059 644 2124 111,
672 2060 708 2115 10
738 2059 863 2114 dixisse:
898 2061 995 2116 bicolor
1017 2064 1116 2134 positis
1144 2063 1298 2117 rrrernbmna

219 2147 339 2220 captiba,
374 2144 542 2201 dubitantes
571 2145 618 2200 vel
647 2145 801 2200 verborum
831 2144 903 2199 ordo
931 2145 1089 2201 admonere
1117 2145 1233 2211 debuit;
1268 2155 1298 2201 at

220 2229 346 2288 Ovidius
368 2248 457 2304 saepe
479 2230 649 2302 (Metaml.
663 2230 734 2285 477.
758 2229 852 2303 Epist.
876 2229 931 2286 IV.
953 2231 1002 2289 77,
1026 2231 1064 2285 Α.
1083 2232 1151 2285 Am.
1176 2230 1201 2287 l.
1226 2231 1297 2287 306.

221 2314 278 2381 ΙΙΙ,
291 2314 367 2387 434)
383 2317 495 2389 capillos
514 2334 613 2389 ponere
636 2314 671 2370 de
694 2313 731 2369 iis
754 2314 904 2370 comendis
927 2314 1012 2371 dixit.
1062 2312 1185 2371 Gratiam
1203 2318 1298 2388 chere

220 2402 335 2457 alicuine
362 2402 403 2456 rei
433 2409 463 2456 et
491 2400 576 2456 Livio
605 2400 681 2471 (III,
706 2400 760 2467 56,
786 2401 817 2473 4)
844 2409 874 2455 et
902 2400 1044 2458 Suetonio
1073 2401 1162 2475 (Aug.
1192 2402 1241 2472 17)
1269 2412 1298 2457 et

220 2485 288 2541 aliis
309 2494 355 2542 est
377 2485 535 2553 remittere,
559 2503 617 2541 non
641 2484 769 2560 exigere,
792 2493 825 2539 nt
848 2484 898 2540 fiat
915 2485 1027 2558 aliquid
1045 2496 1096 2541 aut
1113 2474 1299 2554 aestimaturi

220 2570 315 2627 eidem
339 2579 436 2627 tamen
459 2570 546 2626 Livio
567 2570 626 2639 III,
651 2571 701 2638 41,
725 2572 744 2626 4
767 2571 859 2642 (saeta
889 2571 992 2626 Vareno
1014 2572 1122 2627 dicendi
1143 2574 1246 2643 qratia)
1269 2582 1297 2627 et

220 2653 364 2714 Svetonio
376 2656 466 2730 (Aug.
481 2655 533 2727 38)
551 2655 711 2730 siguificat:
734 2655 914 2728 permittere,
938 2665 969 2710 ut
988 2656 1100 2728 aliquid
1122 2655 1183 2714 fiat.
1218 2655 1297 2728 Quo·

220 2740 308 2797 modo
331 2739 391 2800 ille.
414 2740 464 2813 qui
487 2758 580 2813 nuper
602 2739 711 2795 nullam
737 2739 765 2794 in
789 2757 923 2795 sermone
946 2740 1053 2796 Latino
1076 2739 1297 2814 ambiguitatem

220 2843 285 2881 esse
307 2824 411 2895 edixit,
434 2825 600 2898 corruperit
622 2843 672 2880 eos
695 2824 784 2885 locos,
808 2824 836 2879 in
860 2824 967 2896 quibus
985 2823 1089 2882 Cicero
1112 2828 1168 2880 eine
1190 2826 1298 2881 elabitu-

220 2914 290 2967 tione
312 2929 366 2985 pro
389 2928 433 2971 eo,
457 2910 534 2983 quod
558 2912 681 2965 estsine
703 2910 791 2977 dubio,
815 2908 899 2964 dixit.
923 2909 1002 2983 piget
1021 2907 1139 2964 referre.
1174 2907 1297 2986 [anmn

214 2996 310 3068 faeere
332 2994 436 3051 Livius
454 2995 541 3053 vm.
558 2996 584 3051 9.
602 2997 637 3051 12
662 2994 737 3049 dixit
760 2994 795 3049 de
818 2993 864 3064 iis,
888 2993 937 3066 qui
961 2993 1017 3068 ipsi
1040 2992 1185 3067 fugerent.
1208 2995 1297 3051 XXI.

222 3081 255 3141 b,
282 3082 318 3137 16
350 3079 385 3135 da
409 3079 460 3141 iis,
491 3080 541 3153 qui
572 3080 647 3136 alios
669 3079 699 3134 in
723 3077 821 3153 fugam
845 3079 1006 3145 coicerent3
1040 3079 1183 3134 alterutro
1212 3080 1297 3135 modo

221 3163 296 3242 alit]
330 3164 401 3222 cfr..
425 3182 500 3237 quae
525 3164 633 3239 Opusc.
651 3164 745 3220 Acad.
769 3163 799 3219 II
824 3183 851 3237 p.
870 3165 926 3219 187
941 3182 1004 3236 sqq.
1027 3163 1088 3219 dixi
1113 3164 1148 3218 de
1171 3163 1297 3219 forrnula

221 3264 260 3308 cet
281 3253 357 3308 tarta.
404 3250 445 3305 Et
467 3260 553 3306 tamen
576 3268 641 3306 crint
666 3268 711 3305 nee
733 3249 775 3304 ita
797 3248 997 3323 coniungitur.
1029 3259 1062 3303 ut
1086 3249 1196 3305 Balbus
1219 3249 1297 3305 dica·

221 3344 282 3403 tur,
311 3330 367 3392 etsi
389 3335 448 3391 iam
471 3354 523 3409 per
546 3353 576 3390 sa
600 3334 729 3390 dolorem
754 3352 811 3388 non
837 3334 964 3389 molliter
986 3332 1090 3402 ferret,
1115 3353 1200 3407 quem
1225 3333 1296 3390 tolo·

220 3420 341 3476 rabilem
377 3419 523 3494 Epicurus
557 3437 621 3475 esse
655 3419 818 3488 docuisset,
853 3430 971 3475 tamen.
1006 3430 1151 3492 quatenus
1185 3419 1297 3475 auxilio

221 3513 324 3561 contra
356 3523 422 3560 eum
452 3515 566 3579 egeret,
602 3504 693 3577 magis
728 3504 849 3560 medicis
876 3499 983 3560 ustrrns
1011 3504 1117 3569 fuisse,
1152 3504 1202 3577 qui
1231 3523 1296 3560 euin

220 3598 414 3650 removerent,
439 3608 525 3662 quam
549 3587 742 3664 philosophie,
766 3589 816 3662 qui
839 3590 1070 3645 consolarentur.

308 3676 357 3732 65.
380 3675 462 3730 [Itum
477 3695 524 3730 vos
541 3676 660 3742 heuman
677 3677 746 3729 ratio
758 3674 827 3747 cet.)
847 3675 997 3730 Venetiam
1010 3674 1075 3730 Pal.
1094 3676 1119 3741 l,
1133 3673 1220 3747 Spin..
1233 3669 1297 3752 [B]

220 3759 266 3816 El.
280 3761 308 3829 Ι,
325 3779 384 3834 mg.
397 3758 490 3829 Crat,
508 3760 677 3834 recepitque
690 3759 838 3825 Davisius,
852 3758 982 3816 Grutero
995 3759 1145 3814 evadente.
1176 3757 1298 3832 Ellipsis

221 3855 266 3901 eat
291 3844 448 3913 facillima,
483 3863 549 3901 cum
584 3844 731 3900 iudicandi
761 3844 909 3900 notionem
940 3843 1081 3899 orationis
1109 3843 1297 3898 cohaerentia

221 3931 354 3991 subiciat,
378 3939 407 3985 et
424 3931 636 4004 expectabatur
652 3930 682 3985 in
702 3929 851 3985 contrario
869 3930 999 3985 membro
1018 3928 1075 3983 tale
1094 3928 1225 3983 verbum.
1246 3927 1297 3982 sed

221 4015 338 4090 paulum
352 4015 472 4070 deflexit
485 4015 595 4071 oratio:
612 4034 658 4087 epo
673 4034 751 4088 quem
763 4015 823 4069 luae
835 4024 993 4088 anteponam
1005 4023 1060 4069 cet.
1083 4014 1159 4068 Tum
1173 4015 1241 4067 ratio
1254 4023 1297 4068 est

220 4099 308 4156 etiam
327 4101 356 4156 in
376 4096 472 4178 [AB]
492 4100 569 4174 Spin.
587 4100 634 4157 El.
655 4100 682 4155 Ι.
700 4119 757 4173 mg.
779 4098 871 4157 Crat..
890 4099 952 4154 cod.
967 4099 1042 4154 Mor.
1077 4097 1190 4154 Deinde
1213 4100 1297 4170 eopia·

219 4195 258 4252 at,
281 4185 385 4242 divisis
404 4185 511 4251 verbis.
535 4186 646 4260 primus
670 4184 854 4240 scribendum
879 4183 953 4238 vidit
970 4183 1027 4240 Th.
1048 4182 1199 4239 Bentleius
1217 4183 1296 4255 (nam

220 4270 371 4338 edebatur,
395 4269 476 4326 nulla
496 4271 656 4326 sententia:
679 4270 760 4325 Hanc
777 4288 838 4324 uero
861 4269 963 4323 beatum
981 4271 1067 4323 oratio
1084 4269 1190 4340 quidem
1209 4278 1297 4323 vestra

219 4358 258 4412 eie
280 4359 386 4429 capital,
409 4374 456 4427 eqo
474 4358 550 4430 cet),
575 4355 726 4427 secutique
749 4363 816 4410 sunt
839 4352 1027 4420 recentiores,
1051 4352 1108 4409 nisi
1126 4352 1297 4425 quodam,

220 4439 323 4511 Gaius,
347 4440 478 4500 Orelliue
499 4451 528 4496 at
551 4441 721 4497 omiserunt.
755 4440 845 4496 Recte
865 4438 985 4514 ponitur
1006 4437 1037 4494 in
1060 4437 1207 4494 sententia
1229 4456 1298 4495 con·
