3030 5086
432 520 475 566 nr
497 519 578 565 mnu.
601 519 663 566 ma.
685 520 720 567 ιι
743 519 815 568 cur.
837 522 946 570 ao-er.
960 518 1093 584 (ιι-ιι.)
1235 500 1297 570 uot

227 686 255 752 ei
277 688 446 753 secundum
468 694 612 753 naturam
628 705 698 755 esse
715 687 866 768 videatur,
889 687 1062 770 omniaque,
1084 706 1166 770 quae
1187 707 1297 754 secun·

227 894 316 952 tionis
339 895 411 953 nihil
434 896 575 967 babeant,
600 913 653 953 nec
674 895 836 953 laudabilia
858 914 911 953 nec
933 896 1057 954 honesta
1077 895 1222 995 appellari
1244 894 1296 955 ait.

227 980 356 1054 Atqui
347 981 404 1054 ipsi
427 980 520 1040 Stoici
543 982 689 1057 permulta
710 981 810 1057 appeti
833 972 938 1056 (ὁρμῆς
959 971 1088 1057 κινητικὰ
1110 976 1197 1056 εἶναι)
1219 981 1297 1040 dice·

226 1064 312 1135 baut,
341 1084 416 1140 quae
444 1085 497 1123 nec
519 1066 680 1124 laudabilia
707 1085 760 1123 neo
787 1066 910 1123 honesta
938 1076 1049 1137 essent,
1076 1074 1106 1124 et
1133 1065 1252 1124 omnino
1279 1084 1297 1123 a

226 1150 328 1226 primis
345 1152 529 1208 naturalibus
545 1171 660 1209 omnem
678 1152 887 1228 appetitionem
900 1170 1077 1210 commoveri
1069 1151 1165 1227 (48),
1183 1160 1297 1209 veteres

226 1245 324 1294 autem
347 1237 435 1294 etiam
458 1236 536 1294 bona
559 1238 650 1295 multa
666 1246 751 1295 extra
767 1238 905 1294 virtutem
923 1255 987 1295 esse
1006 1238 1158 1314 putabant.
1193 1239 1295 1313 Appe-

225 1321 359 1380 titionem
388 1333 485 1379 autem
514 1341 550 1379 ne
578 1323 644 1399 quis
671 1341 775 1380 novam
804 1323 934 1397 aliquam
956 1331 987 1380 et
1008 1323 1133 1400 virtutis
1148 1322 1295 1399 propriam

226 1407 382 1483 confingat,
407 1409 469 1484 ipse
486 1408 613 1466 affirmat
630 1408 744 1478 Cicero,
767 1426 799 1465 se
816 1426 880 1465 eam
898 1407 1004 1479 dicere,
1027 1427 1114 1483 quam
1132 1407 1190 1464 iam
1208 1426 1296 1484 saepe

224 1494 469 1562 commemorarit,
492 1492 654 1570 profectam
676 1513 694 1550 a
717 1494 811 1569 prima
830 1502 952 1551 naturae
970 1493 1176 1552 conciliatione
1199 1503 1228 1550 et
1249 1493 1296 1561 iis,

226 1596 300 1652 quae
331 1589 398 1635 sunt
426 1580 586 1637 secundum
608 1589 741 1636 naturam
765 1579 839 1652 (48).
884 1579 989 1654 Itaque
1011 1579 1067 1636 hoc
1088 1587 1182 1636 totum
1204 1596 1297 1655 genus

225 1663 372 1737 quodnam
395 1665 442 1731 sit,
466 1664 570 1724 Cicero
593 1665 670 1742 ipse,
693 1664 718 1722 si
740 1664 914 1734 reviviscat,
937 1683 996 1722 non
1019 1665 1105 1724 dicat.
1150 1664 1297 1739 (Virtutes

223 1748 291 1806 illas
313 1768 371 1805 non
395 1750 590 1819 voluntarias,
620 1769 695 1824 quae
718 1751 756 1821 V,
781 1750 819 1806 36
844 1750 1046 1821 nominantur,
1076 1749 1150 1808 nihil
1178 1749 1296 1806 omnino

223 1835 262 1891 ad
284 1834 359 1891 hanc
381 1855 477 1892 rerum
501 1836 678 1893 naturalium
696 1835 910 1893 aestimationis
926 1833 1121 1893 differentiam
1138 1834 1296 1911 pertinere,

224 1928 345 1996 propter
362 1921 545 1996 Thorupium
569 1922 656 1994 dico.)
689 1922 765 1979 Tum
785 1919 889 1979 Cicero
913 1920 1069 1978 manifesto
1091 1921 1129 1978 ab
1151 1920 1197 1991 iis,
1220 1937 1296 1994 quae

224 2006 371 2062 naturalia
398 2006 541 2082 appellari
570 2007 655 2076 dicit,
685 2007 813 2082 seiungit
841 2006 935 2064 altera
961 2006 1027 2078 illa,
1056 2024 1131 2081 quae
1158 2005 1189 2063 in
1217 2004 1295 2063 omui

223 2090 372 2148 animante
406 2092 587 2167 voluptatem
621 2092 762 2160 habeant,
803 2092 833 2147 in
866 2091 985 2150 homine
1018 2091 1108 2149 etiam
1140 2090 1294 2149 rationem.

223 2175 301 2235 Nam
324 2186 391 2252 post
414 2178 488 2234 banc
511 2177 685 2235 divisionem
707 2178 824 2252 (partim
838 2210 878 2220 -
890 2180 1006 2253 partim)
1028 2175 1195 2235 necessario
1216 2195 1296 2252 eape-

223 2266 296 2320 rioro
319 2264 366 2319 illo
389 2271 472 2333 sunt,
503 2281 577 2337 quae
605 2263 635 2319 in
664 2263 761 2337 priore
784 2273 867 2337 parte
895 2262 1050 2321 divisionis
1077 2262 1174 2338 posita
1201 2270 1294 2332 erant,

224 2357 253 2404 et
276 2348 407 2417 honestis,
426 2349 564 2424 pulchris,
588 2349 768 2405 laudabilibus
791 2348 939 2405 contraria
960 2357 1123 2424 ponuntur,
1152 2365 1227 2423 quae
1249 2365 1295 2404 nec

223 2433 332 2490 borteatu
365 2452 412 2490 neo
444 2435 594 2492 laudabilia
621 2433 679 2490 diei
707 2433 848 2492 narravit.
898 2436 943 2492 At
974 2452 1045 2508 quae
1076 2436 1103 2489 in
1135 2433 1296 2490 ominalibus

222 2520 383 2594 uoluptatem
411 2519 520 2586 babent,
554 2538 589 2576 ea
617 2537 687 2575 vero
722 2537 842 2617 prorsus
871 2519 1018 2577 naturalia
1045 2526 1128 2588 sunt,
1162 2517 1294 2593 corporis

223 2604 377 2662 commoda
410 2614 438 2661 ct
466 2616 603 2673 externa3
638 2603 798 2678 eademque
832 2607 858 2660 iu
891 2606 994 2662 bmuiae
1025 2606 1154 2661 rationem
1183 2603 1294 2672 liabenl3

222 2707 289 2747 nam
313 2708 372 2746 oum
394 2692 481 2765 officio
503 2709 538 2747 ea
560 2691 648 2747 homo
670 2692 768 2762 aelipit,
791 2689 906 2747 ratione
929 2698 1014 2747 utens
1036 2691 1111 2764 (ΙΙΙ,
1136 2689 1202 2762 20),
1225 2687 1295 2762 quia

224 2767 253 2831 is
275 2776 339 2838 τοῖς
361 2772 486 2849 λογικοῖς
509 2761 595 2841 ζώοις
622 2775 710 2831 etiam
740 2765 757 2849 ἡ
786 2764 861 2850 ὁρμὴ
890 2763 1025 2850 λογική’
1010 2791 1087 2831 auser
1111 2773 1206 2842 [Stob.
1230 2773 1293 2832 Eoi.

222 2859 291 2918 Eth
315 2879 344 2935 p.
373 2861 458 2933 160),
487 2870 516 2918 et
545 2860 653 2916 haec
644 2878 710 2935 ipsa
738 2859 858 2916 selectio
886 2859 980 2916 virtus
1007 2868 1063 2931 est,
1098 2877 1231 2934 quaeque
1259 2877 1294 2915 ea

222 2945 299 3021 agit,
323 2945 446 3001 honesta
469 2955 498 3003 et
520 2944 680 3002 laudabilia
703 2954 786 3014 sunt,
809 2963 867 3001 non
891 2962 940 3015 ea,
963 2962 1038 3018 quae
1061 2945 1243 3021 voluptatem
1265 2952 1295 3001 et

220 3030 365 3087 rationem
388 3031 506 3102 habent,
530 3031 559 3088 id
582 3040 635 3100 est,
659 3048 724 3087 cum
747 3030 861 3086 ratione
878 3039 1057 3105 appetuntur
1075 3040 1104 3087 et
1121 3030 1293 3106 seliguntur.

222 3115 338 3172 Deinde
357 3127 455 3173 autem
472 3116 624 3193 superiora
642 3115 702 3181 illa,
726 3134 800 3190 quae
818 3115 964 3172 naturalia
982 3116 1178 3191 appellantur,
1200 3133 1294 3190 nuper

221 3201 347 3270 dixerat,
372 3214 485 3259 veteres
508 3211 612 3278 putare
635 3201 709 3258 nibil
731 3201 840 3258 habere
862 3201 1068 3276 appetitionis3
1090 3219 1168 3258 nunc
1185 3207 1293 3271 narrat,

220 3306 256 3343 ea
278 3303 343 3343 cum
367 3287 498 3344 honestis
520 3288 676 3344 coniuncta
698 3287 789 3344 vitam
809 3286 925 3344 beatam
942 3287 1091 3362 perficere.
1125 3285 1293 3355 Declaravi,

220 3390 308 3446 quam
332 3372 390 3428 sint
414 3373 486 3429 haec
503 3373 715 3430 incredibiliter
731 3371 855 3430 confusa
871 3382 901 3429 et
917 3373 1098 3448 perturbata.
1131 3372 1294 3430 Videamus

221 3475 312 3523 nunc,
347 3458 415 3532 quid
445 3458 549 3518 Cicero
578 3458 673 3515 dicere
703 3458 836 3514 debuerit
864 3460 1053 3532 (quamquam
1083 3458 1201 3515 omnino
1234 3475 1292 3515 nou

220 3543 322 3600 debuit
350 3544 401 3600 hae
430 3544 589 3601 divisiones
617 3544 654 3600 ad
682 3553 796 3601 veteres
825 3543 999 3613 transferre3
1033 3562 1134 3601 verum
1168 3562 1204 3600 ea
1230 3543 1293 3600 cius

219 3628 308 3704 culpa
329 3648 386 3685 non
410 3642 469 3699 est,
493 3630 543 3687 sed
567 3629 734 3703 Antiochi),
757 3638 787 3686 et
809 3629 859 3685 ubi
882 3647 964 3686 error
985 3639 1131 3687 nascatur.
1176 3627 1292 3696 Omnia,

220 3733 296 3788 quae
318 3725 385 3771 sunt
408 3717 567 3772 secundum
591 3725 725 3772 naturam
738 3716 826 3789 (quae
843 3715 907 3790 ipse
926 3732 1015 3790 saepe
1031 3714 1179 3772 naturalia
1196 3713 1292 3788 dixit),

219 3799 328 3857 habent
347 3801 580 3858 aestimationem
594 3819 647 3876 pro
665 3819 719 3858 suo
737 3801 866 3874 quidque
883 3801 1021 3876 pondere.
1057 3801 1165 3857 Eorum
1183 3808 1292 3868 tamen,

219 3903 294 3960 quae
317 3895 385 3942 sunt
408 3886 617 3955 aestimabilia,
647 3886 706 3943 alia
734 3896 793 3942 tarn
822 3885 958 3962 exiguam
981 3885 1091 3942 habent
1112 3884 1291 3942 aestimatio-

219 3989 300 4038 nem,
324 3981 355 4027 ut
378 3973 407 4029 in
431 3991 548 4029 censum
573 3990 631 4028 non
654 3971 775 4028 veniunt
797 3989 851 4027 nec
873 3971 1084 4047 appetitionem
1107 3988 1292 4028 commovere

219 4056 389 4128 videantur,
419 4058 478 4115 alia
506 4047 605 4131 ἱκανὴν
634 4047 719 4125 ἀξίαν
747 4057 865 4113 habent.
909 4057 1033 4130 (Eadem
1061 4064 1106 4114 est
1132 4054 1292 4126 distinctio,

219 4160 295 4216 quae
318 4142 381 4211 ΙΙΙ,
406 4146 442 4201 51
469 4142 634 4218 explicatur
656 4153 685 4199 et
707 4160 765 4217 qna
788 4141 927 4210 eflicitur,
952 4151 1063 4199 utnon
1087 4141 1186 4199 omnia
1206 4151 1292 4198 natu·

217 4228 294 4286 ralia
315 4228 375 4285 sint
395 4220 574 4305 προηγμένα
619 4226 726 4285 Priora
748 4226 853 4286 Cicero
881 4227 951 4284 dicit
978 4229 1045 4284 nibil
1071 4229 1168 4284 babere
1188 4228 1291 4326 oppeti-

217 4316 311 4383 tionis,
345 4333 405 4370 rem
434 4331 559 4407 augens3
593 4331 659 4369 nam
689 4313 821 4413 plerique
854 4313 954 4370 omnia
980 4312 1176 4370 aestimabilia
1203 4312 1291 4370 etiam

219 4386 312 4473 ὁρμῆς
333 4386 462 4473 narraturi
485 4398 648 4468 faciebant,
682 4416 756 4473 quos
783 4399 846 4475 ipse
875 4408 992 4456 secutus
1015 4406 1092 4469 uret3
1126 4397 1178 4457 sed
1204 4397 1293 4457 simul

217 4482 433 4557 relinquebant,
457 4502 532 4558 quae
554 4501 608 4541 nee
629 4483 826 4542 aestimabilia
848 4493 945 4543 essent
962 4502 1016 4543 neo
1031 4492 1166 4556 contra3
1172 4483 1232 4544 vid.
1254 4483 1293 4544 ad
