3030 5086
174 575 178 583 Ι
205 484 270 551 200
595 504 640 549 nn
663 501 794 549 arvinus
816 502 888 549 neu.

204 670 308 753 pellit,
341 671 393 753 qui
424 671 596 752 permulcet
622 689 748 737 sensum
775 671 945 752 veluptate
993 670 1103 752 Itaque
1130 669 1292 751 Epicurus

206 791 331 855 semper
347 774 405 837 hec
422 773 531 852 utitur,
549 783 584 838 ut
601 774 714 855 prebet
729 773 921 854 voluptatem
938 778 1053 837 natura
1069 772 1181 854 expeti,
1197 770 1289 854 quud

206 894 244 941 ea
267 875 425 956 voluptas,
456 893 536 956 quae
558 875 590 939 in
613 883 700 939 mutu
723 875 778 952 sit,
807 882 839 939 et
860 891 975 955 parvas
997 874 1038 938 ad
1060 892 1095 939 se
1116 874 1233 939 alliciat
1252 878 1292 939 et

207 976 337 1056 bestias,
366 996 426 1041 nen
450 977 502 1041 illa
524 977 659 1056 stabilis,
686 977 719 1041 in
742 995 804 1058 qua
826 982 945 1040 tanaim
967 976 1050 1040 inest
1070 975 1146 1041 nihil
1168 976 1292 1041 delere.

167 1080 188 1144 5
206 1079 267 1159 Qui
295 1078 389 1160 igitur
418 1079 562 1145 convenit
589 1080 628 1143 ab
650 1078 712 1143 alia
734 1078 896 1160 veluptate
919 1078 1023 1142 dicere
1044 1086 1188 1143 naturam
1210 1094 1292 1158 pru·

205 1180 309 1259 lieisci,
331 1181 363 1245 in
385 1180 448 1245 ulia
470 1200 624 1245 summum
648 1181 760 1245 benum
783 1180 922 1260 pariere?

292 1283 345 1347 XI.
368 1284 420 1348 33.
448 1282 628 1347 Bestiarum
646 1301 721 1346 vere
739 1281 855 1346 nullum
879 1281 1026 1345 iudicium
1047 1288 1133 1363 pute.
1167 1282 1293 1361 Quam·

206 1384 254 1449 vis
277 1385 358 1448 euim
381 1386 577 1464 depravatae
599 1403 660 1448 nen
684 1383 762 1461 sint,
784 1402 904 1464 pravae
926 1392 1029 1447 umen
1051 1400 1122 1448 esse
1143 1390 1292 1463 pessunt.

206 1485 251 1551 Ut
271 1485 415 1550 bacillum
438 1485 523 1549 aliud
546 1493 594 1550 est
616 1483 762 1549 inflexum
791 1493 823 1549 et
844 1485 1038 1549 incurvatum
1061 1485 1101 1550 de
1122 1483 1297 1563 industria,

150 1588 191 1653 10
207 1587 291 1652 aliud
314 1588 360 1651 ita
381 1596 498 1665 natum,
521 1586 565 1651 sie
583 1585 720 1651 ferarum
739 1594 851 1650 viatura
867 1606 929 1651 nun
947 1597 995 1650 est
1011 1586 1066 1651 illa
1082 1586 1209 1667 quidem
1231 1586 1293 1651 de·

278 1813 302 1860 2.
321 1816 401 1856 ututur
420 1808 440 1855 E
468 1807 588 1856 nitrien-L
615 1806 647 1872 [et
665 1822 788 1871 suprascr.
808 1806 855 1874 ΑἿ
911 1811 926 1853 ³
955 1806 1030 1872 [nubas
1048 1822 1094 1871 pro
1111 1805 1221 1871 uoluptas
1238 1804 1295 1873 A'}

209 1885 230 1923 4.
251 1894 297 1925 aaa
315 1876 434 1925 dolereE
471 1882 492 1925 n.
513 1875 570 1939 qaid
588 1892 674 1924 omnes
710 1884 732 1922 tt.
756 1874 818 1941 [auat
837 1874 866 1942 Α]
903 1876 1034 1939 pessintc
1070 1881 1092 1926 a.
1116 1874 1190 1925 Ut·
1206 1882 1293 1923 amn

208 1945 274 1996 Non.
294 1950 360 2009 pis
381 1957 441 2001 (om.
461 1944 490 1994 de
508 1944 636 2007 industria)
676 1943 808 2011 [baccillum
827 1947 859 1994 a*
882 1943 959 2011 Nou]
1000 1950 1036 1995 10,
1056 1944 1148 2008 quidem
1166 1943 1253 1995 erui·

209 2166 263 2224 est,
287 2153 352 2228 ipsa
375 2153 511 2228 voluptas
535 2172 664 2209 raesens.
711 2151 789 2208 Nam
811 2162 899 2207 status
922 2169 1044 2219 nomeu,
1068 2152 1098 2208 in
1121 2169 1180 2227 quo
1202 2152 1297 2226 quies

200 2238 310 2312 ,aliqua
342 2238 543 2313 significatur,
586 2238 632 2294 hie
673 2236 768 2293 atinus
806 2237 990 2293 eotvrmeduvn
1025 2236 1129 2295 Cicero
1164 2236 1293 2294 retinuit

209 2323 398 2398 aequalitatis
420 2324 524 2399 gratia.
569 2323 627 2380 Hie
650 2340 766 2396 quoque
789 2319 907 2378 fuerunt
930 2322 980 2395 qui
1003 2323 1183 2379 aberrarent.

297 2410 393 2483 Itaque
406 2440 442 2451 —
462 2409 558 2479 utitur)
580 2408 657 2475 Bas,
677 2406 784 2463 Gudl
806 2417 896 2480 atquae.
933 2411 1048 2482 Aperta
1065 2418 1110 2464 est
1127 2406 1291 2466 conclusio.

211 2493 316 2551 Nititur
339 2493 473 2568 pervenit
495 2494 583 2549 etiarn
607 2494 636 2550 ia
662 2493 725 2549 Pul.
741 2493 768 2549 Ξ,
815 2492 849 2548 ld
874 2492 994 2548 verbum
1018 2493 1143 2549 alienata
1167 2494 1205 2549 ab
1224 2490 1291 2551 inl.

210 2579 299 2635 habet
321 2578 504 2636 difficultatis
526 2590 554 2634 et
578 2578 759 2634 vehementis
782 2576 870 2633 studii
895 2577 1057 2647 notionem3
1082 2578 1133 2635 eiu.
1155 2578 1212 2644 lv,
1236 2578 1293 2634 67.

296 2684 345 2720 noa
368 2667 415 2719 illa
438 2665 556 2737 stabilis)
576 2663 695 2720 Rectius
708 2662 812 2721 Cicero
831 2663 968 2719 dixisset:
991 2682 1041 2719 aaa
1064 2665 1138 2737 quud
1158 2665 1206 2720 illu
1228 2671 1290 2721 eet.

210 2749 274 2807 Nee
297 2750 374 2805 enixu
398 2749 543 2824 Epicurus
566 2749 621 2805 hoe
643 2748 780 2824 negative
802 2748 994 2821 adiungebat,
1022 2748 1073 2805 sed
1096 2748 1217 2817 Cicero,
1246 2746 1294 2805 its

211 2846 244 2891 nt
266 2834 324 2890 iili:
348 2836 396 2891 doc
418 2837 510 2896 natatu,
533 2836 607 2908 qaod
625 2833 804 2890 eontrarium
825 2851 889 2889 esse
908 2833 1028 2891 debeat:
1051 2854 1101 2890 arua
1125 2836 1181 2901 loe,
1204 2834 1294 2908 qaod.

301 2918 356 2988 Qui
375 2923 457 2993 ἐρίων
478 2920 608 2992 corruerat)
633 2919 682 2977 ste
705 2918 881 2988 Lambinus,
910 2927 939 2974 el
967 2918 1118 2976 inventurn
1146 2918 1296 2977 Davisius

211 3005 252 3061 ait
275 3005 304 3061 in
326 3005 393 3061 Par.
408 3006 441 3074 23
465 3003 678 3064 Oxoaiensiuvn
702 3004 820 3060 silentio
842 3003 916 3060 den
938 3023 1051 3077 parunt,
1075 3005 1150 3064 deU
1168 3004 1294 3061 omnino

212 3108 270 3147 nen
293 3090 399 3147 eoralidi
424 3100 533 3165 potest;
559 3089 651 3148 Gaius
673 3088 783 3145 oblitus
806 3100 848 3145 est
873 3089 955 3145 codd.
974 3089 1128 3164 inspicere.
1162 3089 1295 3147 Videtur

211 3185 291 3232 recte
314 3176 509 3232 elviendalura.
556 3175 657 3247 Longe
686 3174 763 3230 enirn
793 3174 910 3231 diversa
932 3186 1013 3231 sunt:
1041 3177 1110 3249 qaid
1136 3195 1204 3250 opus
1230 3180 1313 3247 estl-
1353 3156 1369 3179 ⁶

212 3271 242 3317 et
264 3279 339 3334 quae
363 3261 414 3317 illu
437 3261 523 3317 modo
547 3260 683 3317 dicuntur
704 3260 746 3329 (id
769 3270 812 3316 est
836 3260 912 3316 fere:
935 3261 974 3315 ud
995 3263 1071 3334 quaid.
1093 3264 1171 3333 cur);
1192 3259 1294 3317 simile

212 3338 288 3403 esset
313 3348 380 3420 qaid
399 3354 506 3421 poterit
529 3365 581 3420 pro
603 3349 652 3419 qai
668 3354 775 3419 potest!
797 3345 875 3418 quod
898 3363 955 3400 nen
979 3345 1094 3402 dieitur.

298 3430 509 3506 cap.x1,33.
540 3433 589 3487 aed
611 3441 709 3487 ›ruttttu
732 3429 796 3501 ertu)
820 3429 1020 3506 Neglegenter
1036 3430 1142 3489 Cicero
1159 3428 1291 3506 scripsit,

212 3515 338 3591 primunr
368 3516 410 3573 aie
438 3516 586 3573 contraria
619 3534 730 3590 poliens
758 3518 857 3570 attalam
885 3517 1053 3590 ‹listapliauuv
1081 3516 1231 3589 (aliorum)
1260 3526 1293 3572 et

212 3611 337 3657 vualterum
361 3622 438 3658 aretam
455 3603 543 3675 (quae
566 3601 631 3675 ipsa
653 3601 745 3675 ligura
763 3600 894 3657 ‹lesendit
911 3601 1109 3676 scripturam).
1133 3610 1165 3658 ut
1183 3600 1292 3659 oblivi-

213 3696 352 3756 sceretur,
376 3687 539 3744 subiectum
559 3706 623 3743 esse
642 3704 698 3742 noa
711 3688 801 3758 serus,
824 3686 1019 3742 seductarum
1036 3691 1173 3760 jerat-am.
1207 3686 1292 3760 Quos

215 3773 349 3828 Bremius
372 3783 399 3828 et
424 3771 517 3829 Gaius
540 3782 712 3847 caniparant
735 3771 829 3835 loeus,
858 3771 931 3826 nihil
961 3772 1069 3829 habent
1097 3773 1153 3830 nisi
1181 3772 1294 3846 repeti·

213 3857 322 3914 tionem
346 3857 475 3913 eiusdem
499 3856 625 3912 nonanis
647 3856 683 3912 de
706 3855 830 3912 diversis
853 3857 955 3923 relius,
980 3876 1054 3931 qnae
1077 3869 1156 3915 reete
1178 3876 1214 3915 ee
1236 3876 1290 3933 ap·

213 3942 376 4017 pellantur,
406 3942 502 4017 posili.
551 3942 679 3997 Deinde.
708 3959 772 3997 curn
798 3942 972 3998 seiunxisset
997 3946 1140 4017 ‹lepirauali
1160 3952 1191 4000 el
1209 3946 1295 4019 previ

214 4028 377 4095 notionem,
407 4027 455 4084 hie
483 4038 595 4086 taurea.
626 4026 723 4083 omnia
751 4027 877 4083 coiciens
906 4028 935 4083 iu
965 4028 1044 4083 illata
1074 4029 1290 4104 oppositionem

214 4113 386 4187 disciplinae
410 4125 437 4167 et
462 4120 598 4181 natureae,
621 4112 771 4186 ‹lepraeata
794 4114 988 4169 ceuunaniter
1011 4115 1122 4188 proserit,
1147 4126 1178 4171 ut
1200 4114 1289 4171 etiam

208 4218 300 4273 preat
317 4199 358 4271 (in
377 4198 505 4253 aecvvnde
525 4196 667 4268 vurevabm)
681 4198 1007 4271 codeprehenderentur.
1043 4198 1078 4254 lit
1098 4214 1218 4274 possunt
1238 4218 1291 4274 per

214 4302 245 4339 se
268 4284 368 4356 aliquo
393 4283 478 4339 inodo
502 4282 613 4338 baestiae
637 4282 693 4338 dici
718 4282 782 4356 ipsa
806 4294 911 4339 natura
933 4284 1126 4358 depravatae,
1157 4285 1213 4341 hoe
1236 4296 1291 4353 est,

214 4388 232 4424 a
255 4369 384 4444 perfecta
408 4367 506 4443 speeie
530 4381 558 4424 et
580 4367 675 4424 forma
699 4370 759 4439 (avia
782 4370 831 4423 cler
856 4370 928 4441 Idea)
951 4369 1075 4425 (istoria.
