3030 5086
253 468 316 533 732
508 555 512 559 ,
643 486 688 530 na
711 484 841 532 uramus
863 484 935 543 aori¹

254 656 328 719 dum
351 665 399 719 est
421 653 516 735 igitur
532 654 581 718 his
598 653 725 735 aliquid,
747 654 821 718 (lum
838 654 939 729 modo,
962 660 1111 733 quantum
1128 652 1335 718 tribuendum

254 757 313 834 sit,
352 755 521 835 intellegas,
576 756 634 820 Est
665 755 746 820 enim
779 754 956 835 philosophi
995 774 1056 818 non
1095 766 1157 818 tam
1190 755 1336 836 gloriosa

254 876 347 939 quam
380 876 456 922 vera
488 859 668 938 quaerenh's
702 875 759 923 nec
791 876 849 938 pro
887 856 981 921 nihilo
1014 864 1127 937 putare
1159 875 1211 936 ea,
1247 874 1334 939 quae

254 962 424 1025 seeundum
442 967 587 1024 naturam
610 960 653 1024 illi
674 959 736 1040 ipsi
757 958 887 1041 gloriosi
902 977 978 1035 esse
994 957 1141 1037 fatentur,
1163 967 1196 1023 et
1212 959 1335 1038 videre,

214 1066 374 1131 btantam
397 1061 459 1125 vim
481 1062 605 1126 virtutis
628 1069 823 1143 tantamque,
851 1071 886 1125 ut
907 1062 952 1125 ita
974 1061 1090 1140 dicam,
1111 1060 1335 1125 auctoritatem

253 1164 426 1228 honestatis
448 1183 521 1242 esse,
548 1171 584 1230 ut
611 1165 730 1244 reliqua
758 1182 820 1227 non
848 1162 901 1227 illa
928 1163 1054 1244 quidem
1077 1161 1175 1241 nulla,
1204 1165 1262 1228 sed
1285 1163 1334 1226 ita

328 1394 344 1434 Ι.
369 1384 438 1449 iqa'tur
463 1392 497 1433 est
522 1384 611 1434 LPCR
654 1383 683 1431 iis
707 1386 728 1433 R
772 1383 871 1448 aliquod
893 1385 913 1432 ll
976 1390 997 1432 Ι,
1023 1384 1069 1432 Est
1095 1393 1172 1433 tamen
1194 1381 1336 1447 philosophi

252 1455 408 1571 amnezugg.
419 1459 470 1571 013.
487 1452 648 1570 {anomali
686 1455 863 1516 affirmantur
882 1453 1014 1503 Ll'CllOr.
1053 1458 1074 1502 6.
1095 1470 1145 1501 esse
1164 1469 1210 1500 orn,
1232 1468 1333 1510 omnes,

252 1712 347 1787 prima
370 1732 446 1787 pars
470 1731 527 1767 non
551 1713 610 1769 ima
632 1712 827 1786 intellegitur;
850 1721 929 1767 reete
953 1723 1055 1768 eontra
1072 1712 1179 1769 dieitur
1191 1715 1337 1786 prr'aerpia

192 1797 380 1873 ponere(
370 1800 535 1871 (aasatellen)
560 1798 648 1873 Legg.
673 1799 697 1865 Ι
723 1797 771 1855 37
795 1798 882 1853 etiam
906 1799 984 1853 initia
1006 1796 1043 1852 ad
1067 1799 1130 1855 Aa.
1153 1798 1194 1867 X,
1222 1797 1270 1860 18,
1297 1798 1334 1865 23

252 1883 368 1939 etiarnsi
386 1893 484 1940 autem
503 1882 544 1939 sic
561 1883 735 1939 diceretur'
724 1902 810 1939 tacere
822 1886 969 1957 prirretpia
991 1900 1048 1937 non
1066 1883 1212 1940 diceretur
1229 1893 1335 1938 tamen

252 1972 338 2025 iacere
356 1972 493 2044 principia
515 1979 642 2036 aetenae,
671 1967 741 2042 quia
763 1968 907 2043 principia
931 1979 1067 2035 naturae,
1098 1969 1128 2025 id
1151 1979 1208 2036 est,
1232 1968 1335 2043 prima

252 2064 374 2110 naturae
403 2054 462 2111 alio
491 2063 571 2110 certo
600 2054 685 2110 modo
716 2053 745 2108 in
773 2053 819 2110 his
845 2053 928 2110 libris
951 2054 1086 2110 dicuntur
1108 2054 1180 2126 (vid.
1203 2071 1267 2109 exe.
1293 2052 1334 2109 ad

252 2141 293 2208 Π,
319 2141 381 2212 33),
405 2140 455 2214 qui
479 2139 558 2195 illam
583 2140 739 2214 imaginem
764 2157 884 2213 prorsus
906 2139 1028 2212 respuit.
1071 2140 1175 2213 ltaque
1197 2147 1337 2213 praestat

255 2226 388 2282 Lambini
412 2225 590 2290 coniectura,
610 2228 726 2298 fecerint
747 2243 801 2299 pro
824 2227 923 2297 operiret
945 2225 1100 2282 scribentis
1123 2224 1243 2281 minima
1267 2243 1335 2281 mu·

251 2311 378 2372 tatione.
403 2314 457 2368 hoc
480 2321 538 2369 est.
567 2309 720 2384 posuerint
743 2320 771 2365 et
795 2328 858 2366 esse
882 2310 1042 2379 voluerint,
1073 2307 1174 2390 [quam
1198 2327 1278 2366 nuuc
1302 2310 1335 2366 in

252 2406 334 2453 textu
358 2391 467 2474 posui}
503 2396 591 2465 (Dav.
616 2397 746 2464 dederint,
769 2395 846 2468 quod
870 2414 934 2451 esse
957 2395 1069 2468 aliquid
1092 2406 1200 2471 posset,
1224 2396 1249 2452 si
1273 2395 1334 2452 hoe

252 2482 354 2539 ordine
378 2483 469 2538 verba
491 2482 588 2555 posita
610 2493 723 2537 essent:
754 2484 809 2555 ipsi
829 2491 943 2537 naturae
959 2483 1097 2556 principia
1119 2483 1254 2547 (dederint5
1280 2480 1335 2537 da·

253 2567 313 2624 tivo
341 2568 433 2641 casu.)
482 2563 529 2646 [L.
553 2567 643 2624 Ianus
667 2562 840 2645 pepp-erint]
886 2567 957 2622 Mox
986 2567 1154 2623 tribuendam
1181 2576 1220 2623 eat
1247 2569 1336 2640 iqitur

252 2651 332 2710 Man.
357 2653 456 2719 tacite,
480 2652 573 2709 Gaius
597 2671 633 2708 ex
657 2652 719 2709 Erl.
744 2663 774 2707 et
797 2651 874 2726 Spir.
899 2649 963 2728 [ll].
1010 2651 1107 2710 Ceteri
1130 2655 1211 2725 igitar
1233 2662 1282 2709 est.

339 2740 394 2795 Est
417 2750 502 2794 tomen
522 2739 689 2813 philosophi)
714 2734 778 2817 [Sic
796 2733 960 2816 edebatur]
989 2738 1086 2793 Tamen
1104 2738 1236 2813 ineptum
1254 2754 1335 2806 esse,

251 2824 328 2880 Dav.
352 2824 440 2892 vidia
463 2842 558 2897 oeque
581 2823 657 2879 euim
682 2824 754 2879 haec
776 2822 838 2879 ullo
862 2823 947 2878 modo
964 2823 1111 2879 contraria
1128 2823 1335 2898 superioribus

251 2919 329 2974 sunt,
353 2911 404 2966 sed
427 2928 462 2965 ea
485 2909 658 2965 confirmant
681 2918 710 2964 et
732 2909 897 2983 explicant,
921 2921 1061 2982 quantum
1086 2909 1144 2965 illis
1167 2910 1255 2965 rebus
1278 2909 1335 2965 tri·

251 2995 398 3051 buendum
432 2995 479 3052 sit.
531 2995 635 3068 Itaque
663 2994 752 3050 scribi
782 2994 860 3050 vult:
895 2995 950 3049 Est
977 2997 1059 3063 emm,
1094 3005 1123 3050 et
1150 3013 1215 3051 eum
1244 3012 1335 3069 prae·

251 3080 336 3137 cedat
359 3080 457 3137 littera
482 3091 499 3148 t,
523 3100 560 3136 ex
584 3101 618 3134 .n.
642 3079 704 3135 fieri
729 3090 844 3154 poterat
867 3089 902 3134 ta.
938 3075 1056 3158 [Itaque
1073 3075 1196 3158 recepi]
1229 3079 1336 3137 Minus

250 3175 319 3240 apte
343 3165 436 3222 Gaius
458 3177 560 3234 arctem3
584 3183 678 3239 neque
702 3165 778 3220 enirn
802 3165 991 3221 adiunctione
1013 3165 1203 3222 continuatur
1224 3165 1334 3222 oratio.

337 3254 378 3306 ilo·
399 3254 453 3325 ipsi
471 3253 583 3323 ploriosi
603 3269 660 3307 ease
675 3249 813 3325 fatentur)
833 3251 919 3323 Quod
942 3250 1005 3307 sine
1029 3251 1089 3306 ulla
1107 3251 1260 3307 varietatis
1277 3269 1334 3308 sn·

252 3337 402 3392 notatione
432 3336 573 3393 hactenus
601 3335 710 3392 editum
735 3347 794 3400 est,
818 3338 994 3409 fatebantur,
1022 3346 1073 3392 aut
1096 3336 1151 3393 hoe
1174 3336 1333 3412 significat,

253 3421 369 3479 Stoicos
388 3421 468 3489 olim,
493 3441 557 3477 cnm
582 3431 688 3489 essent,
712 3422 767 3477 hoe
790 3421 877 3477 fateri
900 3421 1012 3487 solitos,
1035 3438 1113 3478 nune
1135 3422 1232 3478 nullos
1255 3439 1333 3492 esse,

251 3519 302 3563 aut
325 3515 375 3563 eos
398 3526 492 3582 nuper
514 3508 542 3563 in
567 3507 622 3563 hoo
645 3525 779 3563 sermone
802 3506 918 3563 auditos
941 3525 1005 3562 esse
1025 3509 1079 3563 hoo
1096 3506 1233 3576 fatentes,
1256 3525 1333 3581 quo·

251 3611 314 3649 rum
339 3602 434 3649 utrum
460 3594 580 3666 pravius
603 3592 654 3654 sit.
687 3593 794 3649 neseio.
840 3592 965 3650 Secutus
993 3592 1083 3667 igitur
1105 3610 1168 3648 snm
1192 3592 1269 3661 Eri,
1299 3593 1333 3649 in

251 3678 334 3734 euius
362 3678 507 3752 scriptura
535 3697 628 3754 genus
656 3697 751 3734 rerum
781 3697 835 3753 per
862 3696 893 3733 se
922 3678 1076 3735 iudicatur.
1123 3678 1200 3734 Fieri
1230 3688 1332 3734 tamen

251 3773 362 3837 potest,
392 3761 471 3843 [euni
501 3764 672 3839 praesertim
698 3764 722 3819 B
750 3782 814 3820 eum
844 3764 950 3819 ceteris
979 3759 1170 3842 consentiat]
1201 3774 1232 3820 ut
1253 3769 1332 3837 jute-

251 3850 349 3905 bontar
371 3860 466 3905 ortum
490 3850 529 3905 sit
551 3870 587 3907 ex
606 3853 758 3923 fateantur,
781 3867 839 3922 qno
863 3849 944 3905 verbi
970 3850 1055 3905 modo
1078 3849 1134 3906 hoe
1151 3849 1245 3925 magis
1262 3866 1331 3912 eum

251 3935 365 3990 infinita
393 3935 526 3997 oratione
554 3935 710 4009 copulatur
738 3937 797 4007 (ea,
826 3954 896 4008 quoe
923 3937 1013 3990 videat
1039 3937 1112 4009 ipsos
1140 3937 1199 3991 illos
1219 3937 1331 4008 satan).

251 4020 366 4076 Deinde
396 4019 551 4076 admodum
581 4039 700 4086 vereor,
734 4039 770 4079 ne
798 4020 828 4076 in
857 4020 1000 4095 proximis
1029 4019 1127 4076 verbis
1156 4020 1260 4092 (videre
1287 4050 1330 4063 -

250 4106 407 4178 honestatis)
430 4105 575 4162 exciderit
596 4126 668 4174 esse,
692 4105 768 4179 quod
793 4105 821 4161 in
845 4104 901 4161 hoe
924 4105 989 4179 ipso
1012 4104 1087 4161 libro
1110 4106 1156 4163 bis
1177 4106 1207 4162 in
1226 4103 1332 4163 codiee

249 4192 410 4268 archetypo
445 4191 584 4247 omissum
619 4191 710 4247 fuisse
738 4190 865 4246 vidimus
895 4191 944 4262 (ad
972 4195 986 4259 ξ
1011 4191 1072 4262 49).
1121 4192 1221 4267 Longe
1249 4189 1330 4249 enim

250 4276 336 4333 aliter
364 4277 470 4334 dieitur
494 4279 582 4338 video.
613 4278 668 4334 hoe
696 4287 755 4346 est,
784 4276 988 4332 animadverto
1016 4276 1123 4333 alicubi
1147 4287 1249 4333 tantam
1276 4281 1332 4335 uria

249 4367 364 4432 utitatis,
389 4373 417 4419 ut
436 4372 503 4429 eet„
526 4363 627 4419 aliter:
649 4364 724 4418 video
741 4370 769 4418 et
787 4362 936 4437 intellego,
961 4365 1074 4425 virtutis,
1098 4381 1172 4436 quae
1189 4363 1331 4420 universe

250 4447 367 4519 dieitur,
391 4459 493 4505 tantam
516 4469 573 4506 esse
594 4453 654 4511 vim.
678 4459 707 4504 at
730 4456 785 4504 eet.
833 4445 959 4527 [Addidi
982 4465 1059 4504 nune
1081 4444 1162 4527 essa]
