3030 5086
353 493 396 538 nr
419 492 499 539 uun.
522 490 643 537 nram
666 489 738 536 cnr.
761 491 798 541 rr.
813 491 948 555 (aa-aa.)
1121 472 1184 538 «141

112 663 173 730 hoe
199 663 267 728 loeo
295 661 454 742 appellare
480 678 574 741 quam
600 657 759 740 gloriam),
787 658 983 742 Chrysippus
1010 661 1133 742 quidem
1156 670 1188 726 et

114 765 286 847 Diogenes,
309 764 451 828 detracta
472 761 619 839 utilitate,
643 779 682 825 ne
704 760 834 842 digitum
857 762 981 843 quidem
1004 763 1070 829 eius
1092 781 1187 829 aalma

114 866 336 949 porrigendum
353 883 423 930 esse
440 864 593 940 dicebant,
610 863 721 944 quibus
738 880 795 942 ego
809 863 1007 929 vehementer
1022 867 1186 931 assentior.

116 968 177 1049 Qui
198 976 303 1032 autem
325 973 399 1048 post
419 984 473 1030 eos
495 963 629 1044 fuerunt,
651 982 720 1028 cum
738 963 931 1030 Carneadem
953 967 1108 1032 sustinere
1125 985 1186 1032 non

115 1077 259 1152 possent,
281 1067 369 1147 hane,
391 1085 484 1149 quam
508 1065 585 1144 dixi,
609 1065 722 1131 bonam
744 1065 856 1130 famam
878 1068 981 1148 ipsam
1002 1075 1132 1149 propter
1153 1065 1226 1134 seb

115 1169 328 1253 praepositam
356 1176 388 1234 et
414 1168 596 1233 sumendam
624 1186 695 1234 esse
717 1168 875 1248 dixerunt,
903 1188 1034 1252 esseque
1054 1171 1189 1236 hominis

115 1272 242 1354 ingenui
263 1279 296 1336 et
316 1270 487 1336 liberaliter
503 1270 626 1335 edueati
643 1269 721 1334 velle
738 1270 817 1336 bene
834 1271 944 1336 audire
961 1291 981 1336 a
998 1272 1189 1352 parentibus

116 1391 137 1438 a
157 1373 352 1454 propinquis,
375 1372 501 1437 abonis
518 1372 611 1437 etiam
629 1371 715 1449 viris,
737 1373 830 1454 idque
846 1379 978 1453 propter
995 1391 1059 1437 rem
1078 1373 1189 1454 ipsam,

117 1493 179 1539 non
201 1482 332 1555 propter
353 1492 458 1552 usum;
482 1473 658 1554 dicuntque,
680 1483 717 1537 ut
737 1473 841 1538 liberis
860 1475 1035 1539 consultum
1051 1474 1190 1554 velimus

117 1574 238 1642 etiamsi
259 1575 397 1657 postumi
418 1574 513 1639 futuri
537 1574 607 1652 sint,
629 1583 760 1656 propter
781 1574 883 1655 ipsos,
906 1577 952 1641 sie
972 1575 1096 1642 futurae
1118 1585 1192 1658 post
1210 1574 1251 1639 10

118 1687 249 1743 mortem
271 1675 374 1742 famae
396 1682 499 1741 tamen
522 1695 592 1742 esse
610 1685 740 1757 propter
758 1695 834 1755 rem,
855 1678 949 1742 etiam
966 1679 1106 1744 detracto
1123 1696 1191 1758 usu,

118 1779 350 1846 consulendum.
393 1779 444 1843 58.
467 1778 528 1842 Sed
551 1796 634 1856 eum,
662 1778 745 1859 quod
766 1778 932 1844 honestum
955 1780 1009 1858 sit,
1036 1780 1070 1845 id
1091 1779 1191 1845 solum

118 1881 235 1946 bonum
256 1899 327 1945 esse
347 1880 496 1956 dieamus,
518 1885 761 1945 cousentaneum
783 1886 886 1946 tamen
910 1888 959 1946 est
979 1880 1065 1963 fungi
1082 1879 1193 1960 officio,

120 1999 189 2048 oum
207 1983 238 2047 id
256 1980 390 2046 officium
407 1981 506 2045 necin
515 1981 607 2046 bonis
619 1999 770 2062 ponamus
787 2000 844 2047 nee
861 1983 893 2046 in
906 1982 1003 2048 malis.
1035 1983 1095 2048 Est
1110 1983 1192 2047 enim

189 2191 212 2233 9.
231 2184 363 2235 detractate
381 2184 473 2248 pueliam
491 2185 542 2234 utt'l.
561 2184 583 2233 Ε
619 2184 643 2233 in
660 2202 737 2235 cauea
756 2185 777 2234 P
799 2185 823 2233 ia
841 2184 891 2234 eiua
909 2203 986 2235 cansa
1004 2186 1025 2234 L
1060 2185 1084 2234 in
1101 2203 1154 2236 eom
1172 2186 1193 2238 C

120 2269 169 2305 om.
188 2254 241 2302 MR
285 2259 307 2301 5.
323 2269 398 2317 prope
415 2271 441 2302 ae
459 2254 481 2302 l:
499 2253 575 2317 ipsam
591 2261 689 2317 propter
705 2253 781 2318 ἰρεαηι
796 2261 894 2318 propter
910 2270 936 2303 ae
953 2256 981 2304 M
1031 2259 1053 2305 6.
1075 2252 1136 2321 [aeae
1152 2254 1193 2303 lo·

120 2321 196 2376 mabit.
216 2337 256 2371 om
283 2338 335 2384 que,
355 2320 388 2389 Α]
432 2327 453 2371 9.
473 2338 519 2370 non
537 2321 661 2385 dicuntque
676 2331 774 2386 propter
790 2339 902 2386 urumque
920 2323 943 2370 Ε
981 2327 1019 2373 ll.
1037 2339 1085 2373 rent
1103 2338 1152 2374 om.
1172 2322 1194 2372 li

125 2396 162 2443 te.
181 2390 225 2440 aad
242 2390 307 2454 qnod
323 2407 373 2439 enm
392 2390 466 2439 PMR
482 2390 527 2439 aad
543 2390 639 2454 quondo
657 2390 722 2454 quod
739 2390 760 2442 C

120 2564 151 2622 in
174 2562 366 2639 significanda
389 2583 430 2634 re,
454 2564 490 2620 de
512 2581 571 2637 qua
592 2573 710 2638 agetur,
734 2573 766 2620 ut
788 2563 878 2620 semel
901 2573 931 2620 et
952 2563 1058 2620 iterum
1081 2562 1111 2619 in
1134 2563 1195 2638 epi·

121 2649 207 2707 atulis
229 2649 273 2720 (ΙΙ
295 2648 332 2704 ad
356 2650 438 2706 Fam.
468 2650 514 2717 17,
539 2654 556 2706 2
580 2658 610 2704 et
632 2648 695 2714 111,
723 2650 774 2718 12,
800 2650 833 2716 2,
857 2649 888 2705 X
916 2649 953 2704 ad
981 2650 1046 2705 Att.
1072 2650 1124 2716 ll,
1149 2650 1195 2720 8);

121 2732 176 2792 eir.
200 2734 298 2792 Hand.
321 2734 353 2790 II
376 2754 405 2809 p.
425 2734 495 2790 212.
542 2735 587 2790 De
614 2732 679 2807 ipsa
708 2733 910 2790 controversia
937 2733 1011 2789 nihil
1038 2732 1109 2790 alibi
1137 2733 1196 2810 legi

121 2826 203 2895 puto.
248 2818 393 2877 Carneadi
416 2819 538 2876 cessisse
561 2819 721 2892 Antipater
743 2818 860 2875 videtur
882 2829 933 2874 eut
955 2818 1125 2876 Panaetius.

208 2906 265 2960 eiua
286 2922 371 2960 eausa
388 2903 594 2978 porripendum)
618 2903 667 2959 Sic
686 2900 755 2980 [A,]
774 2922 830 2978 mg.
843 2901 935 2978 Crat,
958 2903 1021 2960 eod.
1034 2904 1119 2972 Mor,
1142 2920 1196 2960 nee

123 2988 203 3046 alind
237 2989 383 3063 signifieat
414 2990 451 3052 B,
481 2989 510 3045 in
539 3007 597 3061 quo
627 3006 663 3044 ex
691 2991 724 3046 σᾶ
751 2987 861 3045 fantum
890 2996 936 3045 est
964 2997 1017 3044 mm
1045 2985 1110 3061 (eir.
1135 2989 1196 3061 66).

123 3073 230 3130 Editur
241 3074 283 3130 sie
295 3074 362 3130 inde
374 3092 393 3129 a
404 3074 538 3130 Manutio
550 3076 722 3148 (praeeunte
735 3074 793 3130 iam
805 3073 907 3145 aldo),
921 3070 1052 3130 Grutero
1063 3080 1093 3128 et
1104 3072 1197 3129 Davi·

123 3158 169 3216 sio
186 3159 360 3215 tacentibus.
399 3159 571 3215 Deteriores
588 3159 675 3215 etiarn
694 3159 819 3215 aliorum
837 3158 920 3214 eodd.
938 3157 1092 3227 aberrant3
1115 3157 1196 3215 Oxx.

123 3243 195 3319 Εχψ
217 3253 256 3313 et,
279 3244 303 3300 si
316 3243 393 3301 Gaio
416 3244 527 3311 eredas,
550 3262 651 3300 omnes
668 3244 731 3301 eius
747 3247 774 3300 in
791 3263 875 3300 carcaa
892 3242 954 3315 (sed
973 3261 1011 3298 ex
1028 3242 1089 3298 Erl.
1107 3259 1197 3317 appa·

63 3383 65 3388 .
124 3336 180 3398 ret,
202 3329 273 3402 quid
296 3329 331 3384 de
344 3329 423 3403 Spir.
447 3338 477 3385 et
498 3328 746 3386 fortasseGud.2
765 3328 952 3386 iudicandum
976 3327 1036 3401 eit).
1071 3328 1197 3395 Marsus,

126 3421 160 3470 nt
176 3413 244 3478 MR,
267 3413 321 3469 has
339 3431 425 3471 voees
442 3415 565 3482 omittit3
589 3424 703 3471 veteres
720 3414 784 3471 edd.
802 3413 934 3487 reliquae
950 3412 1059 3469 habent
1081 3416 1108 3470 in
1130 3431 1198 3481 eom,

126 3497 204 3572 qnod
227 3498 400 3573 corrigendo
423 3509 522 3555 natum
547 3507 601 3555 est.
644 3499 776 3574 Digitum
800 3497 951 3573 porrigere
974 3497 1010 3554 de
1032 3497 1147 3555 actione
1171 3505 1200 3553 et

125 3601 217 3658 opere
239 3584 359 3639 minima
381 3584 419 3640 ab
442 3584 514 3658 ipsis
531 3583 640 3641 Stoicis
662 3584 719 3639 diei
742 3584 871 3645 solebam
894 3583 953 3640 rid.
968 3582 1046 3640 Plut.
1061 3582 1096 3638 de
1109 3582 1199 3640 Stoic.

126 3667 261 3743 Repugn.
287 3670 326 3724 26
351 3689 378 3742 p.
405 3671 483 3725 1046
508 3667 546 3736 0,
575 3668 642 3727 adv.
673 3669 763 3726 Staio.
787 3663 806 3725 8
834 3687 862 3744 p.
890 3668 966 3724 1061
993 3669 1025 3724 F.
1076 3666 1201 3740 Aliquot

127 3753 261 3810 versibus
284 3763 352 3827 post
373 3754 402 3809 in
427 3754 525 3810 verbis
541 3755 656 3827 futurae
674 3765 737 3829 poet
759 3763 867 3810 mortem
883 3756 979 3825 samoe
1000 3762 1087 3808 tamen
1110 3751 1199 3825 parti·

127 3837 195 3894 cula
211 3847 297 3894 tamen
309 3839 408 3910 (video
426 3839 502 3895 enim
521 3839 625 3912 errari)
643 3839 680 3894 ed
700 3839 728 3894 id
746 3839 842 3913 ipsum
859 3839 995 3906 refertur,
1018 3837 1096 3911 quod
1113 3835 1201 3892 huius

126 3921 223 3980 famae
246 3923 344 3980 nullus
366 3924 403 3980 ad
426 3942 480 3981 nos
502 3924 615 3980 fruetus
639 3923 799 3998 perveniat.
843 3924 934 3982 Recte
957 3921 1103 3979 Bremius.

215 4009 264 4065 58.
286 4010 370 4082 funpi
391 4012 494 4083 officio,
517 4027 576 4065 eum
599 4011 629 4065 id
650 4011 766 4082 officium
788 4011 884 4066 necin
906 4007 980 4064 bonis
997 4024 1133 4082 ponamus
1154 4022 1200 4061 nee

127 4096 156 4149 ia
171 4094 265 4167 malta)
276 4089 320 4172 [id
338 4103 391 4161 est,
410 4113 586 4168 quamquam
603 4127 638 4136 —
653 4089 814 4172 ponimus]
837 4092 985 4161 Officium,
1004 4079 1039 4146 τὸ
1057 4085 1200 4162 καθῆκον,

128 4178 221 4237 Stoici
244 4179 287 4235 sio
309 4179 452 4236 deliniunt
468 4189 498 4236 et
513 4179 692 4249 describunt,
715 4188 748 4235 nt
770 4179 895 4253 primum
918 4176 971 4247 rei,
994 4193 1080 4249 quam
1103 4173 1201 4231 faeere

128 4263 296 4331 debeamus,
310 4273 349 4320 ‘et
371 4264 458 4321 huius
475 4265 567 4339 ipsius
585 4264 742 4322 debitionis
759 4264 918 4329 notionem,
942 4279 1029 4335 qnam
1047 4277 1100 4317 noe
1117 4276 1201 4334 prae·

128 4348 214 4424 cipue
237 4359 384 4419 tenemus,
413 4370 431 4407 a
459 4369 491 4406 re
518 4349 598 4407 faeta
625 4368 682 4407 non
705 4349 860 4406 admodum
884 4347 1075 4423 distingvant.
1120 4344 1202 4401 Defl-

128 4433 215 4490 niunt
236 4433 327 4510 igitur
349 4434 478 4493 officium
500 4425 536 4491 τὸ
559 4419 730 4491 ἀκόλουθον
753 4427 783 4491 e'r
803 4431 840 4508 τῇ
863 4428 936 4507 ζωῇ,
959 4419 975 4488 ὅ
997 4418 1134 4507 πραχθὲν
1156 4415 1202 4485 eui·
