3030 5086
221 446 284 513 208
609 466 654 511 ne
677 466 807 513 armeus
830 467 901 513 aaa.

305 635 356 699 36.
390 634 469 697 Nam
493 634 578 714 qnod
599 634 656 713 ait,
685 634 828 699 sensibus
850 634 927 715 ipsis
949 634 1080 700 iudicari
1102 635 1299 718 voluptatem

220 841 394 915 voluptatis,
423 860 480 897 non
509 841 647 917 ambigua
669 841 721 897 illa
743 842 894 898 utendum.
942 842 999 897 Sed
1028 842 1133 901 Cicero
1162 842 1299 917 protasia

219 926 340 983 retinuit
363 945 398 981 ex
423 938 490 982 ante
513 927 647 983 instituta
668 926 846 982 dilemrnatis
868 925 974 995 fornia,
996 927 1139 1003 epodosin
1163 928 1201 985 ad
1220 927 1299 985 banc

218 1030 324 1068 novam
353 1011 594 1068 accommodavit.
640 1012 743 1086 ltaque
772 1011 875 1068 incidit
905 1012 932 1067 in
962 1012 1163 1069 inanissimam
1197 1024 1298 1069 tauto·

219 1095 341 1172 logiam:
364 1099 390 1152 ai
409 1116 466 1152 cam
489 1097 531 1167 (in
555 1096 650 1171 prima
672 1096 923 1153 commendatione
947 1098 1128 1172 voluptatem
1148 1097 1300 1169 dixisset),

219 1202 300 1256 quum
324 1182 512 1255 Hieronymus,
529 1185 641 1255 secr'saet
663 1182 704 1251 (id
728 1192 786 1237 est.
810 1181 908 1238 facere
931 1182 1060 1255 debuit),
1084 1193 1112 1238 ut
1136 1185 1301 1259 uoluptatem

218 1270 292 1324 illurn
315 1270 340 1322 in
361 1273 453 1341 primu
475 1270 697 1323 commendatione
715 1278 833 1341 poneret.
868 1268 988 1323 Fecisset
1010 1279 1053 1325 est
1078 1286 1115 1323 ex
1132 1286 1167 1325 ao
1186 1286 1300 1344 genere

219 1352 472 1408 coniunctivorum
491 1351 667 1426 (imperfecti
687 1364 713 1407 ct
739 1351 1040 1426 plusquamperfeeti),
1064 1353 1114 1426 qui
1137 1370 1203 1410 curn
1226 1370 1301 1410 con·

219 1438 348 1499 dicione,
377 1438 439 1493 aive
462 1456 497 1492 ea
520 1437 618 1492 verbis
642 1457 782 1511 expressa
805 1439 933 1493 estsine
957 1437 1152 1512 intellegitur,
1181 1457 1301 1513 ponun-

218 1536 266 1581 tur
288 1523 324 1578 ad
348 1523 569 1597 significandum
595 1542 650 1578 non
676 1523 720 1578 id.
744 1523 822 1596 quod
845 1523 928 1578 lieret
949 1521 1213 1589 factumve-esset,
1243 1522 1301 1579 sed

219 1609 296 1683 qnod
320 1609 381 1663 fiori
405 1608 549 1664 debuerit.
584 1608 692 1681 Artigit
717 1627 776 1663 rem
801 1608 1034 1682 agrammaticis
1050 1606 1113 1665 iere
1131 1608 1300 1684 neglectam

219 1693 374 1768 Zurrrptius
397 1698 411 1761 ς
432 1694 492 1748 521
517 1702 575 1749 not.
605 1691 675 1769 [ego
698 1694 751 1749 Gr.
776 1694 808 1750 L.
833 1695 892 1749 351
918 1694 936 1748 b
966 1702 1027 1750 not.
1053 1691 1096 1770 4].
1147 1692 1301 1768 Exempla

219 1783 317 1849 (nemo
346 1778 422 1834 enirn
453 1778 548 1833 adbuc
576 1779 632 1834 nisi
661 1798 749 1834 nnnrn
779 1788 808 1834 et
836 1779 960 1834 alterum
985 1778 1094 1853 posuit)
1122 1788 1191 1835 sunt
1218 1776 1302 1835 infra

220 1864 274 1925 lv.
300 1865 337 1920 57
363 1865 558 1933 (detruncaret),
582 1863 610 1919 in
631 1865 715 1919 Vorr.
730 1865 753 1931 Ι,
771 1865 827 1920 107
852 1864 985 1937 (imitatus
1007 1867 1100 1936 esses),
1124 1864 1165 1932 ΙΙ,
1180 1864 1218 1921 57
1231 1864 1301 1936 (ηοη

218 1951 493 2020 unitriuduerti'aaeti),
526 1950 562 2014 V,
590 1950 648 2005 168
671 1951 851 2020 (tisseroassen
879 1951 1035 2019 liorninem),
1066 1968 1120 2024 pro
1148 1948 1225 2007 Sest-
1256 1948 1300 2006 45

219 2036 382 2106 (restitisses,
405 2053 591 2107 repupnussca,
617 2066 654 2076 --
678 2037 834 2108 murationes)
858 2045 886 2090 et
905 2036 943 2089 54
962 2037 1217 2107 (cornmouercntur),
1241 2052 1301 2109 pro

221 2119 304 2175 Sulla
327 2120 365 2173 25
397 2121 426 2188 (u
459 2120 594 2191 'lbrquoto
622 2128 708 2175 uirnen
736 2122 885 2191 ederetur),
914 2119 992 2175 Phil.
1016 2119 1064 2185 Il,
1089 2120 1127 2175 86
1152 2121 1300 2194 (peteres),

220 2202 307 2261 (istic.
332 2204 447 2261 111.88
470 2204 575 2277 (potine
597 2206 716 2275 diceret).
740 2205 803 2262 Liv.
824 2205 921 2267 XLV,
941 2205 1022 2272 37,4
1046 2206 1109 2277 (non
1132 2205 1301 2279 triumphum

219 2291 346 2363 impedire
368 2289 465 2345 debiat.
480 2290 581 2344 —sed
598 2299 706 2363 postero
728 2291 818 2345 die-
841 2310 931 2346 nonren
954 2291 1071 2363 deferret
1092 2298 1158 2359 eet,
1181 2286 1301 2366 [Plaut.

220 2375 302 2430 Pers.
324 2375 377 2433 IV.
398 2376 425 2438 6,
441 2374 480 2429 28
503 2374 577 2443 (eros
600 2378 652 2429 ires
673 2375 783 2447 potiris),
807 2374 915 2430 Pseud.
940 2376 963 2436 Ι,
989 2375 1016 2444 3,
1041 2375 1080 2431 52
1104 2392 1179 2448 sqq,
1202 2374 1297 2432 True.

219 2460 273 2527 lv,
299 2460 331 2517 2.
356 2456 421 2534 30,]
444 2459 564 2516 Terent.
589 2460 683 2515 Andr.
707 2459 760 2515 It’.
785 2462 817 2515 4.
842 2460 881 2515 54
902 2462 1113 2534 (praedicares),
1137 2460 1247 2517 Heaut.
1271 2459 1299 2529 Ι,

219 2547 251 2613 2,
278 2547 316 2600 28
340 2544 504 2618 (poteretur)
533 2554 562 2599 et
584 2544 646 2612 ΙΙΙ,
672 2546 704 2600 2.
729 2546 784 2612 22,
814 2546 922 2619 lleeyr.
946 2545 994 2611 ΙΙ,
1023 2549 1053 2611 l,
1078 2544 1118 2601 33
1148 2546 1297 2617 (carrarca),

218 2630 337 2687 Phorm.
361 2629 402 2696 ll,
430 2632 454 2687 1.
479 2630 517 2684 07
543 2639 570 2684 et
594 2630 651 2685 ΙΙΙ.
680 2634 704 2692 l,
724 2632 753 2696 4,
777 2627 904 2706 [Vergil.
928 2633 1006 2687 Aen.
1032 2631 1085 2700 lV,
1110 2631 1182 2699 678,
1206 2629 1298 2695 VIII,

219 2717 295 2779 643,
324 2715 372 2770 ubi
402 2733 492 2788 prave
521 2727 660 2770 enarrant
687 2717 778 2783 redes,
807 2717 913 2783 naides,
942 2716 987 2773 X.
1013 2716 1089 2782 854,
1117 2715 1182 2784 ΙΙΙ,
1208 2712 1297 2793 162],

218 2802 353 2873 l'ropert.
372 2801 416 2856 IV
429 2801 492 2871 (V),
512 2800 540 2867 7,
561 2800 599 2855 20
624 2810 653 2855 et
677 2800 715 2856 30
739 2802 780 2869 (ut
796 2802 940 2873 i'ussissea).
964 2799 1067 2878 [ovid.
1082 2800 1175 2876 Epist.
1187 2800 1229 2867 X,
1245 2801 1297 2869 77,

218 2886 291 2949 Xll,
320 2888 366 2942 15.
390 2887 458 2942 Ani.
483 2885 524 2952 ΙΙ,
553 2887 599 2952 16,
628 2887 673 2948 17,
698 2886 755 2954 lll,
783 2887 829 2954 10,
854 2887 893 2941 42
918 2888 1049 2960 (minaret
1066 2904 1082 2942 e
1100 2882 1298 2963 l'uteaneo).]

217 2970 350 3028 linnvus
373 2982 417 3027 est
442 2969 559 3035 modurn
583 2970 682 3043 itaque
705 2971 734 3027 in
758 2971 892 3046 negando
915 2971 1023 3027 dicitur
1045 2990 1091 3031 ne,
1113 2979 1146 3026 ut
1167 2970 1205 3027 ad
1229 2972 1298 3027 Au.

218 3056 264 3123 ll,
291 3059 321 3123 l,
347 3056 364 3111 3
393 3058 454 3130 (ortt
482 3075 513 3111 ne
533 3057 730 3130 poposcisse-r),
758 3056 787 3111 in
811 3057 897 3113 Verr.
921 3056 985 3122 ΙΙΙ,
1013 3056 1070 3112 195
1094 3056 1140 3131 (nc¹
1161 3054 1297 3133 cotiraco).

217 3139 329 3218 [l'laut.
353 3141 461 3198 Pseud.
487 3141 511 3197 Ι.
536 3142 563 3197 5.
589 3142 638 3196 22.
672 3141 761 3215 Apud
785 3141 861 3195 bnne
884 3141 967 3196 Tria.
993 3142 1016 3204 Ι,
1041 3142 1068 3199 2.
1088 3141 1126 3196 06
1150 3160 1200 3196 non
1223 3141 1297 3197 reti-

217 3237 302 3282 netur
325 3245 362 3282 ox
385 3246 434 3281 non
458 3222 623 3302 repercuti}
668 3227 726 3283 Sed
750 3235 840 3281 restat
858 3225 897 3281 id.
921 3227 951 3281 in
974 3244 1031 3299 quo
1054 3244 1113 3281 uno
1135 3225 1296 3283 haeserunt

217 3312 360 3378 editores,
383 3330 448 3367 cuni
471 3311 513 3366 sic
536 3312 727 3366 scriberetur:
752 3321 779 3366 nt
801 3313 961 3384 uoluptatun
983 3313 1057 3367 illum
1079 3312 1215 3385 Aristippi
1236 3321 1295 3369 cet.

218 3399 362 3470 Apertum
387 3405 430 3451 est
454 3396 541 3465 enim,
565 3414 623 3451 non
647 3396 675 3451 id
696 3395 844 3469 postulare
863 3394 1045 3464 Ciceronem,
1069 3405 1099 3451 ut
1118 3394 1296 3471 Hieronymi

216 3481 362 3536 sententia
385 3499 449 3537 cunr
461 3481 609 3555 Aristippi
628 3481 776 3536 contraria
792 3481 995 3556 coniungatur.
1019 3480 1070 3537 sed
1088 3490 1118 3537 ut
1137 3480 1167 3537 in
1186 3481 1297 3539 Hiero·

217 3566 295 3641 nymi
320 3576 474 3640 perstetur.
519 3566 624 3639 Itaque
648 3586 663 3621 e
686 3566 750 3621 cod.
775 3566 849 3622 Etr
874 3564 980 3637 (fuitne
1003 3566 1101 3640 potius
1118 3562 1167 3643 1?)
1200 3565 1297 3623 Davi·

216 3653 277 3707 sius
310 3662 339 3707 et
368 3651 560 3707 recentiores.
594 3661 718 3726 excepto
747 3651 918 3719 Schuetzi0,
953 3652 1099 3707 scribunt:
1133 3654 1297 3725 voluptatem

216 3740 303 3804 illum,
333 3757 383 3791 non
408 3739 555 3810 Aristippi.
584 3747 638 3792 cot.
684 3736 757 3792 Mihi
787 3736 879 3792 multo
909 3737 1091 3810 probabilius
1114 3736 1209 3792 visum
1239 3748 1296 3805 est,

216 3825 351 3897 Aristippi
372 3822 603 3877 additamentum
634 3840 698 3877 esse
726 3821 838 3877 librarii
862 3823 934 3876 illurn
958 3821 1068 3877 infelici
1092 3831 1201 3879 conatu
1222 3821 1297 3879 deii·

216 3908 332 3963 nientis.
381 3907 523 3962 Viderunt
553 3906 628 3962 idem
659 3908 763 3963 biars..
795 3906 877 3964 Urs..
907 3905 1090 3964 Schuetzins.
1134 3906 1213 3964 Illud
1241 3907 1295 3964 ad·

216 3992 358 4049 dendurn.
382 4012 418 4048 ne
441 3992 551 4049 frustra
575 3992 724 4048 laboretur
747 4002 774 4047 ct
798 3990 884 4065 plura
907 3992 1076 4058 turbentur,
1099 3991 1292 4068 tautologiam

216 4077 296 4132 illum
320 4077 394 4133 adeo
417 4096 481 4133 esse
504 4077 622 4133 insitam
646 4077 675 4132 in
698 4077 744 4133 his
762 4076 875 4133 verbis:
898 4080 940 4132 sin
958 4096 1016 4133 earn
1039 4076 1131 4151 (dixit
1149 4077 1178 4133 in
1197 4077 1294 4151 prima

216 4160 498 4237 commendatione),
529 4181 611 4234 quma
634 4163 813 4235 Hieronymus
836 4172 881 4217 ct:
911 4166 937 4217 in
956 4165 1048 4236 prium
1070 4164 1294 4219 continendatione

212 4257 335 4320 poneret,
365 4255 395 4302 ut
425 4246 506 4302 nulla
535 4265 598 4302 eain
623 4247 800 4320 reliquorum
825 4247 982 4303 verborum
1007 4247 1131 4305 mutatio
1153 4248 1291 4323 attingat.
1391 4278 1396 4287 .

303 4332 350 4387 36.
387 4331 458 4387 Num
481 4335 555 4406 qnod
576 4335 627 4403 uit)
651 4333 767 4388 Novum
792 4333 871 4407 capit
894 4332 1024 4400 initiunt,
1049 4351 1186 4389 sensuum
1209 4332 1291 4390 testi-

217 4416 356 4485 monium,
380 4437 437 4492 quo
461 4418 607 4492 Epicurus
630 4418 767 4474 utebatur
789 4419 827 4492 (l,
853 4418 917 4489 30),
941 4417 1074 4474 reiciens.
