3030 5086
424 483 468 528 nr
490 482 571 529 uae.
594 483 657 530 nra.
680 484 716 529 111
738 483 810 531 cnr.
834 485 941 531 tl-ta.
955 483 1086 546 (ar-ro.)
1228 464 1292 530 409

217 651 416 718 timiditatem
443 657 476 716 et
502 650 684 716 iniustitiam
711 659 744 717 et
769 650 1040 733 intemperantiam
1067 669 1136 716 oum
1163 649 1294 718 diaimm

217 772 287 821 esse
308 751 456 834 brgienda
477 763 608 834 propter
629 772 684 819 eas
706 772 766 833 res,
789 772 869 835 quae
891 772 928 818 ex
949 752 1028 834 ipsis
1049 752 1207 832 eveniant,
1231 769 1293 816 non

218 856 261 921 ita
283 854 427 934 dieimuS,
449 861 485 918 ut
506 873 576 918 cum
597 854 664 934 illo,
687 856 769 935 quod
792 855 929 937 positum
951 861 1013 934 est,
1041 854 1142 920 solum
1169 853 1200 918 id
1224 871 1295 919 esse

218 957 347 1036 malum,
381 956 466 1036 quod
498 962 591 1037 turpe
623 956 679 1036 sit,
717 957 794 1022 baec
825 973 969 1038 pugnare
1001 957 1144 1022 videatur
1176 955 1294 1034 oratio,

217 1064 389 1141 propterea
410 1059 494 1138 quod
510 1075 548 1122 ea
565 1077 627 1122 non
644 1058 687 1123 ad
703 1058 845 1140 eorporis
860 1058 1090 1123 incommodum
1107 1056 1293 1137 referamur,
1311 1058 1332 1124 5

218 1163 275 1226 sed
296 1160 337 1224 ad
360 1166 469 1240 turpes
491 1160 637 1236 actiones,
662 1177 743 1240 quae
764 1160 907 1224 oriuntur
929 1177 947 1224 e
969 1159 1059 1224 vitiis.
1105 1162 1191 1240 Quas
1214 1159 1295 1224 enim

218 1257 322 1327 κακίας
345 1260 457 1326 Graeci
480 1261 649 1343 appellant,
672 1260 749 1325 vitia
764 1261 845 1325 malo
863 1279 956 1342 quam
972 1260 1108 1326 malitias
1125 1261 1295 1325 nominare

305 1360 373 1425 ΧΠ
395 1362 446 1426 40.
470 1363 518 1427 Ne
539 1369 584 1442 tu,
605 1363 746 1444 inquam,
769 1361 861 1441 Cato,
882 1362 986 1427 verbis
1007 1362 1178 1427 illustribus
1200 1368 1232 1427 et
1253 1362 1295 1441 id,

219 1464 303 1544 quod
325 1462 382 1541 vis,
405 1463 650 1528 declarantibus!
683 1465 795 1544 Itaque
816 1462 890 1528 inibi
912 1462 1029 1531 rideris
1051 1464 1162 1528 Latine
1183 1465 1296 1528 docere

190 1617 197 1626 .
218 1564 447 1647 philosophiam
466 1572 499 1630 et
515 1565 543 1630 ei
560 1566 650 1646 quasi
668 1565 824 1630 civitatem
841 1565 932 1644 dare;
954 1583 1036 1645 quae
1052 1551 1176 1645 quidem
1192 1563 1295 1629 adbuc
1314 1567 1355 1634 10

295 1792 313 1834 l.
331 1785 481 1834 temeritatem
496 1786 552 1851 (pro
570 1785 728 1848 timiditatem)
743 1799 837 1844 omnes,
855 1783 898 1835 Or.
936 1789 958 1833 2.
968 1783 1144 1849 sapiendamli
1153 1782 1297 1849 supr'eadam

219 1853 296 1903 ceteri
337 1852 489 1918 proveniant,
512 1868 576 1903 corr.
599 1854 752 1903 evenrme
805 1857 828 1903 8.
852 1851 907 1913 ilio,
930 1868 976 1916 quo
994 1852 1061 1901 EOr.
1116 1859 1138 1902 t.
1162 1850 1297 1902 videturb
1347 1905 1350 1910 ,

220 1926 245 1972 5.
263 1921 437 1971 commodumE
475 1926 496 1971 7.
518 1920 610 1988 [cocina
620 1923 655 1989 A]
686 1920 778 1972 Graeci
789 1940 845 1975 κακ.
856 1920 1020 1973 LPMcltot.
1057 1920 1298 1972 summarias

306 2127 455 2185 Stultitiom
476 2137 565 2185 autem
586 2139 611 2186 et
633 2128 813 2204 timiditatem)
837 2128 886 2187 Sic
911 2127 1054 2199 Bromius,
1078 2126 1229 2204 Guyetum
1251 2146 1297 2185 se·

220 2230 327 2287 quens,
356 2231 425 2269 rere
454 2223 484 2270 et
506 2213 671 2271 necessario
694 2213 813 2289 scripsit
834 2232 887 2289 pro
911 2231 960 2282 eo,
989 2213 1067 2287 quod
1095 2213 1125 2269 in
1148 2212 1297 2289 codicibus

220 2304 279 2355 est:
297 2307 323 2355 et
338 2302 517 2356 teneritatem.
553 2299 700 2374 Apertum
718 2309 763 2355 est
779 2299 856 2355 enirn
875 2298 1040 2355 enumerari
1057 2306 1197 2372 quattuor
1214 2297 1297 2369 vitia,

220 2400 296 2457 qnae
325 2391 464 2457 quattuor
491 2383 594 2459 primis
617 2383 776 2441 virtutibus
799 2383 947 2441 contraria
969 2383 1043 2452 sint;
1072 2383 1171 2457 itaque
1199 2382 1296 2457 requi·

220 2468 312 2538 ritur,
336 2486 411 2541 quae
434 2466 600 2526 fortitudini
622 2468 771 2526 contraria
793 2477 847 2538 est,
871 2459 964 2524 δειλία
986 2467 1075 2542 (rid,
1097 2468 1123 2524 si
1146 2468 1221 2524 tanti
1243 2476 1298 2538 est,

222 2551 304 2612 Stob.
328 2553 390 2610 Ecl.
416 2553 483 2609 Etb.
507 2573 534 2628 p.
557 2553 630 2624 104,
661 2554 749 2630 Diog.
773 2553 871 2610 Laert.
896 2551 975 2622 VII,
1003 2553 1089 2626 100);
1117 2570 1152 2609 ea
1179 2552 1299 2628 ignavia

220 2637 387 2714 appellatur
409 2639 446 2709 (I,
460 2639 512 2710 50)
534 2638 597 2695 sive
620 2638 762 2696 timiditas
779 2640 846 2711 (IV,
866 2637 928 2711 53),
951 2655 1038 2712 saepe
1062 2636 1150 2695 etiarn
1173 2649 1298 2712 utroque

220 2722 339 2780 nomine
362 2723 399 2797 (1,
422 2724 485 2797 49).
531 2724 698 2781 Temeritas
721 2724 823 2781 eadem
846 2731 900 2793 est,
927 2738 1003 2796 quae
1026 2722 1152 2780 stultitia
1174 2724 1211 2795 (I,
1236 2723 1297 2796 50).

221 2808 299 2866 Nam
317 2808 395 2881 quod
408 2806 502 2867 Gaius
518 2807 685 2867 fortitudini
703 2810 760 2867 duo
778 2808 851 2866 vitia
868 2808 1015 2864 contraria
1032 2826 1097 2865 esse
1108 2808 1181 2877 vult,
1198 2827 1298 2878 unum,

221 2892 301 2969 quod
324 2892 441 2950 defectu
463 2902 574 2969 peccet,
597 2893 760 2969 ignaviam,
783 2895 923 2960 alterum,
946 2893 1025 2967 quod
1047 2910 1185 2962 excessu,
1208 2901 1299 2950 terne·

221 2978 349 3047 ritatem,
372 2979 498 3054 primum
517 2997 552 3035 ea
568 2978 691 3036 audacia
714 2989 768 3047 est,
791 2997 849 3035 non
868 2977 1027 3047 temeritas,
1047 2978 1105 3056 'etsi
1122 2978 1195 3035 haec
1211 2996 1300 3053 saepe

221 3062 363 3121 audaciae
385 3081 483 3120 comes
506 3073 560 3133 est,
584 3064 688 3121 deinde
711 3065 767 3122 hoc
790 3074 882 3121 totum
901 3063 938 3119 ad
956 3063 1072 3122 Stoicos
1090 3063 1209 3121 omnino
1226 3063 1300 3120 nibil

222 3148 350 3225 pertinet
373 3157 402 3204 et
424 3149 462 3206 ad
484 3149 559 3205 banc
582 3149 826 3226 quadripertitam
845 3148 909 3206 vitii
927 3148 1109 3206 divisionem.
1150 3148 1300 3208 Stultitiae

222 3252 328 3291 nomen
358 3233 479 3290 librario
512 3253 570 3291 non
605 3236 769 3293 attendenti
796 3236 921 3292 alterum
949 3235 1045 3291 simile
1073 3235 1128 3291 sub
1155 3235 1300 3291 calamum

222 3317 356 3376 subiecit.
402 3319 537 3390 (Beierus
559 3321 596 3376 ad
619 3320 704 3379 Off.1
717 3341 744 3395 p.
758 3321 829 3389 335,
854 3329 972 3376 verast
995 3329 1097 3394 aperta
1119 3319 1301 3377 correctione

223 3422 281 3462 non
304 3413 474 3474 contentus,
506 3415 615 3462 temere
639 3406 723 3481 plura
746 3408 860 3478 mutat.)
905 3405 1048 3478 Fuqienda
1067 3405 1209 3474 Manutii,
1239 3415 1302 3461 tum

224 3487 372 3549 Gruterus
405 3491 494 3546 tacite
528 3499 557 3546 et
586 3492 779 3560 recentiorem
814 3491 911 3546 firmat
940 3486 1083 3570 Spir,[?];
1117 3509 1183 3546 nam
1212 3489 1303 3546 ceteri

224 3572 332 3634 Gziani
355 3584 384 3631 et
407 3574 486 3632 Oxx.
511 3571 565 3655 [B]
581 3578 757 3649 sapientam
786 3575 929 3650 pluralem
953 3575 1098 3651 postulat,
1121 3575 1199 3649 quod
1222 3574 1302 3631 subi·

224 3661 309 3730 citur,
331 3679 365 3715 ea
387 3663 463 3734 ipsis.

308 3763 368 3801 cuna
389 3747 443 3811 illo,
466 3747 540 3819 qaod
558 3748 675 3819 positum
696 3746 749 3824 est)
772 3745 869 3802 Etiam
889 3744 966 3820 Spir.
982 3743 1037 3821 [B]
1054 3763 1115 3818 qao,
1138 3753 1168 3800 et
1191 3743 1303 3818 recepit

223 3827 317 3888 Gzius
341 3828 528 3887 manifestum
552 3831 697 3897 mendum,
721 3841 817 3888 ortum
838 3849 875 3887 ex
891 3833 946 3888 iilo.
982 3829 1086 3886 Latine
1103 3848 1161 3885 non
1179 3828 1302 3885 dicitur:

224 3914 285 3971 Hoc
307 3915 451 3988 (ablativo
474 3917 556 3988 casu)
577 3920 687 3990 ponitur
709 3918 777 3973 iilud
798 3925 823 3971 et
844 3918 920 3974 illud.
957 3915 1028 3971 Mox
1051 3908 1183 3979 κακίας
1203 3913 1304 3971 Graeci

224 3999 312 4057 etiarn
336 3999 416 4059 Gud.
446 4003 459 4056 l
484 3997 548 4080 [B].
595 4001 640 4057 De
663 3995 768 4066 κακίας
790 4009 819 4056 et
841 4000 907 4057 vitii
929 4009 959 4056 et
982 3999 1110 4056 malitiae
1133 3998 1302 4056 nominibus

224 4084 337 4153 eadem,
361 4104 437 4159 quae
460 4086 515 4151 bic,
539 4095 727 4161 exponuntur
749 4085 868 4142 Tuscul.
893 4086 947 4154 IV,
972 4085 1021 4141 34.

311 4168 384 4244 Cap.
409 4171 482 4240 XII,
507 4172 556 4229 40.
591 4171 635 4228 Ne
657 4173 699 4242 tn)
723 4171 772 4229 Sic
795 4170 859 4227 Pal.
884 4174 908 4234 l,
933 4189 989 4245 mg.
1014 4168 1106 4239 Crat,
1129 4168 1193 4226 cod.
1216 4170 1301 4238 Mor,

226 4254 305 4331 Spir.
320 4251 384 4335 [ss],
408 4255 472 4312 edd.
497 4255 565 4313 inde
582 4256 765 4313 allambino.
802 4255 880 4313 Oxx.
893 4254 1003 4313 eth'ii
1026 4253 1132 4328 reliqui
1154 4264 1188 4311 ut
1209 4252 1302 4311 nostri

224 4339 395 4398 deteriores.
442 4341 482 4400 Ut
505 4343 604 4398 Latine
631 4345 699 4398 scire
727 4341 848 4410 dicitur,
877 4341 919 4398 sie
950 4340 1037 4397 etiam
1066 4341 1159 4397 docere
1185 4341 1302 4414 aliquan

226 4426 326 4483 Latiae
348 4436 378 4483 et
399 4427 502 4484 discere
524 4435 553 4484 et
576 4428 695 4484 oblibisci
715 4445 841 4501 quoque,
867 4445 920 4501 pro
943 4424 1030 4484 Caes.
1054 4425 1104 4482 62.
