3030 5086
413 553 458 599 nr
481 551 564 598 mnu.
588 551 651 599 nm.
674 551 697 596 11
720 550 793 596 car.
818 553 855 597 rs.
873 546 1006 612 (si-so.)
1187 530 1250 593 243

166 722 268 787 iorem
296 720 358 785 vim
391 739 463 786 esse
491 726 639 799 naturae,
674 721 759 800 quod
792 719 853 800 ipsi
880 736 951 790 vos,
987 717 1040 798 qui
1073 716 1177 781 omnia
1209 716 1252 779 ad

167 830 310 890 vestrum
333 825 528 888 commodum
550 830 591 902 et,
613 830 648 886 ut
669 821 731 902 ipsi
753 821 866 899 dicitis,
890 821 931 884 ad
954 819 1148 900 voluptatem
1170 816 1220 881 ret
1237 852 1251 864 -

167 926 258 1004 rafis,
280 931 386 990 tamen
409 944 448 989 ea
470 924 601 1003 faciatis,
624 942 641 988 e
663 922 775 1004 quibus
793 930 957 1003 appareat,
980 940 1041 985 non
1058 920 1252 1001 voluptatem

167 1044 242 1106 vos,
276 1027 333 1091 sed
362 1024 497 1091 officium
527 1026 630 1107 sequi,
663 1025 797 1106 plusque
829 1031 946 1088 rectam
979 1031 1125 1087 naturam
1158 1040 1252 1102 quam

168 1128 325 1193 rationem
347 1147 479 1209 pravam
502 1127 628 1192 valere?
671 1126 721 1191 59.
746 1126 778 1190 Si
800 1126 917 1204 scieris,
940 1124 1040 1206 inquit
1063 1124 1291 1202 Carneades‚5

169 1230 315 1313 aspidem
343 1230 463 1294 occulte
489 1229 588 1294 latere
615 1227 739 1308 uspiam
762 1233 794 1292 et
815 1227 893 1292 velle
916 1227 1049 1307 aliquem
1071 1226 1252 1307 impruden·

168 1338 234 1396 tem
267 1349 365 1412 snper
397 1350 467 1397 eam
499 1331 655 1408 assidere,
688 1329 776 1393 cuius
808 1347 893 1393 mors
925 1328 982 1392 tibi
1011 1328 1253 1392 emolumentum

170 1432 280 1516 futura
303 1433 354 1512 sit,
376 1433 517 1514 improbe
538 1430 659 1510 sacaria,
681 1430 743 1495 nisi
764 1430 931 1509 monueris,
954 1449 994 1495 ne
1016 1430 1146 1495 assidat.
1191 1429 1253 1494 Sed

169 1535 324 1615 impunite
356 1541 476 1612 tamem
517 1534 614 1598 scisse
647 1533 730 1597 enim
763 1540 794 1596 te
826 1534 895 1614 quis
928 1551 1099 1613 coarguere
1132 1531 1254 1612 possit?

242 1709 264 1756 2.
286 1712 308 1754 et
332 1704 379 1768 ipsi
400 1714 425 1753 ut
448 1705 469 1752 F.
506 1711 520 1750 4
549 1703 604 1766 plus
627 1721 697 1766 quara
720 1712 807 1751 rectam
831 1703 876 1752 Ec
913 1708 934 1752 6,
959 1702 1061 1766 aliquem
1084 1717 1132 1751 om.
1156 1701 1254 1751 PMCR

173 1775 195 1822 7.
220 1789 293 1837 super
315 1773 385 1822 caii
420 1771 594 1822 emolumentum
607 1775 713 1835 ,factura
733 1771 872 1821 LbICROr.
897 1770 1002 1827 (mnolum
1030 1771 1073 1819 tibi
1090 1772 1117 1832 Iit
1161 1776 1185 1819 8.
1204 1787 1253 1818 mo·

171 1841 252 1890 anais
270 1858 321 1890 carru
340 1858 368 1890 ae
387 1842 409 1888 E
444 1840 551 1889 assideat
570 1841 712 1890 Lntcsscr.
732 1842 772 1888 Ad
792 1839 835 1887 sed
852 1855 902 1901 mg.
923 1840 955 1887 P:
979 1839 1023 1888 sed
1040 1838 1149 1903 impunite
1168 1848 1253 1887 tarnem

169 1909 257 1967 foedae
275 1910 336 1960 enim
355 1927 376 1972 q.
396 1927 416 1958 c.
432 1927 458 1973 p.
503 1914 525 1960 9.
547 1909 638 1973 inpune
656 1910 698 1959 Or⁴
736 1917 813 1957 tarcian
832 1907 858 1956 id
874 1918 896 1956 te
915 1914 947 1965 tte
966 1907 992 1956 id
1008 1908 1040 1967 L)
1059 1916 1152 1956 connotat
1165 1907 1254 1968 secisse

172 1978 226 2042 pati
245 1979 305 2027 enim
323 1994 451 2043 compatere
470 1977 589 2027 urtica

172 2117 408 2186 commentariie3
442 2117 478 2173 ad
508 2117 570 2177 ΙΙΙ,
603 2116 640 2172 13
671 2116 807 2171 Bromius
836 2115 923 2171 huius
957 2133 1027 2171 suae
1061 2114 1254 2171 dubitationis

173 2202 285 2259 oblitus
307 2212 379 2258 erat.
427 2203 536 2260 Verum
560 2202 733 2257 confirmant
757 2201 844 2257 etiam
869 2200 947 2275 Spir.
973 2198 1028 2276 [B]
1052 2209 1081 2256 et
1104 2202 1173 2257 Bas.

261 2288 312 2346 59.
357 2289 474 2362 aliquem
496 2287 701 2362 imprudentem)
727 2286 777 2344 Sic
794 2286 852 2342 iam
866 2286 1027 2342 Lambinus
1050 2295 1080 2341 et
1097 2305 1112 2342 e
1132 2285 1208 2342 Pall.
1227 2288 1252 2354 1,

175 2373 202 2429 3·
212 2370 370 2441 Gruterus,
394 2383 456 2429 tum
468 2382 614 2445 ‚quattuor
626 2371 709 2440 Gzii3
733 2371 897 2429 Cratander
914 2373 1106 2445 imprudentem
1123 2374 1254 2444 aliquenm

173 2457 324 2514 omittitur
345 2460 460 2531 ab'qnem
483 2458 512 2513 in
537 2457 642 2513 ceteris
666 2456 753 2524 Pali,
778 2457 860 2529 Utv-

261 2546 460 2599 emolamentum
476 2541 590 2616 pictura)
610 2542 659 2600 Sic
676 2560 790 2598 summo
813 2558 956 2596 consensu
974 2540 1111 2597 meliores
1128 2541 1254 2608 codices,

174 2629 265 2684 etiam
289 2628 367 2703 Spin.
391 2626 461 2704 [B],
492 2628 536 2684 EI.
561 2629 618 2700 (2).
649 2646 706 2700 mg.
732 2626 828 2691 Crat,
860 2626 943 2683 codd.
974 2626 1080 2683 Morel.
1112 2636 1141 2682 et
1164 2626 1253 2692 Vict,

173 2712 386 2787 ediderantque
399 2713 559 2782 Victorius,
578 2710 734 2778 Gruterus,
747 2712 896 2767 Davisius.
931 2711 1018 2767 Dixit
1035 2712 1138 2768 Livius
1151 2709 1189 2787 [1,
1204 2712 1253 2774 45,

176 2801 211 2854 4:
233 2817 335 2855 cornua
358 2829 399 2840 -
421 2808 614 2854 neonumentum
630 2801 712 2870 fuere
734 2801 758 2853 ei
778 2799 907 2852 miraculo
930 2795 973 2872 et]
996 2797 1054 2864 ΙΙΙ,
1075 2798 1124 2866 38,
1141 2798 1173 2851 4:
1197 2797 1254 2851 dia·

174 2884 296 2940 cordium
317 2886 532 2957 impedimentum
555 2885 663 2939 dilectui
678 2885 755 2956 fore3
785 2901 851 2937 nam
881 2881 958 2953 quod
982 2882 1058 2937 Dav.
1087 2901 1123 2937 ex
1147 2882 1253 2949 XXII,

176 2968 233 3038 22,
258 2969 276 3025 7
299 2968 385 3024 citat:
419 2971 449 3025 id
476 2970 585 3040 opebut.
614 2978 642 3023 ut
670 2987 753 3041 quoin
780 2971 925 3022 nrrarimum
953 2970 1151 3021 emolmnentum
1180 2971 1254 3022 noeis

173 3057 254 3110 accita
269 3056 353 3125 joret,
377 3064 497 3128 propter
520 3053 696 3108 adiectivum
720 3053 850 3108 additum
874 3051 1007 3106 nonnihil
1027 3052 1175 3107 diversum
1194 3064 1253 3120 est3

174 3139 282 3214 (nangis
305 3139 392 3194 etiam
416 3139 556 3206 XXXII,
578 3139 626 3200 28,
646 3141 680 3193 4:
703 3141 788 3193 ninius
812 3139 877 3192 lello
899 3139 1113 3209 impedimentum
1129 3139 1252 3209 sitisset).

173 3224 223 3280 De
246 3222 389 3281 Cicerone
412 3224 497 3279 fidem
522 3243 579 3280 non
603 3223 716 3279 iaciunt
739 3223 893 3278 Inrcretins
917 3222 985 3291 (ΙΙΙ.
1011 3223 1085 3294 898)
1108 3231 1159 3277 orit
1176 3223 1254 3277 Ver·

172 3308 264 3384 gilius
286 3309 359 3382 (Eoi.
378 3310 436 3376 III,
455 3311 524 3381 101)
547 3317 598 3364 ant
616 3308 735 3366 Curtius
752 3309 852 3380 (VIII,
871 3310 916 3375 14,
931 3309 992 3381 26).
1028 3307 1090 3381 (Ad
1103 3309 1167 3364 Ati.
1182 3308 1254 3376 VII,

175 3394 211 3465 2,
236 3395 253 3450 6
284 3395 399 3450 dedecm
428 3404 467 3450 est
494 3405 611 3450 nostrum
642 3413 761 3467 prorsus
789 3393 864 3449 alius
893 3403 938 3449 est
965 3394 1104 3468 generis.)
1154 3388 1197 3460 Εξ
1226 3402 1255 3448 et

172 3478 297 3536 Lamb.:
325 3481 508 3549 emolament03
537 3480 602 3535 sed.
632 3478 763 3552 exceptis
787 3479 875 3534 certis
898 3478 1050 3534 vocabulis
1072 3480 1117 3549 (nt
1135 3482 1255 3553 primum

136 3634 137 3637 Ἴ
173 3575 207 3621 et
224 3567 334 3638 mano),
358 3583 425 3621 raro
448 3586 492 3620 om
514 3584 568 3639 pro
592 3583 606 3618 o
629 3564 768 3637 scriptum
793 3574 845 3623 est.
870 3564 987 3639 saepius
1010 3572 1122 3619 contra.
1167 3564 1255 3636 Quod

171 3650 206 3706 in
235 3649 407 3724 vulgaribus
435 3649 519 3705 libris
548 3649 654 3724 legitur
678 3647 827 3720 (Gruteri,
858 3649 974 3705 Davisii
997 3649 1105 3713 tribus,
1135 3649 1190 3703 etsi
1218 3649 1254 3703 de

172 3752 235 3791 uno
258 3732 384 3803 fallitur,
414 3735 493 3792 Oxx.
519 3735 605 3809 Upi),
630 3733 754 3791 Gzianis
777 3735 910 3805 ceteris),
940 3744 1146 3808 praeterquam
1176 3733 1254 3807 quod

171 3819 380 3878 anctoritatem
404 3839 462 3877 non
486 3821 589 3890 habet,
618 3820 656 3874 ab
679 3838 733 3875 usu
756 3820 904 3877 abhorret.
951 3819 1042 3876 Aliud
1066 3819 1143 3874 enim
1167 3818 1254 3893 longe

172 3914 221 3962 est
244 3906 360 3965 laomim,
390 3908 573 3962 domnicatum
591 3910 686 3978 secere
708 3904 844 3977 (ipsum).
874 3905 952 3978 quod
976 3903 1069 3961 Gzius
1092 3916 1253 3978 comparat.

172 3989 257 4048 aliud
279 3992 478 4046 emolamentum
500 3993 579 4046 alteri
594 3993 697 4063 jecere,
721 3990 750 4045 id
774 3999 826 4049 est.
850 3994 955 4063 operae.

262 4095 294 4131 ne
315 4074 435 4152 aemulat)
457 4076 658 4150 Neglegenter
680 4087 709 4130 et
732 4075 886 4131 ediderunt
909 4092 1011 4130 omnes
1033 4075 1153 4129 assident
1167 4060 1254 4144 (κάθ-

172 4178 245 4235 ηται
273 4179 326 4234 pro
354 4155 531 4233 καθέζηται)
562 4171 590 4215 et
620 4161 736 4223 codices
764 4159 900 4216 meliores
929 4160 964 4214 ii.
999 4159 1049 4231 qui
1078 4160 1254 4223 habuerunt,

172 4262 234 4300 non
257 4245 459 4319 inspexerunt.
494 4238 599 4322 [Recte
618 4245 705 4300 etiam
725 4242 776 4320 Β.]
810 4246 891 4301 Idem
917 4244 1053 4300 mendum
1072 4255 1135 4300 erat
1152 4245 1211 4313 ΠΙ,
1225 4243 1253 4310 9,

171 4329 227 4386 ubi
250 4328 343 4387 Gaius
366 4348 382 4385 e
402 4331 536 4385 Lambini
561 4330 711 4386 codicibus
733 4329 845 4403 profert
870 4332 1034 4399 residamus,
1058 4330 1104 4387 sui
1127 4331 1189 4391 Erl.
1214 4331 1255 4400 (et

172 4416 239 4473 sine
262 4414 352 4472 dubio
376 4414 468 4490 Spir.)
492 4415 684 4471 obliviscitur.
709 4415 844 4474 mendum
868 4415 1017 4489 relinquit.

261 4503 388 4576 impunite
404 4501 505 4572 tamen)
524 4501 573 4560 Sic
592 4499 688 4578 [AR]
707 4501 770 4558 cod.
790 4500 896 4571 Gran,
916 4502 991 4559 Dav.
1017 4501 1154 4571 etrihnn,
1175 4499 1254 4558 Oxx.

1003 4617 1048 4665 16*
