3030 5086
433 377 477 424 ar
500 376 580 424 usu.
596 366 667 424 um.
690 376 702 422 1
724 377 797 426 oie.
822 381 929 428 ιι-ιι.
945 343 1078 445 (ιε’-ιι.)
1257 364 1296 427 97

215 546 391 628 sequimur,
425 551 460 610 ut
486 545 553 612 sine
580 563 656 611 cura
690 550 836 627 metuque
862 547 1004 612 vivamus
1036 534 1241 630 animumque¹
1267 556 1299 615 et

217 668 344 730 corpus
366 652 517 729 quantum
539 645 662 713 efficere
679 647 845 728 possimus,
867 648 1011 714 molestia
1033 648 1209 715 liberemus.
1254 651 1299 717 Ut

216 751 300 816 enim
328 749 438 815 mortis
464 755 550 814 metu
571 748 672 814 omnis
701 749 825 831 quotae
847 750 929 814 vitae
955 755 1057 815 status
1084 751 1297 832 perturbatur,
1373 736 1377 744 ’

216 861 250 918 et
267 861 305 918 ιιι
320 849 521 931 succumbere
537 850 698 916 doloribus
715 869 832 932 eosque
848 851 956 916 humili
968 851 1071 916 animo
1083 851 1297 935 imbecilloque

216 953 304 1021 ferre
314 954 461 1018 miserum
473 959 530 1032 est,
543 952 583 1018 ob
595 971 726 1033 eamque
737 953 926 1018 debilitatem
937 953 1031 1017 animi
1042 953 1131 1019 multi
1141 962 1297 1035 parentes,
1310 955 1336 1018 vt)

216 1056 308 1122 multi
318 1055 446 1132 amicos,
457 1054 596 1119 nonnulli
607 1055 750 1134 patriam,
763 1055 904 1136 plerique
914 1060 1018 1133 autem
1029 1043 1164 1135 seipsos
1172 1056 1298 1136 penitus
1386 1095 1389 1105 ,

217 1158 435 1240 perdiderunt,
456 1157 501 1220 sic
522 1156 671 1221 robustus
693 1157 816 1222 enimus
838 1165 871 1221 et
892 1158 1032 1221 excelsus
1054 1156 1138 1221 omni
1155 1166 1204 1222 est
1219 1156 1299 1223 liber

218 1278 297 1325 cura
318 1265 350 1325 et
371 1276 502 1339 angore,
525 1275 594 1322 cum
617 1263 649 1322 et
669 1264 800 1323 mortem
822 1258 1004 1336 contemnit,
1037 1276 1101 1339 qua
1122 1258 1176 1339 qui
1197 1258 1299 1324 affecti

219 1370 307 1440 sunt,
335 1360 365 1425 in
388 1359 497 1426 eadem
519 1367 723 1453 causa'sunt,
746 1377 808 1440 qua
830 1366 998 1440 antequam
1019 1359 1155 1438 namet
1172 1359 1218 1423 'ad
1242 1359 1298 1424 do-

219 1463 304 1527 lores
330 1463 375 1526 ita
396 1467 527 1542 paratus
549 1470 611 1539 est,
639 1466 676 1525 ut
696 1460 885 1540 meminerit,
913 1461 1063 1526 maximos
1084 1468 1184 1526 morte
1205 1458 1297 1540 finiri,
1319 1463 1359 1527 10

220 1581 336 1646 parvos
362 1561 461 1626 multa
487 1561 604 1628 habere
631 1562 796 1627 intervalia
818 1562 983 1644 requietis,
1011 1563 1212 1629 mediocrium
1241 1581 1298 1627 nos

220 1683 292 1730 esse
318 1664 473 1743 dominos,
507 1672 556 1742 ut,
590 1664 616 1729 si
644 1663 821 1729 tolerabiles
844 1663 920 1742 sint,
953 1662 1105 1743 teramus,
1138 1664 1165 1728 si
1187 1663 1299 1743 minue,

296 1840 302 1882 Ι
332 1834 459 1884 metuueL
496 1833 697 1898 spermatis
734 1839 756 1884 ⁴.
780 1831 921 1900 [stoma]
962 1831 1295 1901 8.tumMom.C[quum]

220 1904 270 2038 fii]
303 1919 351 1980 pua
362 1902 426 2019 liga
446 1899 533 1968 E[A]
591 1907 628 1950 il.
647 1901 770 1966 quietuC
811 1901 994 1951 medicorumE
1050 1907 1086 1950 12.
1115 1902 1230 1968 [feramur
1247 1917 1296 1953 orn.

307 1987 344 2020 sm
411 1987 428 2018 r.

221 2110 253 2166 in
271 2109 409 2185 periculis
426 2108 568 2166 adeundis
585 2120 731 2166 cernatur.
765 2109 911 2183 Epicurus
929 2098 982 2182 τὴν
999 2098 1138 2184 ἀνδρείαν
1156 2098 1243 2180 φύσει
1259 2099 1299 2182 μὴ

221 2187 368 2269 γίνεσθαι,
390 2189 519 2269 λογισμῷ
541 2182 571 2249 di
588 2189 642 2250 τοῦ
661 2186 866 2268 συμφέροντος
889 2194 1022 2270 putabat.
1047 2193 1148 2269 (Diog.
1160 2194 1201 2264 X,
1218 2195 1299 2267 120.)

305 2280 428 2353 pletr'que
439 2309 481 2319 —
494 2277 686 2352 perdiderunt)
704 2277 860 2348 Narratur,
879 2278 950 2352 quid
968 2296 1055 2351 saepe
1073 2277 1182 2336 facturn
1201 2278 1249 2347 sit,
1267 2288 1297 2334 ut

222 2362 420 2438 intellegatur,
444 2361 515 2437 quid
538 2363 600 2419 fieri
623 2363 727 2420 soleat.
773 2362 848 2419 Dico
871 2371 992 2439 propter
1010 2361 1127 2432 Gaium,
1151 2363 1200 2437 qui
1224 2363 1299 2419 ludi·

223 2449 319 2505 brium
342 2447 445 2505 aoristi
468 2446 625 2520 adhibuit„
647 2444 717 2528 [Op.
744 2447 838 2505 Acad.
862 2447 895 2506 II
917 2467 945 2523 p.
962 2443 1044 2526 114]

310 2553 368 2590 curu
390 2544 415 2590 et
436 2542 545 2589 mortem
566 2531 719 2608 corrtemnr't)
747 2533 815 2589 Non
844 2550 933 2590 causa
961 2532 1122 2601 indicatur,
1156 2532 1207 2589 eed
1236 2533 1299 2607 ipse

223 2628 319 2675 status
347 2618 437 2674 animi
460 2616 636 2674 describitur
658 2617 851 2693 adiungendis
874 2618 924 2688 iis,
955 2618 983 2674 in
1013 2618 1120 2692 quibus
1147 2628 1298 2692 appareat.

225 2701 298 2780 [Gr.
323 2704 387 2760 Lat.
411 2702 500 2772 §358
523 2721 552 2758 n.
576 2700 620 2780 2.]

310 2791 336 2844 t'u
359 2789 451 2845 eudem
473 2807 557 2845 cauea
578 2798 648 2857 aunt,
671 2807 727 2862 qua
749 2797 893 2861 aritequam
909 2787 980 2862 nuti)
993 2788 1039 2843 De
1056 2806 1087 2843 re
1100 2786 1158 2842 uid.
1170 2786 1208 2842 sd
1221 2783 1300 2856 §40;

224 2874 262 2931 de
285 2873 503 2948 praepositione
530 2882 598 2930 ante
620 2871 776 2929 relativum
803 2873 927 2938 omissa,
962 2891 1026 2929 curn
1055 2872 1207 2939 audiatur,
1240 2889 1299 2928 non

225 2957 408 3037 exprimatur
425 2957 501 3014 idem
514 2958 646 3028 verbum,
664 2957 742 3032 quod
760 2958 962 3031 praecesserit,
980 2969 1152 3013 annotatum
1171 2956 1301 3012 breviter

225 3043 263 3100 ad
287 3047 302 3113 ἕ
323 3043 378 3110 32;
406 3053 599 3118 pervagatum
628 3043 704 3099 enim
728 3061 820 3117 genus
843 3052 886 3097 est
910 3053 938 3099 et
961 3061 979 3097 a
1002 3041 1102 3097 multis
1124 3059 1297 3098 commemo·

226 3137 333 3186 return.
365 3127 510 3203 Exempla
523 3126 717 3186 Ciceroniana
734 3127 852 3202 collegit
866 3126 938 3186 Otto
956 3127 984 3182 in
1003 3145 1067 3184 exc.
1081 3126 1118 3182 ad
1132 3127 1172 3184 ΙΙ.
1190 3127 1237 3184 13.
1251 3128 1299 3183 40.

231 3214 336 3282 Certae,
366 3222 399 3268 ut
420 3213 482 3280 hie,
511 3212 547 3268 de
569 3223 647 3269 statu
671 3223 699 3268 ot
723 3212 894 3268 condicione
917 3231 1005 3285 saepe
1029 3211 1147 3287 ponitur
1175 3230 1209 3266 ea
1232 3229 1300 3267 eon·

228 3297 390 3366 iunctione,
420 3306 452 3354 ut
474 3309 524 3354 aut
547 3317 603 3354 esee
625 3301 650 3353 in
674 3285 766 3371 ulique
789 3316 873 3354 carrea
895 3297 1002 3370 aliquis
1025 3296 1141 3353 dicatur
1163 3306 1216 3352 ιιιιι
1237 3297 1302 3352 llaec

229 3385 269 3439 uel
295 3383 341 3439 illo
368 3385 482 3439 alieuius
510 3402 566 3439 ease
587 3402 681 3440 causo.
725 3380 826 3460 [Verr.
850 3382 880 3450 1,
908 3385 982 3439 lll:
1011 3385 1038 3437 iu
1066 3383 1160 3438 uadem
1187 3378 1301 3458 cauata]

230 3467 334 3526 Cicero
356 3468 403 3539 (ed
427 3470 491 3524 Art.
513 3468 577 3536 XI,
605 3469 657 3535 13,
685 3469 713 3539 l)
736 3467 812 3523 dixit
834 3467 921 3523 etiam
945 3470 1032 3524 veturs
1053 3469 1081 3522 iu
1103 3485 1160 3522 eum
1182 3485 1300 3533 causaue,

231 3561 259 3608 et
282 3552 523 3626 quemadmodum
546 3554 561 3610 1
585 3553 620 3609 de
644 3552 726 3610 Orat.
752 3553 810 3608 159
835 3552 952 3626 scripsit
978 3571 1088 3608 causum
1117 3553 1222 3626 irruperit
1242 3570 1301 3623 cop·

228 3639 386 3694 crescendum
408 3657 475 3706 esee,
498 3638 540 3693 sic
563 3656 616 3712 pro
640 3636 723 3696 Sulla
741 3638 795 3693 32:
817 3657 927 3694 caueam
950 3641 990 3693 rei
1007 3637 1130 3712 publicae
1152 3656 1202 3691 nou
1221 3644 1300 3692 terres.

229 3722 294 3778 Lir.
321 3722 483 3790 XXXIX,
511 3724 563 3792 18,
589 3722 622 3779 5:
656 3725 761 3796 illapsa
790 3725 830 3778 uia
863 3725 889 3778 in
923 3732 1037 3796 utraque
1069 3739 1153 3777 carrae
1186 3723 1303 3777 virorum

228 3809 421 3881 mulierumque
436 3809 502 3881 fuit

313 3894 340 3948 ei
359 3894 459 3966 minua)
483 3891 533 3952 Sic
556 3888 652 3971 [Ale]
675 3891 744 3950 Gaii
766 3910 875 3948 omnes.
923 3891 1074 3946 Edebatur
1102 3889 1170 3946 inde
1198 3889 1235 3945 ab
1259 3889 1303 3945 ed.

231 3978 307 4033 Ven.
324 3977 404 4033 1494
427 3981 469 4034 ain
492 3982 587 4037 minue.
613 3973 723 4056 [Animo
745 3987 831 4050 aequo
853 3977 940 4033 etism
965 3971 1045 4053 ΑΒ.]
1069 3975 1114 4031 De
1137 3993 1168 4030 re
1191 3973 1244 4031 cfr.
1266 3974 1303 4030 ad

231 4062 269 4118 62
294 4069 323 4118 et
345 4062 387 4132 II,
412 4063 461 4119 95.
500 4063 613 4121 Seneca
636 4063 730 4137 Epist.
757 4063 805 4130 12,
832 4062 868 4118 10
892 4060 1012 4134 Epicuri
1036 4077 1137 4116 rocem
1161 4059 1201 4115 ait
1225 4077 1304 4115 esse:

231 4148 336 4203 illalum
358 4158 398 4204 eet
419 4150 446 4204 in
469 4152 622 4206 necessitate
643 4151 738 4218 trivere,
761 4148 810 4204 sed
831 4150 857 4203 in
879 4150 1033 4214 necessitate
1054 4148 1141 4201 uiuere
1163 4147 1304 4201 necessitas

229 4234 304 4288 nullu
326 4243 373 4288 est.
418 4232 501 4290 Alibi
525 4252 581 4290 non
607 4232 724 4289 memini
747 4231 985 4294 commemorari,
1013 4230 1174 4305 Epicurum
1203 4229 1305 4286 mortis

231 4317 287 4374 sibi
310 4318 534 4374 consciscendae
557 4327 706 4375 auctorem
729 4316 834 4384 tuisse;
863 4325 976 4372 tantum
999 4316 1062 4372 eiua
1086 4316 1219 4373 timorem
1243 4314 1305 4371 exi·
