3030 5086
465 488 508 533 un
532 485 613 532 nau.
635 485 698 532 niu.
723 486 744 531 v
767 485 840 532 cae.
860 487 900 534 ar,
916 483 1048 545 (ss-so.)
1228 463 1292 529 709
1318 516 1321 523 .

216 654 302 718 dedit
324 654 416 718 telem
440 662 582 729 mentem,
605 671 685 734 quae
708 670 830 718 omnem
852 651 999 716 virtutem
1017 649 1159 731 accipere
1175 657 1291 729 posset,

215 756 416 837 ingenuitque
438 756 505 820 sine
522 756 663 818 doctrina
681 753 808 818 notities
824 771 940 833 parnas
962 770 1067 816 rerum
1088 752 1292 816 maximarum

216 867 247 921 et
274 857 363 937 quasi
391 857 526 921 instituit
552 856 680 934 docere,
710 864 741 919 et
768 855 890 919 induxit
917 855 948 918 in
976 872 1029 932 ea,
1057 846 1139 935 qnae
1161 854 1291 929 inerant,

216 966 375 1039 tamquam
397 958 550 1023 elementa
571 955 704 1021 virtutis.
748 956 809 1021 Sed
832 956 977 1020 virtutem
999 955 1099 1036 ipsam
1121 953 1290 1033 inchoavit;

217 1060 290 1124 nihil
312 1059 454 1140 amplius.
498 1059 549 1122 60.
572 1058 683 1138 Itaque
705 1065 847 1122 nostrum
869 1065 918 1122 est
933 1057 1031 1138 (quod
1054 1062 1195 1122 nostrum
1212 1055 1330 1132 dicad

216 1162 294 1225 artis
317 1162 379 1242 est)
396 1162 437 1225 ed
456 1159 672 1239 estprincipio,
694 1178 775 1239 quae
792 1159 978 1241 accepimus,
1000 1155 1222 1238 consequentia
1239 1173 1291 1220 ex·

217 1263 350 1344 quirem,
368 1263 472 1342 quoad
490 1262 531 1325 sit
547 1261 587 1339 id,
611 1259 695 1340 quod
712 1260 863 1338 volumus,
886 1258 1043 1339 effectum
1066 1257 1148 1340 quod
1166 1257 1291 1338 quidem

216 1364 314 1444 pluris
337 1373 385 1427 est
407 1362 491 1427 haud
514 1361 607 1442 paulo
625 1360 786 1443 magisque
808 1362 912 1442 ipsum
934 1369 1065 1442 propter
1088 1379 1122 1425 se
1144 1367 1291 1441 expeten-

216 1467 287 1529 dum
307 1483 400 1545 quam
419 1473 475 1528 aut
491 1482 602 1528 sensus
619 1470 675 1527 aut
692 1463 833 1544 corporis
851 1481 897 1541 ea,
916 1481 997 1544 quae
1013 1461 1157 1539 diximus,
1179 1459 1292 1542 quibus

216 1574 336 1631 tantum
358 1565 638 1647 praestat·mentis
666 1564 819 1629 excellens
840 1562 1004 1645 perfectio,
1032 1574 1067 1628 ut
1089 1563 1140 1626 uix
1162 1560 1292 1642 cogitari
1311 1565 1353 1630 10

216 1669 325 1748 possit
348 1668 420 1746 qnid
444 1666 576 1730 intersit.
615 1667 727 1747 ltaque
749 1666 849 1730 omnis
866 1667 975 1745 honos,
999 1664 1100 1729 omnis
1117 1663 1292 1740 admiratio,

289 1809 307 1852 l.
328 1803 375 1850 iam
393 1802 500 1864 occipere
520 1802 586 1851 icit
640 1810 661 1850 4.
682 1802 754 1864 qnasi
770 1801 922 1851 elenaeatoL
976 1807 997 1848 5,
1018 1798 1076 1849 adit
1093 1801 1173 1864 doque
1191 1797 1292 1862 ornplr'ue

217 1880 320 1920 nostram
339 1871 381 1919 Lc
401 1870 459 1919 adit
476 1871 510 1918 ito
528 1868 629 1932 arnpla'ue
647 1878 750 1918 nostrum
769 1870 813 1918 Pa
853 1869 917 1933 qaod
934 1869 1072 1919 vairam?
1127 1872 1150 1919 7.
1169 1885 1214 1932 quo
1232 1865 1293 1916 asad

217 1939 243 1988 id
256 1940 298 1987 ΕΡ
335 1937 440 1987 uolumus
461 1941 481 1986 ll
499 1937 557 2001 qaid
573 1936 700 2002 quideme
737 1944 759 1988 8.
779 1947 813 1986 eet
831 1954 878 1987 ont.
901 1938 970 1987 Este
984 1936 1140 2001 (amcam.
1183 1941 1220 1987 10.
1235 1952 1292 2000 pro·

208 2008 326 2071 Ι[εείἱοΕ
367 2012 391 2054 lt
423 2005 487 2069 qaod
504 2007 525 2054 i}

302 2148 402 2186 ornarem
419 2133 540 2184 virtatem
556 2131 689 2202 occipere)
703 2129 771 2197 Ionii,
784 2128 863 2201 quod
875 2127 1124 2202 interponebatuu
1138 2126 1291 2183 Ernestius

217 2215 349 2283 sustulit,
374 2233 479 2288 parens
503 2215 571 2270 Par.
601 2217 613 2269 l
640 2212 755 2269 Davisii
778 2214 890 2286 (nostro
913 2214 965 2284 P);
989 2212 1130 2268 accedunt
1153 2221 1292 2286 quattuor

217 2299 295 2368 Gzii,
319 2299 349 2356 id
372 2310 429 2356 est.
459 2308 491 2354 ut
513 2317 550 2354 ex
574 2298 635 2353 Eri.
658 2295 713 2375 [B]
737 2307 873 2373 apparet,
903 2297 1038 2354 meliores
1061 2307 1091 2353 et
1113 2297 1290 2353 deteriorum

216 2403 298 2460 pars,
327 2402 379 2440 uec
402 2387 455 2439 iaia
480 2384 526 2439 hic
548 2393 616 2458 apte
640 2383 772 2459 intellegi
795 2394 892 2458 potest
914 2402 949 2439 eo
974 2382 1073 2446 modo,
1104 2401 1162 2456 quo
1185 2380 1292 2437 dicitur

216 2470 251 2526 de
275 2468 362 2525 rebus
387 2469 474 2543 paulo
498 2479 563 2542 post
586 2467 702 2524 futuris.
746 2468 888 2525 Proxima
910 2467 1029 2524 Pisonis
1052 2467 1141 2523 verba
1164 2467 1293 2538 (inperauit

216 2558 322 2611 notitias
341 2574 446 2629 parcas
469 2573 559 2609 renna
582 2556 772 2625 ritacirnaram)
795 2553 937 2609 eiusmodi
961 2562 1045 2618 suut,
1069 2563 1103 2607 ut
1124 2551 1240 2607 innatas
1262 2558 1292 2606 st

216 2640 319 2696 insitas
342 2640 477 2695 notiones
501 2638 611 2695 homini
634 2647 735 2712 aperte
760 2637 879 2707 tribnat,
902 2638 980 2713 quod
1003 2637 1079 2693 idem
1099 2635 1170 2692 facit
1187 2635 1292 2693 Cicero

217 2725 278 2799 ipse
303 2724 469 2782 Stoicorum
493 2723 653 2780 sententias
676 2742 828 2799 exponens
851 2723 865 2778 1
889 2722 924 2778 de
948 2723 1037 2797 Legg.
1051 2723 1105 2778 26:
1129 2730 1227 2777 natrano
1251 2739 1292 2776 re-

217 2829 275 2865 rum
295 2812 475 2883 plnn'inarana
497 2809 626 2864 obscnraa
654 2827 699 2864 nee
721 2812 789 2865 catis
810 2810 927 2864 clarae
950 2810 1139 2880 intelleyentias
1161 2807 1293 2863 inchoavit

217 2893 281 2968 (cfr.
306 2894 364 2951 ibd.
389 2895 443 2950 27:
472 2897 565 2968 prium
593 2902 618 2947 ct
646 2894 769 2948 inchoato
797 2895 987 2965 intellepentio,
1022 2902 1051 2947 et
1080 2893 1134 2948 59:
1168 2893 1293 2965 quoniam

213 2982 347 3054 principio
375 2999 463 3034 aenan
491 2981 605 3033 ornanum
634 2980 715 3051 camsi
740 2978 919 3034 adrerubratos
940 2980 1129 3050 intellcpeatias
1150 2980 1238 3032 aniano
1260 2993 1293 3031 ao

217 3075 300 3121 uiciate
327 3067 499 3138 coriceperit),
533 3080 709 3136 quamquam
744 3063 846 3119 eodem
877 3063 942 3120 loco
971 3065 998 3137 (§
1023 3062 1077 3119 30:
1111 3081 1233 3137 quaeque
1265 3064 1292 3115 in

216 3154 312 3205 anisnis
335 3153 577 3224 irnprirnantur
599 3149 736 3204 inchoatae
757 3151 957 3222 intellegieniiae)
977 3148 1097 3224 propius
1120 3147 1232 3204 accedit
1254 3145 1292 3201 ad

216 3235 310 3309 ipsam
323 3234 489 3291 Stoicorum
514 3233 687 3300 doctrinam,
711 3233 760 3306 qui
783 3233 813 3288 in
837 3233 935 3290 animo
960 3233 1076 3290 tabulae
1094 3250 1184 3307 purae
1203 3230 1292 3288 simili

217 3339 318 3375 omnes
346 3321 480 3376 notiones
509 3319 580 3374 visis
609 3317 793 3374 extrinsecus
821 3318 929 3375 oblatis
958 3317 1084 3393 imprimi
1113 3316 1291 3374 statuebant.

216 3405 351 3477 Utroque
380 3404 444 3461 loco
474 3404 578 3463 Cicero
607 3403 787 3459 Antiochum
818 3413 935 3459 secutus
963 3404 1091 3465 videtur,
1126 3399 1293 3458 Antiochus

216 3501 313 3545 antem
326 3489 498 3545 Platonicae
517 3489 680 3544 sententiae
704 3488 739 3543 de
763 3487 836 3545 ideis
860 3500 890 3545 et
908 3473 1068 3562 ἀναμνήσει
1086 3488 1187 3559 (Tusc.
1201 3487 1226 3555 Ι,
1240 3485 1293 3557 57)

217 3575 376 3649 particulas
399 3591 463 3630 cum
489 3574 586 3630 Stoica
611 3573 744 3629 doctrina
768 3574 965 3630 coniunxisse.

305 3658 353 3716 60.
378 3661 525 3721 incdoom't.·
548 3660 615 3714 niln'l
635 3660 760 3733 arreptius.
792 3660 890 3733 Itaque
912 3669 1029 3714 nostrum
1053 3659 1103 3730 eat)
1127 3657 1176 3714 Sic
1199 3655 1293 3711 aMo-

216 3746 298 3802 nutio
327 3746 423 3802 lacurn
451 3745 642 3802 constitutum
666 3761 730 3800 esse
753 3755 854 3800 narrat
876 3743 984 3807 Gaium
1013 3742 1084 3797 illud
1114 3759 1172 3798 non
1200 3738 1292 3807 addit,

216 3831 327 3888 nullum
357 3831 468 3906 apicem
497 3831 584 3887 aliter
606 3828 747 3903 scriptum
771 3848 835 3886 esse
859 3830 888 3885 in
911 3828 1012 3884 codice
1035 3826 1095 3883 Eri.
1118 3827 1160 3899 (et
1182 3844 1234 3882 cur
1256 3824 1293 3881 de

217 3916 294 3991 Spir.
314 3935 371 3973 non
389 3913 574 3987 aflirmemi).
604 3913 670 3992 [Sic
687 3914 775 3971 etiam
790 3912 839 3990 B.]
869 3912 967 3972 Ceteri
985 3911 1067 3969 codd.
1085 3920 1114 3967 et
1136 3910 1201 3967 edd.
1223 3920 1293 3967 ante

216 4002 397 4059 Manutiuru:
426 4002 567 4058 inchoavit.
604 4000 682 4056 atla
708 4003 799 4073 itaqua
821 4002 870 4071 (ita
894 3998 959 4055 Pal.
981 4000 1011 4070 4)
1033 3998 1150 4072 nrnplias
1173 4007 1291 4053 nostrum

216 4097 263 4143 eet.
309 4086 401 4144 Gzius
430 4086 546 4159 quidem
578 4085 607 4140 in
639 4083 806 4160 „plerisque
834 4085 990 4141 onmibus“
1019 4080 1122 4138 scribit
1149 4080 1191 4136 ite
1218 4097 1292 4150 esse,

218 4182 249 4228 ut
271 4172 301 4227 in
325 4171 388 4227 Pal.
403 4173 431 4227 4.
455 4170 484 4226 in
508 4189 566 4227 uno
590 4170 672 4227 Mon.
696 4172 796 4243 itaque.
842 4169 888 4225 De
913 4167 1081 4226 melioribus
1105 4164 1233 4234 fallitur3
1256 4164 1292 4221 de

216 4256 411 4313 deterioribus
431 4274 488 4312 uon
509 4273 579 4312 curo
603 4255 673 4328 quid
691 4254 777 4310 dicat.
822 4249 932 4333 [Paulo
955 4262 1021 4329 post
1043 4261 1090 4319 est,
1114 4251 1193 4325 quod
1211 4248 1293 4306 Thu-

216 4342 308 4398 rotius
332 4341 470 4409 restituit,
493 4360 551 4399 om.
576 4340 665 4397 etism
688 4340 723 4396 B.
756 4338 909 4397 Edebatnr
930 4342 972 4396 eit.
1006 4338 1081 4394 Tum
1105 4344 1294 4394 consentaneae

216 4437 278 4482 eum
300 4446 336 4484 ex
361 4426 422 4483 Erl.
445 4436 475 4483 st
498 4427 523 4483 B
545 4419 737 4503 restitutum]
