3030 5086
461 494 505 539 ar
530 493 609 539 nnn.
632 492 695 538 nte.
718 493 753 539 1v
775 492 848 539 cnr.
871 495 908 541 ts.
928 495 1055 550 ‹ao-rr.)
1230 473 1291 539 541

221 660 346 724 deserit.
390 663 494 741 Atque
521 661 590 741 ipsa
617 659 750 725 hominis
776 659 929 725 institutio
958 660 985 724 si
1011 659 1208 740 loqueretur,
1234 659 1295 724 boc

219 763 350 838 diceret,
372 763 491 843 pomos
514 780 588 826 suos
610 761 700 843 quasi
723 768 852 842 coeptus
874 761 1043 842 appetendi
1066 759 1176 839 fuisse,
1203 770 1238 824 ut
1259 778 1294 825 se

219 870 420 927 conservaret
452 863 484 927 iu
518 882 556 927 ea
583 870 712 941 natura,
743 861 776 926 in
804 880 867 943 qua
894 870 983 927 ortus
1010 869 1101 927 esset
1146 862 1293 926 Nondum

218 972 323 1029 auteur
352 963 551 1045 explanatum
579 963 657 1029 satis
685 975 766 1043 erat,
795 962 870 1044 quid
896 964 1030 1028 maxime
1057 969 1170 1027 natura
1192 962 1293 1027 vellet

218 1065 412 1147 Explanetur
434 1065 538 1147 igitur.
572 1065 654 1145 Quid
677 1083 751 1147 ergo
774 1064 857 1129 aliud
878 1065 1083 1146 intellegetur,
1106 1063 1166 1129 nisi
1188 1064 1233 1129 uti
1254 1065 1332 1132 neb

219 1185 300 1248 quae
322 1186 397 1247 pars
416 1178 546 1231 naturae
563 1167 766 1247 neglegatur?
809 1166 845 1230 In
867 1184 930 1247 qua
952 1166 979 1231 si
1001 1165 1077 1230 nihil
1098 1175 1147 1231 est
1168 1172 1294 1247 praeter

290 1386 490 1449 beloacinsi,
516 1385 630 1435 institutio
643 1385 742 1434 domabas
752 1385 886 1435 LPCROr.
913 1384 1120 1434 baecLPCROr.
1157 1389 1182 1438 2.
1200 1384 1294 1448 quaen

219 1454 322 1518 obseptus
333 1454 353 1504 C
368 1463 491 1519 conceptus
502 1455 524 1502 R
556 1459 578 1505 3,
590 1454 614 1501 ia
624 1463 691 1508 tante
701 1462 758 1518 qua)
767 1469 815 1502 om.
827 1453 848 1501 L
880 1460 902 1502 4.
914 1452 979 1517 quod
987 1452 1077 1503 LPCR
1104 1458 1126 1504 d.
1137 1451 1196 1517 qnid
1203 1451 1294 1502 enimc

219 1521 423 1587 intelliperetan
447 1521 582 1587 antellapt'tur
597 1521 642 1572 (tlt
676 1523 818 1586 utiusque
837 1522 859 1570 li
882 1529 907 1570 at
925 1537 983 1585 aque
1001 1530 1057 1570 cett.
1080 1529 1106 1570 ut
1123 1538 1152 1571 ae
1169 1537 1231 1585 quoe
1249 1519 1285 1570 Or

305 1715 386 1785 quoa'
411 1722 519 1788 coeptus
546 1713 703 1787 appetendi)
726 1710 950 1768 Dubitationem
979 1710 1067 1766 habet
1090 1729 1150 1767 vox
1177 1721 1293 1786 coeptus,

219 1814 293 1869 qnae
317 1806 434 1870 practer
462 1798 539 1853 hume
567 1797 662 1854 locum
691 1797 769 1872 apud
799 1814 888 1851 unum
912 1794 1039 1854 Statium
1063 1803 1180 1870 poetam
1203 1797 1294 1853 semel

217 1881 338 1956 legitnr3
356 1880 437 1958 [nam
451 1882 479 1938 in
493 1881 576 1938 codd.
589 1881 734 1949 Catil.I,6
748 1899 846 1938 errore
858 1889 924 1937 orta
935 1878 1077 1957 videtur}
1101 1879 1203 1937 Potuit
1215 1881 1292 1938 enim

218 1963 291 2022 oriri
301 1985 317 2022 e
329 1967 504 2042 compendio
516 1967 588 2035 eins,
607 1966 685 2040 qnod
702 1966 731 2023 in
745 1966 772 2023 R
788 1974 818 2021 et
835 1965 937 2040 paneis
952 1974 1104 2042 praeterea
1115 1965 1294 2023 editionibus

217 2062 286 2108 ante
299 2051 464 2109 Victoriam
478 2051 594 2126 legitur,
612 2061 753 2127 conceptus
764 2051 903 2125 (sceptus),
921 2050 1008 2125 idque
1021 2049 1115 2108 Gzins
1127 2069 1143 2106 e
1155 2061 1295 2125 quattuor

218 2136 280 2192 suis
296 2136 447 2193 codicibus
465 2155 496 2192 se
515 2154 670 2193 revocasse
687 2136 738 2203 ait,
756 2135 802 2192 eui
821 2143 929 2199 tamen,
946 2153 1012 2192 cnm
1030 2135 1059 2191 in
1078 2135 1150 2192 meis
1167 2145 1196 2193 et
1214 2135 1293 2194 Oxx.

218 2220 293 2276 nihil
306 2221 445 2290 varietur,
459 2220 508 2277 vix
520 2222 618 2278 credo.
641 2221 681 2278 Et
689 2220 953 2295 videturconccptus
966 2238 1071 2277 nomen
1084 2220 1172 2277 talem
1185 2221 1293 2278 habere

218 2305 385 2381 imaginem,
408 2324 483 2380 qnae
506 2307 652 2381 particula
673 2305 833 2364 mollienda
855 2305 952 2376 luerit,
975 2305 1092 2362 ductam
1115 2315 1293 2381 aconcaptn

217 2389 304 2456 fetus,
328 2390 363 2446 de
386 2410 444 2465 qno
461 2390 523 2447 fere
541 2390 604 2448 solo
621 2390 728 2447 dicitur
744 2390 976 2459 snbstantivnm3
999 2408 1065 2446 nam
1084 2389 1167 2446 verbi
1184 2390 1293 2465 signifi-

218 2475 296 2531 catio
318 2476 356 2531 ab
379 2476 463 2532 initio
486 2476 515 2531 in
540 2476 638 2550 plnres
655 2485 796 2551 cognatas
813 2474 965 2544 scinditur,
989 2492 1064 2548 quae
1087 2475 1124 2531 ab
1141 2473 1194 2530 illa
1215 2473 1294 2532 fetus

217 2560 431 2635 significatione
454 2579 511 2617 non
536 2560 678 2616 oriuntur.
714 2560 831 2618 Retinui
854 2559 884 2616 in
907 2578 939 2616 ro
963 2559 1061 2628 dubia,
1084 2559 1163 2634 qnod
1186 2557 1295 2618 certior

217 2645 350 2701 codicum
368 2646 529 2703 auctoritas
547 2654 654 2714 tuetur,
672 2645 749 2718 qnod
767 2645 904 2701 siveram
922 2653 976 2714 est,
994 2643 1099 2703 Cicero
1116 2644 1293 2702 substantivi

218 2748 324 2785 noram
345 2729 469 2786 formam
487 2730 553 2787 ideo
571 2730 678 2805 posuit,
701 2729 789 2803 qnod,
807 2747 873 2786 cum
890 2740 982 2804 coepto
1000 2729 1176 2799 dicerentur,
1200 2730 1294 2806 magis

218 2814 432 2890 significaretur
454 2834 501 2871 res
525 2824 630 2889 coepta
659 2833 746 2888 quam
774 2824 858 2872 actus
880 2813 944 2889 ipse
966 2813 1093 2871 hominia
1116 2814 1293 2889 incipientis,

217 2909 251 2956 nt
278 2901 432 2975 genetivus
459 2899 527 2956 addi
556 2917 615 2955 non
643 2910 758 2974 posset;
788 2909 817 2955 et
845 2907 910 2955 erat
935 2898 965 2955 in
994 2898 1162 2955 huiusmodi
1189 2897 1293 2956 formis

217 2984 376 3040 secundum
399 2985 531 3062 regulam
549 2995 634 3040 extra
650 3002 834 3040 communem
852 3001 936 3039 usum
954 2983 1099 3058 fingendis
1115 2983 1215 3057 aliqua
1233 3002 1292 3040 sar-

218 3069 312 3125 monis
325 3070 456 3139 libertas,
474 3089 490 3126 e
508 3087 567 3143 quo
579 3087 686 3144 genere
699 3077 743 3126 est
755 3070 912 3144 palmorum
928 3071 1042 3124 intentus
1060 3087 1113 3142 pro
1126 3068 1202 3126 Seat.
1219 3070 1293 3136 117;

218 3158 299 3227 quusi
320 3165 416 3211 autem
440 3154 613 3230 particulam
637 3151 723 3231 [quaa
739 3153 827 3210 etiam
840 3151 881 3230 B]
904 3153 971 3209 ideo
987 3153 1110 3221 addidit,
1133 3153 1212 3227 qnod
1235 3172 1292 3210 non

219 3248 276 3295 tam
295 3240 490 3315 appetitiones
507 3239 588 3314 ipsas
605 3257 692 3312 qnam
710 3247 831 3314 coeptus
848 3237 1006 3314 appetendi
1023 3237 1202 3313 appellabat.
1237 3238 1293 3295 Fa·

217 3335 282 3380 teor
293 3334 401 3394 tamen,
413 3325 586 3399 particulam
600 3342 657 3380 non
670 3323 756 3379 valde
768 3324 964 3380 necessariam
976 3341 1040 3380 esse
1052 3332 1082 3379 et
1093 3332 1215 3398 coeptus
1227 3323 1294 3380 illos

218 3412 293 3465 initio
310 3410 454 3484 appellari
472 3408 612 3483 potuisse.
646 3409 751 3483 Itaque
768 3427 826 3464 non
844 3407 1001 3464 admodum
1018 3408 1153 3483 improbo
1170 3407 1293 3465 alteram

217 3494 404 3568 scripturam.
439 3494 526 3566 Quod
544 3495 580 3561 V,
594 3494 634 3549 24
652 3493 760 3569 legitur
777 3493 813 3549 de
830 3492 1011 3569 appetitione
1033 3502 1156 3550 naturas
1174 3512 1295 3569 progre-

218 3578 316 3634 diente
338 3588 368 3636 et
390 3579 497 3635 sensim
522 3578 596 3635 alias
618 3588 706 3653 atque
729 3578 803 3635 alias
825 3597 873 3635 res
890 3578 1116 3653 complectente:
1139 3587 1295 3653 coeptatque

217 3673 342 3737 appetere
364 3674 388 3720 ct
406 3667 577 3738 propulsare,
600 3663 638 3720 ad
662 3681 762 3721 vocem
784 3674 892 3739 coeptus
915 3663 970 3721 hoc
992 3662 1058 3720 loeo
1080 3661 1293 3719 defendendam

217 3748 292 3804 nibil
315 3748 403 3804 habet
426 3747 601 3823 argumenti.

303 3838 343 3890 uti
369 3852 400 3889 ne
428 3852 499 3907 quae
521 3831 606 3908 para)
630 3832 679 3891 Sic
702 3832 771 3904 (nisi
800 3833 878 3907 qnod
906 3833 947 3906 ut)
971 3830 1079 3902 Gaius,
1109 3849 1175 3888 cnm
1204 3831 1292 3888 etiam

216 3917 247 3973 in
271 3918 348 3993 Spir.
371 3915 428 3996 [B]
451 3927 528 3973 esset
550 3927 578 3973 ut
600 3920 707 3991 ineque3
730 3918 814 3974 codd.
838 3919 913 3974 Mor.
936 3925 965 3972 et
989 3915 1097 3992 Scalig.
1122 3925 1151 3972 ut
1172 3920 1293 3990 tuaeque,

218 4002 335 4059 Marsus
358 4013 387 4059 et
404 4002 556 4059 Manutius
579 4020 595 4058 a
618 4002 680 4058 cod.
694 3999 794 4058 Maffei
818 4012 847 4057 ut
868 4022 900 4058 ne
922 4020 987 4076 qua.
1021 4002 1103 4058 Ante
1120 4018 1171 4058 sos
1188 4000 1294 4058 edeba-

218 4094 275 4162 tur,
294 4097 325 4144 nt
342 4087 371 4144 in
390 4087 539 4144 codicibus
551 4085 747 4143 deterioribus
758 4097 802 4142 est
815 4086 909 4160 (EUx,
927 4085 1007 4144 Gud.
1019 4094 1154 4161 utroque,
1167 4086 1294 4157 Monac,

217 4171 369 4246 vindob),
393 4182 421 4228 ut
443 4191 527 4247 aeque
549 4173 647 4245 (eque).
682 4171 742 4228 Pro
765 4171 833 4245 quid
854 4190 916 4244 erpo
937 4172 981 4245 (nt
1004 4180 1049 4228 est
1071 4170 1158 4227 stiam
1183 4170 1213 4227 in
1236 4190 1293 4247 mg.

218 4255 316 4324 Crat.;
338 4275 405 4312 nam
429 4257 570 4312 edebatur
593 4258 672 4327 cuba)
695 4255 759 4314 cod.
784 4255 861 4314 Mor.
885 4257 954 4329 quid
974 4259 1064 4329 iqitar.
1110 4254 1206 4312 Panlo
1228 4263 1296 4330 post

217 4351 279 4397 crite
301 4344 513 4416 explorastionem
530 4341 618 4397 etiam
637 4358 694 4416 mg.
714 4339 804 4411 Crat,
828 4339 893 4399 cod.
911 4342 1000 4408 Mor,
1019 4339 1098 4415 Spir.
1115 4336 1186 4418 [B];
1209 4339 1295 4397 resti·

218 4434 315 4483 tuerat
337 4427 478 4483 Davisius
501 4445 537 4483 ex
559 4425 606 4482 El.
629 4434 659 4482 et
676 4426 792 4495 Mead.;
813 4433 883 4483 ante
905 4428 946 4498 (et
969 4425 1062 4500 Oxx.)
1083 4426 1317 4502 explicationem,'
