3030 5086
454 433 498 478 nu
520 432 602 479 usn.
624 432 687 480 nis.
711 433 745 479 ui
767 432 840 480 can.
864 435 900 483 n.
919 431 1052 496 (ao-ar.)
1227 415 1290 480 407
1391 475 1398 488 ,

218 600 339 667 occulta
355 600 443 666 nobis
460 606 541 679 sunt,
564 602 719 682 quomodo
737 605 922 666 moveantur
942 600 1118 681 quibusque
1134 600 1292 666 decausis

218 721 256 769 ee
271 708 436 773 versentur
457 701 490 765 in
512 702 619 766 caelo?
652 703 730 783 Quis
746 709 851 768 autem
867 708 932 768 tarn
950 702 1127 784 agrestibus
1142 702 1293 768 institutis

216 804 295 871 vivit
315 809 371 868 aut
392 803 462 884 quis
483 810 593 869 contra
615 804 720 869 studia
741 811 874 870 naturae
895 808 961 868 tarn
979 804 1178 869 vehementer
1194 803 1292 870 obdu·

217 905 290 985 ruit
312 912 348 970 ut
368 924 388 970 a
409 905 503 970 rebus
526 904 700 986 cognitione
716 905 818 988 dignis
834 905 1005 971 abhorreat
1021 924 1137 987 easque
1153 905 1221 970 sine
1237 923 1292 969 vo-

195 1007 338 1089 ·luptate
359 1011 414 1071 aut
436 1006 570 1071 utilitate
592 1007 698 1087 aliqua
713 1025 775 1071 non
792 1007 931 1088 requiret
947 1016 978 1072 et
994 1006 1164 1089 pronihilo
1183 1006 1294 1088 putet?
1310 1008 1332 1075 5

218 1117 273 1174 aut
295 1109 365 1189 quis
387 1114 444 1184 est,
467 1109 519 1188 qui
542 1108 703 1187 maiorum,
724 1113 781 1173 aut
796 1107 1014 1174 Africanorum
1031 1114 1086 1173 aut
1102 1109 1179 1187 eius,
1200 1126 1294 1189 quem

293 1284 311 1329 1.
330 1277 444 1341 quomodo
469 1286 605 1327 moveantur
629 1293 677 1328 om.
697 1278 721 1326 E
743 1294 789 1340 quo
812 1286 949 1328 moveantur
966 1277 1086 1330 LPMCR
1126 1283 1149 1327 2.
1168 1280 1295 1328 ueremur

169 1410 171 1414 Ι
222 1344 366 1413 [AJLPMc
402 1351 425 1397 8.
444 1345 568 1395 obduravit
585 1361 672 1397 omnes
708 1346 881 1410 ⁴1.me
918 1352 940 1396 b.
959 1355 1061 1410 supro
1079 1345 1191 1397 nibiboli

307 1485 355 1542 37.
378 1487 509 1559 quomodo
525 1485 692 1559 moveantur)
706 1484 756 1545 Sic
767 1484 842 1542 Pell.
855 1482 1048 1558 (omnesne?),
1068 1485 1136 1542 Par.
1150 1486 1178 1554 2,
1196 1479 1294 1560 Εξχψ,

219 1568 299 1640 Gzii,
323 1577 447 1644 excepto
471 1568 549 1627 Gud.
563 1569 591 1638 2,
615 1588 726 1640 omnes,
749 1578 779 1627 et
800 1569 842 1627 sic
865 1569 922 1626 iem
947 1569 1016 1628 edit.
1041 1588 1067 1629 a.
1096 1572 1185 1628 1480.
1236 1567 1295 1636 Quo

219 1655 300 1712 Vict.
323 1654 493 1729 etquidem
517 1654 582 1724 nlii;
606 1654 665 1712 vid.
684 1654 842 1725 acinos:
871 1650 910 1734 [B
928 1650 1050 1732 utErl.]
1083 1656 1149 1712 Hoc
1166 1653 1295 1712 studium

219 1758 317 1797 rerum
340 1739 511 1797 coelestium
533 1739 801 1815 cognoscendarum
830 1739 860 1796 in
889 1739 945 1795 bec
966 1756 998 1794 re
1021 1738 1096 1796 solet
1118 1757 1295 1796 commemo·

219 1825 294 1893 reri3
318 1823 370 1882 cfr.
393 1824 434 1894 II,
448 1825 498 1884 46.
534 1824 593 1882 Sed
616 1835 649 1882 ut
670 1843 748 1881 nunc
769 1824 916 1894 scribitur,
939 1824 985 1880 bis
1008 1824 1121 1881 verbis:
1143 1826 1204 1893 illo,
1227 1842 1297 1897 quoe

220 1912 323 1968 occulta
356 1910 430 1967 uobis
462 1919 525 1966 suut
552 1912 729 1983 (moueantur)
757 1928 884 1984 corpore
909 1908 1050 1966 caelestis
1077 1909 1296 1978 describuntnr;

191 2068 193 2072 Δ
221 1995 304 2070 etqui
326 1994 379 2050 ille
400 1993 516 2051 occulte
538 1994 657 2051 minime
679 2004 756 2053 sunt.
803 1995 868 2051 Hoc
885 1994 1040 2070 post‘Dav.
1057 1993 1206 2051 intellexit
1224 1994 1296 2051 Bre-

221 2079 312 2150 mius,
346 2079 396 2152 qui
425 2078 556 2153 scripsit:
586 2082 716 2153 quomodo
743 2089 897 2136 moveantur
926 2089 1033 2137 ostra.
1079 2078 1180 2138 Sensit
1206 2078 1297 2155 igitur
1329 2136 1333 2144 ,

221 2164 311 2222 illud:
343 2167 413 2221 seire
439 2167 561 2239 cupsinus
583 2167 645 2235 ibic,
673 2184 743 2239 quae
765 2197 805 2207 —
828 2175 905 2234 eunt,
933 2163 1111 2240 generaliter
1132 2163 1205 2235 dici,
1234 2172 1295 2220 turn

221 2249 348 2324 exempli
372 2249 437 2306 loco
459 2249 583 2306 alterum
607 2249 740 2326 adiungi3
764 2250 815 2306 sed
838 2249 981 2307 correctio
1004 2248 1114 2305 nullam
1136 2248 1297 2324 probabili·

221 2343 312 2394 tatem
334 2334 432 2391 habet.
465 2335 625 2391 Praeterea
638 2335 713 2391 Der.
731 2334 888 2405 intellexit,
911 2352 969 2391 non
989 2351 1094 2391 vacere
1117 2333 1298 2410 tautologiae

222 2419 343 2477 crimine
366 2419 452 2477 haec:
480 2420 610 2493 quomodo
637 2429 793 2477 moueantur
814 2420 964 2494 quibusque
985 2420 1019 2476 de
1040 2421 1130 2476 caucis
1151 2428 1296 2487 versertur,

221 2523 298 2579 quse
321 2504 456 2561 Bremius
485 2523 543 2561 uon
572 2503 645 2560 bene
674 2513 805 2562 excuset.
849 2502 942 2562 Codd.
965 2503 1041 2561 Pell.
1064 2521 1179 2574 omnes,
1208 2503 1297 2575 Dav,

222 2589 302 2648 Oxx.
326 2588 399 2664 nug
420 2598 568 2646 mouetur.
619 2586 659 2669 [B
681 2608 746 2646 curn
770 2588 831 2645 Erl.
853 2584 1016 2667 versemus]
1051 2587 1177 2645 Videtur
1193 2587 1297 2647 Cicero

222 2674 393 2749 scripsisse:
415 2675 547 2749 quomodo
568 2684 723 2731 movantur
744 2675 894 2749 quibusque
910 2676 944 2731 de
959 2676 1050 2731 counio
1066 2692 1108 2744 eo,
1131 2692 1218 2748 quae
1238 2694 1298 2730 ver·

222 2770 335 2818 eantur
356 2763 383 2815 in
405 2761 477 2816 coebo
494 2759 536 2832 (id
559 2768 613 2830 est,
635 2777 761 2835 corpore
781 2759 942 2833 caelestis).
976 2758 1036 2817 Pro
1058 2768 1213 2816 moueantur
1234 2759 1298 2816 cod.

224 2844 301 2905 Scal.
325 2854 355 2902 et
377 2844 422 2901 El.
450 2846 462 2900 l
487 2854 627 2901 necamur.

310 2926 449 3006 obduruit)
465 2928 685 2987 Correctionern
704 2930 778 2986 hanc
796 2929 906 2987 babent
923 2929 986 2987 cod.
1000 2928 1044 2986 El.
1057 2929 1110 3003 (1),
1129 2921 1181 2995 Εξ,
1199 2936 1301 2985 tenue-

223 3024 351 3089 runtque
373 3014 435 3072 fere
458 3014 585 3071 editores
606 3015 674 3071 inde
697 3015 812 3073 eOret.
838 3023 955 3090 praeter
966 3014 1043 3070 Vict.
1068 3024 1097 3070 et
1120 3012 1207 3072 Grut.
1230 3013 1301 3085 (iam

224 3120 252 3159 a.
278 3101 373 3169 14803
402 3101 545 3156 obduravit
573 3119 629 3176 mg.
652 3099 754 3173 Cret).
798 3100 922 3156 Totiens
950 3098 1055 3158 Cicero
1084 3098 1180 3156 forme
1215 3098 1302 3156 huius

225 3185 446 3262 significationis
470 3185 590 3260 proprie
613 3203 682 3241 usus
705 3193 758 3253 est,
781 3184 855 3242 adeo
878 3184 960 3241 nulla
982 3203 1018 3241 ne
1040 3183 1118 3259 epud
1141 3183 1216 3241 elios
1238 3184 1303 3257 qui·

225 3272 291 3328 dem
320 3270 535 3327 inconstantiae
557 3270 684 3346 vestigia
710 3278 778 3327 sunt
805 3269 874 3343 (uisi
903 3269 969 3342 quis
995 3269 1172 3344 imperativo
1199 3269 1304 3326 obdura

225 3355 360 3414 obsolute
382 3374 400 3412 e
422 3355 518 3430 poetis
541 3355 637 3430 posito
660 3354 771 3429 aliquid
795 3354 924 3427 tribuit),
955 3363 988 3411 ut
1009 3354 1060 3411 vix
1084 3353 1213 3410 dubitari
1235 3372 1303 3429 pos·

225 3441 280 3512 sit,
310 3441 380 3514 quin
409 3441 496 3497 unius
518 3440 634 3497 litterae
658 3440 793 3497 mendum
816 3440 910 3497 codex
933 3439 1012 3496 arch.
1035 3439 1181 3496 hebuerit.
1226 3439 1304 3496 Turn

225 3528 330 3603 cognitu
353 3526 389 3582 ad
407 3526 510 3584 Lamb.
524 3534 553 3582 ot
565 3525 653 3585 Grut.
670 3535 864 3601 propagatum
888 3533 961 3594 erat,
984 3533 1086 3582 contra
1108 3523 1192 3581 codd.
1205 3524 1304 3597 (Dav,

227 3610 316 3682 Oxx,
339 3610 430 3684 Gzii).

312 3701 456 3766 maiorum,
485 3705 533 3752 out
556 3696 747 3770 Africanorum
774 3704 821 3751 aut
843 3698 899 3752 eius
921 3693 990 3769 cet.)
1014 3695 1105 3768 Recte
1127 3703 1158 3750 et
1180 3693 1306 3751 maiores

226 3781 422 3839 communiter
444 3781 631 3856 appellentur
653 3790 683 3837 et
704 3779 831 3855 primum
853 3779 950 3837 locum
974 3787 1075 3836 tenent
1097 3777 1247 3847 Africani3
1276 3777 1306 3835 id

226 3866 338 3943 ambigi
360 3875 466 3941 potest,
489 3866 520 3923 in
543 3865 686 3941 exemplis
708 3865 809 3941 generi
831 3864 1043 3941 subiungendis
1065 3873 1183 3922 rectene
1200 3863 1307 3920 siccut

227 3984 269 3999 -
287 3962 334 4009 out
350 3960 487 4027 ponetur,
504 3951 588 4024 quasi
600 3950 707 4008 divisio
719 3951 765 4008 sit.
795 3950 988 4009 Scribendurn
1001 3949 1132 4006 videtur:
1150 3949 1307 4023 utAfrica·

227 4057 330 4106 norum,
355 4037 433 4111 quod
456 4036 514 4093 iern
538 4035 614 4095 Gzio
637 4036 667 4092 in
691 4044 817 4093 mentem
837 4035 927 4092 venit.
972 4030 1072 4114 [Quod
1085 4034 1201 4091 Alanus
1214 4036 1308 4091 illari·

228 4141 330 4179 morum
347 4141 401 4198 pro
418 4125 549 4179 maiorum
565 4121 692 4196 scripsit,
715 4139 811 4194 neque
827 4121 931 4178 abesse
948 4119 1096 4196 generalis
1112 4119 1194 4177 notio
1211 4127 1309 4194 potest

229 4225 283 4265 nec
304 4207 347 4265 sic
361 4209 480 4265 Memini
489 4207 580 4282 (quod
602 4225 758 4264 commune
775 4224 880 4263 nomen
898 4205 1029 4264 familiae
1046 4207 1103 4278 est)
1120 4205 1309 4280 appellentur

229 4302 264 4349 ut
284 4292 437 4362 Africani3
461 4293 548 4367 longe
570 4292 657 4349 aliter
674 4291 739 4350 Cat.
757 4292 794 4349 13
818 4290 956 4366 Scipiones
974 4301 1022 4348 out
1044 4286 1185 4369 Morini]
1219 4291 1309 4348 Prou-

229 4377 426 4437 uumCetonis
448 4377 614 4435 censorium
636 4377 720 4435 illum
743 4395 812 4445 non,
835 4384 868 4433 ut
889 4377 1041 4434 Manutius
1063 4375 1189 4451 putavit,
1213 4374 1309 4434 minus
