3030 5086
222 453 284 518 832
584 468 756 517 exeussus
781 470 800 516 v
823 470 865 515 ar
890 469 932 515 vr.

221 660 322 700 rursus
356 642 560 708 confirmatur,
598 640 752 722 honestum
790 659 843 715 per
880 658 911 697 se
945 641 1140 717 expetendum
1175 659 1250 699 esse.
1266 641 1295 716 ¹)
1378 702 1384 713 ,

222 727 337 784 Deinde
364 736 461 784 eutem
485 725 603 797 Cicero,
632 743 698 783 cum
726 743 764 783 ax
791 725 933 801 ampliore
960 725 1069 803 scripto
1097 724 1214 785 Graeco
1243 737 1294 784 aut

221 812 355 888 pluribus
378 830 491 869 summa
513 811 610 888 capita
631 811 857 881 sententiarum,
882 829 957 886 qnae
979 811 1015 867 ad
1038 811 1124 870 finem
1148 812 1294 870 bonerum

222 906 251 955 et
283 916 379 955 rarum
409 896 603 973 differentiam
631 897 825 973 pertinerent,
859 905 1043 971 excerperet,
1076 896 1192 955 duobus
1218 897 1295 955 locis

221 985 249 1056 (5
268 982 306 1039 35
328 991 357 1039 et
375 983 429 1058 49)
451 982 563 1056 aliquid
585 982 785 1057 imprudenter
806 981 962 1038 retinuisse
984 981 1108 1052 videtur,
1130 983 1208 1057 quod
1231 983 1295 1040 illic

221 1067 346 1126 fortasse
379 1085 445 1124 cum
478 1067 592 1141 reliqua
619 1067 817 1142 disputatione
847 1066 1033 1124 coniunctum
1061 1066 1164 1139 fuerit,
1199 1077 1229 1125 et
1263 1068 1293 1125 in

221 1170 274 1210 suo
296 1153 373 1210 libro
395 1152 437 1210 ita
459 1152 600 1229 posuisse,
623 1160 665 1223 ut,
689 1171 746 1226 quo
768 1151 913 1228 pertineat
931 1151 1039 1226 quidve
1058 1152 1096 1209 ad
1112 1171 1174 1210 rem
1191 1152 1293 1222 faciat,

221 1256 279 1295 non
302 1246 453 1314 appareat.
498 1238 652 1295 Postremo
671 1237 701 1294 in
724 1237 820 1294 media
841 1236 1015 1294 tractatione
1036 1232 1096 1293 anis
1118 1222 1294 1313 ἀδιαφόρων

222 1327 236 1392 §
261 1323 299 1380 55
331 1323 427 1380 subito
450 1324 591 1380 bonorum
615 1322 788 1380 divisionem
812 1322 895 1397 quasi
917 1322 995 1380 iusto
1018 1322 1083 1379 loeo
1105 1322 1203 1398 ponit:
1231 1322 1294 1380 Se·

221 1411 340 1482 quitur
360 1410 409 1465 itta
431 1410 534 1476 divisio,
557 1417 586 1465 ut
608 1408 733 1465 bonorum
754 1409 811 1465 alia
832 1411 885 1465 aiut
907 1415 972 1478 cat,
995 1426 1081 1482 quam
1104 1417 1226 1484 apparet
1251 1407 1292 1465 ibi

220 1493 385 1568 ponendam
407 1492 506 1556 fuisse,
529 1493 579 1550 ubi
602 1493 637 1550 de
660 1492 728 1550 boni
752 1492 870 1550 notione
893 1501 922 1551 et
944 1492 1112 1550 definitione
1135 1494 1293 1561 diceretur,

221 1587 253 1635 ut
275 1579 307 1636 fit
329 1578 408 1654 apud
429 1580 569 1636 Ioannem
594 1577 676 1638 Stob.
702 1583 742 1654 (p.
760 1580 830 1652 100)
853 1587 881 1635 et
905 1577 1066 1655 Diogenem
1090 1578 1188 1635 Laert.
1207 1578 1292 1649 (vn,

223 1665 261 1721 96
279 1667 367 1739 sqq).
406 1663 464 1724 Sed
487 1673 537 1720 aut
560 1664 623 1738 ipse
646 1662 750 1722 Cicero
772 1663 820 1720 hic
842 1682 905 1720 eam
929 1662 1112 1738 interposuit,
1136 1681 1200 1720 cum
1224 1682 1292 1720 sero

221 1748 387 1807 admonitus
410 1759 486 1808 esset
508 1748 611 1820 simili,
636 1767 721 1824 quam
746 1753 760 1818 §
785 1750 823 1806 56
847 1746 993 1823 adiun'git,
1021 1744 1079 1804 τῶν
1100 1741 1292 1825 προηγμένων

221 1834 375 1904 divisione,
398 1846 449 1892 aut
470 1835 547 1910 apud
566 1833 722 1904 Graecum,
746 1853 832 1908 quem
850 1833 1036 1908 sequebatur,
1059 1851 1123 1890 eam
1147 1833 1201 1889 hoc
1224 1832 1292 1889 loco

221 1920 449 1995 comparationis
471 1938 559 1978 cauea
581 1930 837 1978 commemoratam
860 1918 999 1994 repperit.

632 2190 881 2198 ..———-—--—

222 2427 261 2489 u.
307 2426 590 2504 osreuuuuu,
629 2425 874 2503 cnououuu,
912 2425 1027 2502 ouon
1060 2424 1135 2489 usu
1171 2421 1289 2504 quus-

223 2525 322 2608 ouu,
345 2529 428 2594 cuo
451 2529 515 2609 ao,
540 2528 654 2608 quon
676 2528 753 2594 uss
778 2524 1289 2608 QUIOUMQUE,NONPON1

221 2630 334 2697 apuu
362 2630 606 2698 ereuuouau
624 2628 876 2798 pcqqpqqqqss
894 2628 1080 2696 urusonu
1109 2626 1289 2693 neruus

577 2885 628 2934 AD
647 2885 714 2935 utu.
728 2884 768 2933 111
787 2883 815 2935 C.
833 2889 871 2943 15,
892 2889 932 2936 51.

304 3161 479 3231 Pronomen,
503 3161 580 3235 quod
604 3172 647 3219 est
670 3165 791 3236 quiaque,
814 3180 867 3237 pro
885 3179 928 3225 eo,
952 3161 1029 3234 quod
1052 3172 1095 3218 est
1118 3168 1286 3236 quicumque,

218 3245 295 3321 apud
319 3244 489 3304 Ciceronem
512 3258 541 3303 et
570 3246 631 3303 eina
659 3246 796 3321 aequales
825 3245 909 3321 poni,
938 3245 1055 3320 quidam
1083 3247 1112 3303 in
1141 3247 1287 3322 scriptura

218 3330 330 3405 aliquot
353 3331 482 3389 locorum
507 3332 661 3389 iudicanda
684 3332 763 3389 etin
787 3331 951 3392 enarrando
973 3332 1046 3390 adeo
1065 3332 1210 3389 incuriosa
1228 3332 1286 3389 dis·

218 3426 332 3492 putant,
356 3425 386 3472 ut
410 3434 446 3472 ne
468 3417 561 3493 ipsius
583 3417 700 3492 quidem
723 3417 810 3474 huius
832 3417 1013 3492 pronominis
1036 3421 1195 3492 quicumque
1211 3435 1286 3493 quae

217 3501 256 3558 sit
278 3510 409 3576 potestas
431 3519 558 3576 ususque
580 3503 668 3573 fines,
697 3503 771 3560 scire
794 3511 824 3559 et
846 3502 975 3578 cogitare
996 3502 1159 3560 videantur.
1205 3502 1285 3577 Quo·

216 3586 294 3643 niam
324 3587 401 3645 enim
430 3587 459 3643 id
487 3587 572 3645 initio
595 3599 625 3645 et
647 3589 764 3664 proprie
787 3606 845 3645 non
868 3587 1027 3656 infinitum,
1056 3589 1105 3644 sed
1128 3589 1284 3646 relativum

216 3671 362 3728 infinitum
385 3683 443 3743 est,
471 3673 596 3748 primum
622 3674 806 3748 maximeque
829 3673 994 3747 quaeritur,
1022 3673 1173 3731 dicaturue
1196 3674 1284 3730 etiam

217 3760 331 3831 quisque
353 3776 406 3832 pro
428 3757 562 3816 relativo.
596 3759 668 3816 Eius
690 3777 768 3828 usus,
792 3759 840 3833 qui
865 3758 942 3834 apud
964 3759 1102 3816 Plautum
1126 3770 1154 3817 et
1174 3760 1285 3817 Teren-

216 3842 289 3899 tium
313 3843 418 3900 dubius
440 3861 498 3900 non
522 3853 579 3901 eet.
607 3844 684 3919 apud
707 3843 878 3903 Ciceronem
902 3854 1018 3918 praeter
1040 3863 1104 3900 eum
1127 3844 1238 3914 iocum,
1267 3862 1284 3900 a

216 3946 274 4001 que
296 3928 369 3984 haec
391 3928 551 4003 disputatio
575 3940 638 3987 orta
661 3939 714 3997 est,
739 3939 765 3986 ct
789 3929 870 3987 illum
894 3930 982 4005 paulo
999 3930 1125 4004 priorem
1139 3930 1208 4002 (ΙΙΙ.
1222 3930 1284 4002 45).

244 4199 266 4261 ''
285 4198 868 4317 itittuufftuttrattati?
886 4201 1203 4318 Pti⁰¹t2t23sst0⁰⁰b⁸tu
1219 4200 1283 4318 fiii

284 4281 352 4383 recia
371 4335 428 4384 loeo
446 4336 528 4399 posita
547 4351 592 4386 nec
610 4283 671 4385 saliis
690 4337 721 4385 ad
741 4311 865 4401 reliquam¹
886 4286 1210 4403 disputationcmnaedhibita
1229 4339 1283 4387 eul-

284 4417 342 4467 pam
361 4419 375 4452 a
395 4403 515 4454 Cicerone
533 4404 558 4454 in
577 4406 677 4456 Stoicos
695 4407 810 4454 transtuli
830 4409 916 4471 (53³),
935 4408 996 4466 iere,
1013 4417 1041 4455 nt
1059 4407 1155 4472 opinor.
