3030 5086
460 494 504 539 uu
526 493 608 540 usu.
630 493 693 541 um.
716 495 751 542 iv
773 494 846 541 car.
868 498 904 544 ro.
925 495 1057 560 (ss-ss.)
1231 477 1296 544 559

223 669 304 728 rant.
347 662 398 727 54
421 663 456 726 In
480 663 581 743 prima
602 661 697 742 igitur
718 662 939 729 constitutione
950 664 1034 729 Zeno
1056 671 1128 729 tuus
1146 664 1298 730 enatura

222 763 360 843 recessit,
382 779 513 844 cumque
535 781 688 829 summum
710 765 824 830 bonum
845 765 1005 847 posuisset
1023 765 1057 830 in
1073 765 1187 847 ingenii
1203 785 1295 848 prae·

222 865 354 945 stantia,
378 884 471 947 quam
492 866 639 932 virtutem
661 883 822 945 vocamus,
849 867 1096 949 necquidquam
1118 868 1203 933 aliud
1225 885 1296 934 esse

221 968 337 1034 bouum
365 967 509 1046 dixisset,
542 968 603 1034 nisi
631 969 716 1050 quod
743 974 827 1035 esset
853 967 1032 1050 honestum,
1065 987 1122 1034 neo
1148 970 1295 1036 virtmem

291 1193 313 1240 2.
329 1189 444 1253 potuim
462 1189 578 1253 inqeut'ill
614 1195 637 1238 8.
655 1191 789 1240 vineato
815 1190 877 1240 salt
904 1191 987 1240 Maura
1004 1208 1056 1241 eree
1073 1189 1172 1240 dietim
1180 1190 1293 1242 Pcssor.

222 1257 321 1308 dikum
338 1274 390 1307 esre
408 1259 490 1307 bonam
509 1258 528 1305 L

222 1467 298 1523 Dav.
305 1475 335 1522 et
346 1467 533 1533 recentiorem
545 1464 698 1540 leniusque
709 1467 765 1523 hoa
776 1474 907 1523 mutatur
917 1484 1004 1540 quam
1017 1484 1054 1523 ex
1067 1466 1161 1523 altero
1172 1466 1205 1522 iit
1217 1467 1295 1524 aber·

221 1552 327 1618 rabant,
351 1562 383 1607 ut
402 1550 495 1610 Gaius
518 1550 645 1617 volebat,
669 1550 843 1609 Sohaemus
860 1550 940 1620 feeit,
963 1569 1027 1608 oum
1052 1552 1223 1627 praesertim
1246 1552 1294 1609 hie

220 1637 331 1694 nullam
354 1636 497 1693 rationem
521 1637 629 1693 habeat
646 1634 776 1694 futurum
794 1648 909 1712 tempus
926 1637 1107 1709 condicionis
1124 1655 1189 1694 oum
1211 1655 1294 1712 prae·

221 1721 298 1779 senti
320 1722 518 1792 coniunctum,
541 1732 573 1778 ut
589 1723 614 1791 1,
629 1724 657 1792 6,
680 1722 731 1779 ubi
748 1722 939 1798 significatur,
961 1719 1088 1779 fortasse
1109 1721 1220 1796 aliquid
1243 1722 1294 1779 ad-

221 1807 368 1864 versarios
391 1808 519 1864 dicturos
542 1826 614 1871 esse,
638 1817 668 1864 et
688 1807 866 1884 generaliter
887 1807 1065 1878 ostenditur,
1089 1807 1158 1882 quid
1182 1826 1219 1864 ex
1242 1807 1295 1865 tali

220 1893 367 1950 sententia
389 1903 536 1966 sequatur.
583 1893 640 1949 llio
669 1911 726 1950 non
755 1893 790 1949 de
818 1890 919 1950 futura
940 1892 1065 1967 quadam
1088 1893 1295 1950 convenientis

221 1977 327 2052 agitur,
350 1979 401 2034 sed
425 1979 460 2034 de
483 1997 527 2046 ea,
551 1996 625 2051 quae
648 1978 705 2034 iam
729 1979 776 2036 sit.
823 1977 992 2056 [Debeomns
1014 1979 1102 2036 etiam
1125 1975 1176 2056 Β.]

307 2063 357 2120 54.
381 2066 408 2119 in
426 2067 519 2138 promo
540 2062 736 2142 constitutione)
758 2064 826 2121 Non
849 2064 930 2121 illam
954 2063 1041 2139 plane
1062 2065 1186 2140 primam
1210 2063 1294 2121 insti·

222 2147 362 2206 tutionem
385 2148 539 2224 intellegit,
563 2167 621 2222 qua
640 2148 728 2206 homo
750 2150 787 2206 ad
810 2169 841 2207 se
863 2149 1042 2225 diligendum
1066 2149 1217 2207 conciliari
1241 2168 1293 2223 pu·

223 2233 352 2301 tebatur3
381 2252 448 2290 nem
477 2253 541 2290 eam
565 2234 652 2290 etiam
677 2235 757 2291 Zeno
780 2235 899 2291 tenebat
920 2243 950 2290 et
972 2244 1074 2309 postea
1096 2235 1212 2291 demum
1235 2235 1293 2291 dis·

222 2319 343 2375 cedebat
371 2319 417 2391 (ub
445 2321 538 2376 iisdem
561 2322 703 2394 prirroipiia
726 2322 843 2394 profecti
869 2324 883 2390 §
906 2320 968 2394 26).
1012 2321 1077 2377 Hoc
1100 2319 1190 2395 igitur
1212 2319 1292 2388 dioit,

221 2421 286 2460 oum
305 2404 386 2461 Zeno
409 2405 438 2460 in
462 2423 521 2461 una
537 2404 645 2460 virtute
665 2422 808 2461 summum
832 2405 940 2462 bonum
964 2404 1174 2475 constituisset,
1197 2417 1295 2462 cetera

220 2488 288 2546 huic
310 2489 512 2546 constitutioni
535 2497 732 2545 consentanea
754 2508 818 2546 eum
842 2489 986 2548 docuisse.

306 2594 362 2631 esse
385 2575 492 2650 boram)
516 2574 565 2632 sie
589 2574 666 2650 Spir.
691 2592 808 2648 quoque
827 2573 893 2652 [B].
929 2575 1022 2632 Paulo
1045 2576 1294 2650 postpositam,

221 2661 295 2734 qood
316 2662 393 2716 aliud
414 2662 468 2716 atio
489 2662 581 2716 melios
604 2669 685 2730 esset,
708 2659 865 2717 Nissenius
888 2661 1111 2735 interpretatur:
1134 2662 1295 2735 quidquam,

215 2754 330 2820 propter
352 2747 433 2820 qood.
457 2746 486 2802 in
510 2763 569 2819 qua
591 2745 738 2801 sententia
760 2745 926 2802 necessario
949 2745 1134 2802 scribendum
1152 2755 1215 2801 erat
1233 2764 1294 2819 qao.

220 2829 280 2889 Sed
302 2830 398 2887 haesit
415 2832 443 2887 in
467 2831 568 2887 eadem
587 2829 770 2900 difficultate,
795 2848 870 2903 quae
887 2831 975 2887 etiam
988 2831 1112 2887 Davisio
1129 2838 1159 2887 et
1175 2830 1295 2887 Bromio

220 2915 250 2972 in
272 2915 349 2972 libro
367 2917 426 2982 III,
440 2917 479 2971 25
503 2925 621 2990 praeter
637 2914 720 2971 verbi
743 2919 868 2973 interesse
889 2924 1065 2972 structuram
1088 2916 1212 2972 molesta
1228 2914 1294 2972 fuit.

220 2999 294 3059 Cum
317 3001 394 3057 enim
419 3001 541 3069 dieitur,
570 3001 637 3056 m'lzit
663 3020 720 3057 ease
747 3011 799 3056 aut
820 3003 970 3076 quidquam
992 3020 1062 3069 ease,
1091 3002 1165 3075 quod
1186 3002 1295 3074 differat

219 3095 272 3143 aut
293 3089 385 3143 melios
408 3090 456 3155 ait,
486 3086 550 3161 ipsa
578 3104 625 3142 res
647 3083 786 3143 differens
808 3097 860 3143 aut
881 3086 985 3143 melior
1007 3086 1179 3161 pronomine
1203 3086 1293 3162 signi·

219 3172 337 3240 fiostur3
360 3173 460 3247 itaque
483 3171 647 3227 addendum
671 3180 784 3227 tontum
807 3172 924 3228 videtur
946 3171 980 3227 ab
1002 3173 1055 3228 alio
1076 3181 1128 3228 aut
1149 3173 1210 3242 alio,
1233 3189 1292 3227 non

219 3259 296 3313 aliud
317 3259 351 3313 ob
373 3260 427 3314 olio
449 3259 538 3329 (aliod
558 3257 632 3329 alio),
656 3274 693 3312 ne
715 3256 825 3332 duplex
848 3257 1010 3313 subiectum
1033 3257 1202 3327 habeamus,
1226 3274 1292 3314 eum

218 3344 293 3417 quod
314 3361 401 3399 unam
424 3362 485 3399 rem
510 3342 654 3418 significet
680 3360 734 3421 neo
757 3341 849 3398 dividi
871 3352 901 3398 et
923 3350 1079 3416 utrumque
1101 3345 1143 3415 (st
1163 3344 1242 3399 attat
1262 3351 1292 3398 et

217 3429 253 3484 ab
280 3430 346 3501 alio)
374 3428 528 3503 complecti
557 3429 658 3501 possit.
709 3425 768 3486 Sed
795 3427 922 3484 naturali
951 3427 1077 3501 quadam
1105 3427 1292 3504 neglegentia

218 3513 294 3570 bane
316 3514 508 3570 subtilitatem
532 3513 631 3588 sperni
653 3521 683 3568 et
705 3512 746 3569 sia
768 3513 935 3588 pronomini
951 3514 1026 3587 quod
1041 3513 1198 3589 superaddi
1214 3513 1293 3569 aliod

217 3599 253 3655 ab
274 3601 344 3669 olio,
368 3609 399 3656 ut
420 3618 517 3656 rerum
541 3607 642 3654 mutua
664 3595 830 3654 differentia
851 3599 1046 3674 significetur,
1070 3607 1186 3672 praeter
1207 3598 1289 3655 illum

217 3684 287 3741 libri
310 3685 389 3741 tertii
412 3685 507 3741 locum
531 3683 693 3740 clarissime
715 3684 858 3753 ostendit,
887 3684 965 3757 quod
988 3683 1017 3739 in
1041 3682 1097 3739 hoa
1119 3683 1194 3740 libro
1218 3683 1289 3753 §47

217 3769 339 3845 legitur:
362 3772 429 3826 nihil
449 3773 539 3846 dr'sfert
561 3770 638 3825 aliud
658 3770 693 3824 ob
709 3771 770 3835 olio,
793 3769 845 3826 ubi
861 3770 962 3826 eodem
983 3769 1068 3825 modo
1086 3770 1153 3825 uitii
1168 3778 1197 3825 et
1214 3769 1292 3825 aliod

218 3867 403 3925 concurrunt,
427 3866 455 3911 et
472 3856 550 3929 quod
563 3855 622 3920 ΙΙΙ,
636 3854 690 3911 31:
714 3856 780 3911 nibil
795 3856 873 3911 uliud
888 3857 937 3912 olii
952 3864 1157 3929 anteponentem.
1188 3851 1290 3932 [Com-

217 3941 379 4016 parandum
404 3942 492 3998 etiam
516 3940 588 3996 illud
609 3940 665 4005 ΙΙΙ,
685 3940 739 3996 74:
761 3942 829 4014 quid
850 3959 900 3996 non
922 3945 962 3997 sio
983 3941 1061 3997 aliud
1081 3960 1115 3997 eo
1136 3941 1189 3996 alio
1211 3943 1291 3997 neoti·

217 4034 281 4083 tort
314 4027 351 4086 V.
371 4027 426 4084 83:
449 4030 497 4100 qui
515 4035 602 4100 potest
623 4044 679 4082 eoae
701 4028 884 4100 qaisquam
905 4030 997 4084 otios
1019 4027 1089 4082 olio
1111 4027 1226 4082 beatior!
1257 4025 1290 4082 11

217 4111 253 4167 de
277 4111 377 4170 Divin.
403 4112 452 4181 89,
478 4110 535 4170 Off.
558 4112 583 4182 1,
608 4111 637 4182 7,
660 4110 767 4168 Parad.
791 4112 840 4182 20,
864 4110 900 4166 de
923 4113 973 4171 Or.
998 4111 1060 4179 III,
1086 4112 1154 4168 117.
1200 4110 1288 4170 Simi-

216 4197 284 4253 liter
306 4196 430 4268 Graeoi,
460 4207 492 4253 ut
515 4197 648 4271 Thucyd.
672 4197 748 4260 vll,
774 4198 828 4267 64,
853 4196 887 4252 2:
915 4187 961 4263 τὶς
982 4227 1024 4237 -
1047 4187 1146 4272 ἕτερος
1174 4187 1288 4271 ἑτέρου,

217 4282 292 4339 Plat.
322 4283 486 4360 Enthyphr.
500 4285 517 4339 8
531 4284 570 4339 B:
594 4272 683 4346 ἄλλος
706 4314 744 4324 -
769 4273 868 4358 ἕτερος
890 4274 992 4359 ἑτέρῳ,
1015 4281 1165 4338 Phaedon.
1182 4281 1241 4338 100
1252 4279 1288 4351 Ε,

216 4367 266 4439 sl,
290 4370 443 4426 Demosth.
465 4370 538 4439 XX,
566 4365 649 4444 158.]
