3030 5086
480 430 524 476 nr
547 430 629 477 nnn.
652 430 716 477 uns.
738 430 751 476 1
773 430 845 477 car.
870 433 892 480 e.
913 432 1046 490 (rs-ni
1260 415 1303 479 43

218 597 303 663 dixit
322 606 461 663 atomum
482 598 682 679 perpaulum,
710 616 773 679 quo
795 598 872 663 nihil
893 606 1002 680 posset
1022 598 1091 663 fieri
1114 601 1230 678 minum
1257 599 1303 663 itn

221 786 281 836 dele
295 723 316 768 l.
347 718 454 767 alanos
471 714 500 783 Α]
541 715 632 783 [posset
641 716 704 778 fieri
715 726 797 781 posset
814 720 843 775 Α,
862 719 907 767 sed
925 718 1031 767 alterum
1048 726 1130 782 posset
1148 720 1179 767 ab
1197 719 1252 767 esd.
1268 733 1301 768 m.

281 798 335 835 tum

221 909 280 948 nec
300 892 377 950 solet
398 891 469 968 poni
491 890 522 947 in
544 888 687 955 oratione,
710 907 785 963 quae
808 909 826 946 a
845 890 997 966 proposito
1020 901 1050 946 et
1072 890 1186 965 periodi
1205 890 1303 948 forma

221 977 314 1052 paulo
336 976 458 1035 liberius
481 983 689 1050 erogaturum,
716 974 897 1043 revocanda,
920 975 972 1032 sed
994 977 1090 1048 ipitur,
1113 993 1168 1032 nec
1191 975 1302 1052 signifi÷

220 1063 339 1119 catione
361 1072 392 1119 et
413 1059 642 1136 compositione,
665 1077 725 1133 qua
746 1059 943 1135 coniungendi
965 1059 1025 1116 vim
1047 1056 1150 1130 habet,
1174 1060 1212 1117 ad
1235 1079 1301 1118 eum

220 1165 309 1203 usum
331 1156 433 1221 aptum
456 1156 514 1214 est;
536 1144 674 1218 exemplo
696 1153 819 1200 utuntur
840 1163 899 1202 uno
922 1144 1047 1207 Liuiano
1070 1164 1107 1201 ex
1129 1146 1172 1216 ΙΙ,
1199 1146 1247 1212 12,
1272 1146 1301 1216 3,

219 1231 288 1307 ipso
311 1240 432 1307 propter
454 1231 529 1287 hauc
551 1229 738 1286 insolentiam
762 1229 866 1299 dubi03
890 1229 995 1286 deinde
1018 1230 1099 1287 nulla
1116 1231 1235 1288 omnino
1254 1230 1312 1290 hic,

219 1326 269 1373 est
291 1316 405 1391 periodi
421 1315 490 1373 talis
509 1313 639 1385 inflexio,
663 1323 696 1370 ut
717 1314 747 1370 in
771 1314 850 1370 viem
872 1314 1039 1372 revocanda
1060 1314 1165 1384 fuerit3
1189 1315 1302 1391 protasi

219 1401 305 1458 brevi
333 1401 477 1459 subicitur
498 1398 651 1474 spodosis‚
680 1417 717 1454 ne
740 1399 861 1456 minima
889 1400 1007 1473 quidem
1037 1401 1183 1457 sententia
1211 1400 1301 1456 inter·

219 1486 329 1562 posita.
377 1487 484 1559 Itaque
512 1484 559 1540 hic
587 1502 624 1541 ne
651 1487 733 1557 ipitur
759 1484 877 1558 quidem
906 1484 1002 1541 locum
1030 1485 1198 1542 habitururn
1228 1493 1300 1556 erat,

219 1589 276 1627 nec
298 1570 395 1628 simile
417 1571 510 1627 ullum
532 1569 730 1627 anacoluthon
753 1569 925 1643 reperietur.
961 1569 1052 1645 Apud
1071 1570 1211 1629 Ottonem
1236 1570 1301 1643 qui·

219 1656 304 1725 dem,
334 1657 385 1730 qni
408 1672 564 1712 excursum
587 1655 623 1711 de
646 1654 831 1711 anacoluthis
853 1653 1005 1712 Ciceronis
1033 1654 1070 1710 ad
1099 1656 1176 1711 hunc
1203 1655 1301 1730 ipsum

217 1741 319 1798 locum
340 1739 468 1815 scripsit,
491 1739 533 1795 sio
550 1738 627 1796 inter
649 1748 747 1796 cetera
769 1740 824 1796 hoc
846 1739 1072 1807 intermiscetur,
1096 1749 1129 1796 ut
1151 1757 1240 1796 unum
1264 1739 1301 1796 de
1342 1785 1344 1787 .

219 1824 324 1882 multis
340 1842 406 1883 esse
424 1824 574 1893 rideatur3
597 1833 686 1900 negat
707 1824 785 1881 enim
802 1825 839 1881 ad
859 1834 940 1880 certa
956 1842 1065 1899 genera
1082 1842 1168 1900 posse
1186 1824 1300 1895 referri,

218 1921 251 1967 et
271 1910 373 1967 omnis
395 1908 592 1967 dissimillima
608 1927 667 1966 uno
684 1909 787 1966 ordine
804 1918 966 1965 enumerat.
999 1908 1068 1966 Non
1086 1910 1193 1966 iniuria
1210 1909 1301 1984 igitur

217 2004 391 2071 suspectum
412 1998 504 2068 itaque
524 1991 583 2050 fuit
605 1994 752 2061 Msnutio,
776 1995 896 2063 Ursino,
919 1994 1071 2062 Ernesti03
1095 1995 1150 2051 etsi
1173 1994 1300 2051 addendi

218 2097 298 2154 quse
321 2076 563 2156 potuerit'causa
585 2097 658 2143 esse,
682 2097 739 2135 nun
763 2089 900 2154 apperet3
926 2089 955 2135 et
978 2079 1102 2136 fortasse
1125 2079 1205 2136 aliud
1227 2079 1301 2136 latet

219 2164 375 2235 mendum,
402 2175 436 2222 ut
458 2164 601 2221 exciderit
623 2164 744 2221 verbum
767 2165 901 2239 aliquod,
930 2163 1013 2220 cuius
1036 2165 1199 2221 subiectum
1222 2173 1301 2221 esset

219 2251 298 2305 lonso
318 2260 423 2306 maus.
467 2247 553 2326 [Fuit
575 2268 677 2324 nuper,
700 2250 751 2322 qui
770 2259 863 2306 totum
881 2249 951 2305 hoc:
974 2251 1065 2323 itaque
1087 2281 1127 2292 -
1150 2253 1299 2306 commenti·

217 2338 290 2391 clam
311 2335 443 2401 tolleret,
472 2352 593 2409 prorsus
621 2334 856 2408 improbabiliter
883 2334 930 2390 rel
958 2335 997 2392 ob
1025 2334 1199 2391 vocabulum
1228 2353 1297 2391 emn-

221 2423 381 2476 mentr'cr'am.
427 2416 532 2495 1874]

307 2505 443 2562 &clinare
468 2514 585 2560 atomum
607 2505 785 2578 perpaulum)
816 2504 862 2560 De
884 2504 949 2560 Fet.
975 2503 1030 2559 22:
1058 2506 1173 2561 declinat
1194 2513 1299 2560 atomus

216 2592 359 2646 crtemallo
380 2593 502 2654 anniam
521 2589 556 2645 t'd
576 2590 695 2663 appellat
717 2573 871 2663 ἐλάχιστον
878 2612 887 2654 ,·
917 2608 1000 2662 quam
1022 2591 1222 2646 declinationem
1244 2592 1301 2646 sirie

112 2738 116 2742 Α
216 2693 304 2731 causa
325 2677 392 2744 fieri,
414 2677 440 2731 ei
459 2677 547 2731 numu
568 2674 663 2735 uerbis.
687 2675 839 2746 recepitur
861 2676 988 2746 confiteri.
1030 2674 1108 2732 Add.
1130 2679 1145 2743 ξ
1166 2676 1216 2732 46.
1251 2675 1300 2747 (In

215 2759 318 2835 priore
340 2761 407 2818 loco
430 2760 616 2833 paulopost
639 2758 690 2814 ubi
712 2757 865 2814 scribitur:
889 2758 1019 2832 Sequitur
1040 2763 1116 2830 enim,
1140 2770 1176 2829 ut.
1200 2761 1299 2815 siclin

216 2845 256 2901 ab
287 2847 343 2901 alsa
371 2863 517 2919 numquam
544 2845 708 2918 depellatur,
741 2862 774 2898 ne
805 2847 940 2918 condnpat
972 2847 1080 2917 quidem
1112 2847 1168 2900 alia
1201 2847 1298 2914 aliam,

217 2928 325 2988 Cicero
348 2929 477 2987 scribere
500 2929 616 2985 debuit:
646 2930 752 2983 utalia
779 2928 815 2983 ab
836 2930 892 2984 alla
914 2948 1060 3002 numquam
1083 2931 1247 3004 depellatur,
1276 2932 1302 2986 si

218 3023 329 3071 necet.
364 3013 441 3072 Num
464 3015 506 3070 ita
528 3012 720 3082 concluditur,
744 3030 810 3069 curn
832 3015 922 3070 atomi
946 3016 1034 3070 rectis
1058 3015 1144 3070 lineis
1162 3014 1298 3071 deorsum

218 3098 369 3160 ferantur,
393 3100 480 3155 aliam
505 3098 592 3154 uliam
616 3116 673 3154 non
698 3097 858 3172 attingerc;
882 3099 982 3172 itaque
1005 3119 1041 3155 ne
1065 3099 1212 3175 depellere
1235 3100 1300 3173 qui·

219 3185 302 3253 dem3
337 3185 436 3258 itaque
464 3202 522 3239 non
551 3184 652 3257 pulsu.
687 3183 737 3239 sed
766 3183 829 3239 sine
857 3202 946 3239 causa
975 3185 1039 3241 fieri
1062 3185 1298 3242 declinationem.

220 3269 261 3326 Et
277 3288 352 3344 quae
371 3288 427 3325 non
445 3269 598 3342 contingit.
621 3287 680 3325 non
698 3279 795 3343 potest
812 3269 973 3342 depellere3
997 3288 1072 3343 quae
1091 3289 1149 3327 non
1169 3270 1299 3344 depellit,

221 3363 319 3430 potest
341 3364 439 3411 tamen
463 3372 533 3410 sane
555 3354 733 3428 contingere.
786 3353 832 3413 Si.
857 3365 889 3409 ut
911 3354 1020 3419 editur,
1045 3355 1150 3413 Cicero
1172 3355 1299 3430 scripsit,

221 3439 324 3496 incidit
354 3440 383 3496 in
407 3439 625 3495 conclusionem
649 3457 741 3512 paene
764 3457 857 3512 neque
880 3439 996 3495 inanem
1021 3450 1110 3514 atque
1133 3441 1188 3496 hoc
1211 3458 1299 3515 opere

221 3526 267 3582 ΙΙ.
292 3526 356 3596 35.)
405 3524 546 3580 Pluribus
579 3543 640 3580 rem
675 3525 861 3598 persequitur
893 3525 1049 3581 Lucretius
1079 3527 1125 3584 ΙΙ,
1150 3526 1210 3582 216
1235 3544 1298 3599 sqq.

221 3602 418 3684 Παρίγκλισιν
441 3609 592 3683 appellant
615 3610 741 3666 Ioannes
764 3609 847 3667 Stob.
873 3609 935 3666 Ecl.
959 3611 1048 3686 Phys.
1072 3631 1100 3686 p.
1114 3611 1174 3667 346
1200 3611 1297 3679 Hesp,

222 3692 302 3750 Plut.
328 3693 364 3749 de
388 3694 468 3750 Plac.
491 3694 603 3750 Philus.
627 3695 650 3751 1.
679 3696 714 3750 12
739 3714 765 3768 p.
780 3695 840 3749 883
863 3696 902 3751 A.

306 3798 360 3852 quo
377 3780 444 3835 nillil
456 3790 547 3853 poscet
556 3782 622 3852 fieri
637 3782 736 3853 minus)
748 3780 933 3853 Exprimitur
949 3768 985 3835 τὸ
1003 3766 1166 3854 ἐλάχιστον.
1192 3781 1299 3837 Lucre·

222 3864 280 3919 tius
298 3882 324 3918 v.
339 3863 415 3920 219:
434 3866 559 3938 paulum,
588 3865 710 3921 Tantum.
734 3866 808 3937 quod
828 3885 928 3920 momen
945 3873 1075 3920 mutatum
1092 3867 1180 3920 dicere
1193 3869 1298 3939 possim

221 3952 250 4003 r.
268 3949 345 4004 244:
373 3968 420 4006 nec
445 3952 509 4023 plus
537 3969 620 4023 quam
641 3953 784 4005 minimum.
829 3950 898 4006 Non
921 3950 1092 4006 attendebat
1115 3949 1227 4006 Balrius
1250 3949 1298 4019 (ad

222 4032 410 4092 cleomedem
424 4053 451 4108 p.
465 4035 548 4108 418),
572 4053 638 4091 curn
662 4036 734 4091 haec
751 4033 923 4092 aCicerone
942 4045 1068 4109 negante
1091 4034 1149 4091 dici
1168 4035 1297 4109 putarim

221 4118 322 4192 itaque
351 4119 439 4175 scribi
469 4120 588 4176 volebat-
611 4130 707 4194 potest.
757 4120 836 4193 Quid
865 4120 992 4177 editores
1022 4117 1135 4175 nostri?
1186 4120 1298 4176 Eadem

221 4204 367 4260 sententie
396 4205 544 4279 accipiunt
574 4216 603 4260 et
630 4215 727 4261 tamen
756 4205 936 4262 coniunctivi
965 4204 1168 4280 imperfectum
1198 4205 1299 4262 deien-

222 4288 303 4346 dunt
327 4288 466 4349 Orellius.
491 4291 569 4364 quod
593 4291 630 4347 sit
653 4291 783 4347 omnium
806 4309 943 4348 sanorum
967 4291 1209 4365 philosophorum
1233 4309 1299 4347 sen·

223 4374 316 4431 tentia
344 4375 463 4445 (bonam
493 4393 611 4433 causam
640 4375 862 4448 coniunctivil),
897 4375 981 4439 Otto,
1011 4375 1185 4451 imperfecto
1214 4393 1298 4432 usum
