3030 5086
438 491 481 536 nn
504 490 586 536 nnn.
608 489 671 534 nm.
694 489 730 534 111
752 489 825 535 cnr.
845 491 918 539 e-r.
934 489 1067 549 (ne-sa.)
1226 470 1288 534 381

214 661 371 738 ultimum,
401 657 493 740 quale
515 676 572 722 nos
594 674 747 720 summum
769 657 800 720 in
823 656 889 721 vita
909 657 1024 722 bonum
1047 656 1191 734 dicimus,
1214 655 1291 720 illud

214 768 328 839 autem,
350 766 386 825 ut
407 759 507 835 feriat,
529 758 621 838 quasi
642 758 844 838 seligendum,
867 777 928 822 non
950 759 1165 840 expetendum

301 863 370 928 Vll.
394 863 444 926 23.
468 859 546 925 Cum
567 868 672 924 autem
695 860 799 924 omnia
820 857 923 925 officia
943 878 963 923 a
980 860 1143 942 principiis
1161 867 1292 925 naturae

288 1056 307 1099 l.
327 1047 433 1098 ducimus
452 1048 472 1096 h

215 1207 351 1263 ultimum
375 1203 572 1273 constituitur,
595 1213 628 1259 nt
650 1203 824 1259 excludatur
846 1202 941 1259 omnis
957 1200 1083 1259 feriendi
1100 1203 1293 1279 significatio,

216 1293 333 1365 itaque,
357 1290 426 1363 quia
448 1300 583 1356 cavetur,
607 1306 643 1344 ne
666 1287 695 1344 id
719 1288 960 1363 comprehensum
985 1288 1133 1354 videatur,
1161 1306 1226 1345 cum
1250 1288 1293 1345 sie

216 1377 348 1433 dicatur:
371 1384 400 1430 ut
421 1376 552 1439 collineet,
575 1374 630 1430 hoc
652 1373 836 1447 adiungitur:
858 1383 883 1429 et
905 1382 1013 1429 tomen
1036 1373 1084 1430 boc
1105 1376 1140 1430 cit
1162 1375 1292 1441 adinum,

217 1472 246 1517 ut
263 1464 350 1516 omnia
360 1463 452 1533 fccr'at
468 1468 524 1516 cet.
559 1459 614 1515 Est
630 1467 728 1514 autem
748 1459 819 1514 haec
836 1458 982 1532 scriptura
993 1459 1031 1514 ab
1043 1458 1181 1516 Ernestio
1193 1459 1223 1515 in
1235 1477 1294 1515 una

217 1563 289 1601 voce
302 1545 465 1610 emendate,
484 1562 569 1617 quem
582 1543 760 1599 recentiores
772 1543 864 1599 secuti
877 1552 955 1601 sunt.
979 1543 1057 1601 Nam
1074 1545 1124 1601 sed
1139 1544 1188 1600 boc
1204 1543 1292 1600 etiam

217 1631 353 1697 aliorum,
376 1638 518 1703 quantum
531 1636 655 1692 constet,
679 1627 804 1696 codices,
827 1627 856 1683 in
880 1646 939 1702 que
960 1628 1108 1701 scriptura
1126 1646 1180 1684 nec
1198 1629 1295 1685 cretio

217 1725 333 1772 constet
355 1732 408 1770 nec
431 1713 591 1782 sententia3
619 1713 832 1787 coniungentnr
854 1713 946 1769 enim:
974 1715 1062 1769 murcia
1084 1716 1137 1770 sint
1152 1714 1294 1787 faciendo,

218 1811 246 1856 ut
269 1802 395 1868 coliineet,
417 1809 442 1855 et
464 1808 550 1855 tumen
572 1809 601 1854 ut
623 1801 711 1853 oncnia
726 1800 831 1871 saciat3
854 1798 954 1871 itaque
967 1799 1157 1873 (quamquam
1175 1798 1295 1855 omuino

217 1904 276 1941 non
300 1885 407 1941 dicitur
429 1885 485 1940 sic:
501 1885 633 1958 faciendo
655 1893 717 1939 cunc
739 1892 769 1938 ut
788 1915 836 1948 -,
859 1892 994 1939 ettamen
1015 1888 1056 1956 ut)
1078 1883 1242 1941 incidemus
1263 1884 1294 1940 in

218 1970 298 2027 illem
327 1969 467 2038 formam,
496 1987 555 2042 qua
578 1968 768 2025 Plutarchum
794 1967 924 2023 vidimus
948 1967 1064 2027 Stoicos
1092 1969 1229 2038 irridere,
1257 1987 1295 2025 ne

220 2055 290 2130 quid
313 2056 349 2110 de
372 2055 437 2128 ipso
454 2055 503 2110 sed
521 2054 625 2111 dicam.
662 2055 705 2109 Sit
726 2060 756 2109 et
778 2062 818 2109 cet
840 2053 928 2108 etiam
951 2052 1022 2109 alibi
1045 2071 1103 2109 non
1126 2071 1194 2110 raro
1216 2071 1295 2111 corn·

219 2148 332 2196 mutate
359 2148 435 2195 eunt.
480 2139 550 2213 Ipsa
572 2138 668 2195 forma
689 2137 832 2194 orationis
854 2140 915 2209 (doc
936 2141 971 2194 cit
994 2140 1128 2208 nmmum,
1157 2149 1187 2195 ut
1208 2142 1296 2195 mania

212 2227 304 2300 socsbt
326 2227 396 2295 cet.)
419 2224 509 2279 dubia
531 2241 597 2280 esse
619 2222 721 2296 nequit
741 2233 861 2297 propter
877 2222 1020 2297 idquod
1042 2225 1222 2281 contrarium
1245 2223 1297 2280 ad·

219 2311 312 2366 ditur:
335 2311 523 2378 illudentem,
547 2319 577 2364 ut
591 2307 695 2380 fcrc'at,
712 2313 794 2382 quasi
814 2309 977 2381 aeiipendum
999 2309 1070 2382 (sit).
1104 2309 1296 2382 Reliquorum

219 2396 364 2451 editorum
395 2395 430 2450 de
460 2404 521 2451 toto
545 2392 688 2451 hocloco
716 2393 785 2449 inde
813 2411 831 2448 a
853 2393 951 2450 verbis
984 2394 1021 2450 Ut
1042 2397 1110 2450 enim
1131 2397 1157 2448 ei
1176 2396 1222 2449 cui
1241 2403 1297 2448 cet.

219 2480 403 2536 coniecturas
419 2497 456 2535 eo
474 2479 566 2554 magis
583 2497 813 2535 commemorare
824 2477 1011 2553 supersedeo,
1030 2478 1108 2551 qnod
1121 2477 1297 2552 superiores,

219 2565 426 2622 animadversa
454 2582 490 2619 ex
519 2564 618 2638 aliqua
649 2572 732 2639 parte
761 2563 820 2620 loci
846 2563 1083 2637 perturbatione,
1117 2581 1171 2618 nec
1198 2570 1296 2618 tamen

219 2649 368 2724 explicata
390 2648 560 2723 diligentins
582 2649 812 2722 comparationis
829 2646 925 2704 forma
942 2657 973 2702 et
989 2647 1123 2713 oonsilio,
1147 2642 1296 2720 tamquam

219 2735 249 2790 in
273 2734 429 2808 desperato
452 2733 517 2789 loco
540 2734 639 2790 omnia
662 2739 839 2800 verteruncs
854 2750 909 2788 nec
932 2743 1029 2788 tomen
1053 2731 1189 2807 sibiipsi
1212 2732 1298 2789 satis·

219 2817 361 2888 fecerunt,
385 2818 563 2874 recentiores
586 2829 695 2890 autem,
719 2817 811 2874 Gaius
835 2817 962 2873 maxime
984 2827 1014 2873 et
1036 2816 1118 2884 Otto,
1141 2817 1299 2873 incredibi-

220 2904 288 2960 liter
310 2913 418 2959 errant.
465 2904 590 2961 Ursinus
613 2913 711 2959 temen
734 2902 803 2975 quid
826 2902 909 2959 sein
932 2902 1033 2958 codice
1056 2921 1109 2959 suo
1131 2901 1298 2977 repperisse

221 2989 321 3064 fingat,
345 2987 499 3044 dicendum
524 2975 600 3064 estf'
616 2989 653 3044 Ut
674 2991 743 3044 enim
766 3018 806 3029 -—
828 2997 876 3042 out
897 2990 1039 3060 saqittom,
1062 2997 1092 3042 ut
1106 2989 1207 3059 serdot,
1231 2989 1300 3042 aiem

222 3093 269 3129 nos
293 3076 340 3129 ult.
363 3076 390 3128 in
413 3074 487 3128 bonis
509 3075 637 3136 dicimus,
660 3075 699 3128 eie
722 3073 747 3128 h.
767 3076 793 3128 in
818 3073 972 3128 kur'usmodi
991 3074 1050 3126 cim.
1067 3091 1090 3127 o.
1114 3081 1176 3127 sunt
1191 3074 1300 3144 secut

220 3161 341 3223 collimat,
365 3168 389 3214 et
411 3168 512 3213 tontrcm
535 3161 584 3213 niti
605 3169 689 3214 ut-
710 3166 882 3231 assequatur.
923 3157 971 3213 Ex
994 3157 1100 3213 ceteris
1123 3156 1207 3213 codd.
1228 3155 1299 3214 Sca·

222 3243 306 3317 ligeri
329 3243 458 3298 habebat
480 3254 535 3298 tum
558 3261 611 3317 pro
634 3254 728 3310 comem
753 3251 782 3297 et
804 3242 892 3315 paulo
912 3250 979 3317 post
998 3242 1153 3299 omittebat
1170 3243 1299 3311 dicimus3

222 3327 301 3386 Oxx.
320 3322 361 3394 Εξ
384 3329 477 3401 quood
499 3347 551 3402 pro
574 3347 628 3400 quo
650 3330 774 3401 (propos.
797 3330 927 3400 nasequ).
972 3324 1070 3407 [Nihil
1092 3344 1171 3382 nunc
1196 3327 1300 3383 melius

222 3413 368 3469 certiusve
391 3412 420 3467 in
445 3413 500 3468 hoc
519 3413 584 3468 loco
602 3411 718 3468 efficere
742 3412 834 3486 potui,
857 3411 913 3467 etsi
930 3420 960 3467 et
975 3411 1141 3488 corrigendi
1158 3411 1300 3467 violentia

223 3501 274 3569 (sic
302 3516 355 3571 pro
383 3500 465 3564 cccl,
494 3501 528 3553 sit
556 3517 610 3571 pro
637 3499 687 3553 sed
713 3504 742 3552 et
765 3497 921 3553 verborum
945 3496 1083 3570 seclusio)
1105 3506 1136 3552 et
1157 3497 1301 3554 orationis
1383 3527 1394 3543 J

221 3582 318 3639 formo
330 3581 542 3637 dubitationem
555 3583 734 3656 relinquunt.
770 3582 817 3638 Ex
829 3581 875 3651 iis,
893 3599 969 3655 quae
981 3583 1031 3639 Fr.
1043 3582 1170 3638 Iacobus
1187 3582 1217 3638 in
1230 3581 1301 3638 Phi·

195 3687 196 3690 *
222 3667 313 3741 lologi
336 3667 394 3722 vol.
414 3668 458 3722 VI
479 3687 506 3740 p.
522 3668 581 3723 485
596 3686 659 3740 sqq.
682 3667 809 3741 scripsit,
833 3667 907 3722 nihil
930 3667 1071 3740 proficere
1093 3667 1186 3741 potui.
1222 3667 1300 3725 Nam

223 3771 317 3825 neque
346 3752 433 3808 huius
456 3752 683 3826 comparationis
706 3769 772 3808 cum
796 3751 961 3809 Stoicorum
986 3751 1111 3807 decretis
1141 3752 1301 3808 cohoeren-

222 3838 292 3893 tiam
317 3836 471 3911 perspexit
492 3845 521 3892 et
544 3836 669 3894 delendo
686 3837 729 3893 ita
744 3846 895 3911 grassatus
912 3846 966 3905 est,
990 3846 1022 3892 nt
1038 3846 1131 3893 totam
1150 3854 1301 3910 compara-

222 3923 311 3978 tionis
341 3922 568 3996 explicationem
592 3931 621 3978 et
644 3922 681 3978 ad
704 3922 818 3995 reliqua
840 3921 1141 3978 accommodationem
1165 3919 1301 3979 Ciceroni

223 4008 360 4082 eriperet,
384 4007 590 4082 interpolatori
613 4017 710 4063 autem
734 4025 769 4063 ea
791 4007 947 4077 tribueret,
979 4024 1054 4079 quae
1084 4006 1112 4062 ei
1140 4023 1301 4080 numquam

223 4093 253 4148 in
277 4102 404 4149 mentam
429 4093 587 4161 venissent,
611 4103 645 4148 ut
666 4092 702 4148 de
724 4093 876 4168 seligendo
898 4102 928 4148 et
951 4086 1143 4170 expetendo]

310 4177 383 4252 Cap.
409 4179 480 4245 VII,
505 4178 553 4233 23.
587 4178 654 4234 Cum
682 4188 769 4234 autem
797 4178 869 4250 cet.)
892 4177 1026 4236 Obscure
1054 4176 1128 4232 haec
1155 4175 1301 4243 dicuntur,

224 4281 337 4321 vereor.
361 4281 397 4317 ne
420 4262 520 4336 aliqua
543 4264 630 4319 etiam
654 4263 747 4337 ipsius
764 4262 917 4320 Ciceronis
939 4262 1035 4337 culpa,
1059 4279 1117 4319 non
1140 4262 1212 4317 satis
1229 4260 1302 4316 scite

225 4340 386 4403 dententias
404 4347 433 4402 in
452 4349 541 4403 breve
559 4347 759 4404 contrahentis
775 4357 805 4402 et
820 4348 908 4404 rebus
926 4365 985 4404 non
1003 4364 1123 4422 prorsus
1140 4345 1303 4422 perspectis

223 4433 392 4507 ambiguam
416 4442 455 4501 et,
479 4442 511 4488 nt
533 4433 575 4488 its
597 4432 702 4502 dicam,
724 4432 913 4489 fluctuantem
936 4432 1100 4490 orationem
1123 4430 1301 4488 adhibentis.
