3030 5086
402 491 445 535 nr
469 491 549 536 unu.
573 491 635 536 rna.
660 492 680 536 r
704 490 776 537 can.
799 493 872 537 s-r.
888 494 1021 552 tra-rs.)
1189 473 1249 538 631

175 665 227 721 tur
249 667 279 721 et
296 658 380 737 quod
397 658 522 737 assequi
539 657 639 737 vellet
662 664 769 738 aptum
789 665 821 722 et
837 658 1104 722 accommodatum
1121 666 1252 722 naturae

175 777 244 822 esse
267 765 414 839 oportere
431 769 462 822 et
481 759 551 836 tale,
574 769 609 822 ut
629 759 733 838 ipsum
754 777 813 840 per
835 777 869 822 se
891 758 1040 823 invitaret
1062 765 1093 824 et
1115 758 1254 825 alliceret

174 860 347 940 appetitum
369 859 479 938 artiori,
508 878 599 940 quem
624 850 717 938 ὁρμήν
740 860 853 925 Graeci
876 865 997 924 vocant.
1044 861 1125 940 Quid
1146 868 1252 925 autem

175 962 228 1036 sit,
257 962 342 1040 quod
365 962 410 1024 ita
431 968 555 1025 moveat
576 961 683 1042 itaque
705 979 725 1024 a
747 970 860 1026 natura
881 962 914 1025 in
937 963 1037 1042 primo
1060 969 1131 1026 ortu
1152 981 1251 1043 appe·

173 1070 273 1140 tatur,
304 1080 365 1126 non
390 1069 527 1140 constat,
557 1062 658 1143 deque
686 1081 723 1126 eo
751 1071 799 1127 est
828 1063 910 1127 inter
937 1062 1154 1144 philosophos,
1182 1063 1291 1130 cumb

174 1183 327 1228 summum
349 1165 462 1227 bonurn
485 1164 671 1245 exquiritur,
699 1165 799 1229 omnis
827 1165 990 1229 dissensio.
1035 1164 1146 1230 Totius
1169 1166 1251 1229 enim

174 1265 367 1347 quaestionis
389 1266 468 1343 eius,
497 1285 579 1347 quae
604 1266 738 1331 habetur
760 1268 800 1330 de
821 1265 933 1331 finibus
957 1268 1107 1333 bonorum
1131 1273 1163 1331 et
1184 1285 1251 1331 ma·

173 1368 284 1444 lorum,
308 1386 375 1430 cum
399 1367 561 1447 quaeritur
582 1368 613 1432 in
637 1368 693 1446 his,
716 1369 791 1448 quid
815 1368 856 1432 sit
878 1376 1058 1447 extremum,
1081 1369 1155 1449 quid
1179 1369 1251 1432 ulti·

174 1488 272 1545 mum,
296 1467 365 1532 fons
387 1469 592 1549 reperiendus
614 1481 678 1548 est,
700 1470 731 1533 in
754 1488 816 1550 quo
840 1469 903 1533 sint
924 1471 1026 1550 prima
1048 1470 1251 1534 invitamenta

173 1580 320 1648 naturae;
343 1587 404 1650 quo
427 1570 563 1648 invento,
586 1572 685 1635 omnis
708 1571 747 1636 ab
770 1590 807 1636 eo
830 1570 920 1652 quasi
943 1571 1045 1651 capita
1067 1572 1107 1635 dc
1129 1589 1249 1635 summo
1270 1572 1313 1637 10

123 1676 129 1684 ’
174 1673 254 1736 bono
278 1679 308 1736 et
330 1672 410 1736 malo
433 1673 603 1752 disputatio
627 1673 759 1737 ducitur.

260 1774 329 1837 Vll.
359 1775 407 1838 18.
436 1774 615 1855 Voluptatis
642 1773 695 1838 alii
722 1774 856 1855 primum
884 1774 1056 1855 appetitum
1086 1780 1197 1855 putant
1220 1782 1253 1839 et

173 1877 306 1957 primam
334 1875 550 1953 depulsionem
578 1875 709 1953 doloris3
737 1876 925 1940 vacuitatem
953 1876 1071 1941 doloris
1092 1876 1151 1955 alii
1179 1895 1251 1940 cen·

174 1986 243 2041 sent
266 1977 398 2057 primum
421 1977 549 2041 ascitam
573 1985 604 2042 et
621 1978 756 2058 primum
773 1978 958 2042 declinatum
977 1979 1131 2056 dolorem;
1154 1977 1194 2041 ab
1213 1978 1251 2042 iis

243 2135 264 2181 2.
285 2138 385 2179 mutaret
398 2137 420 2178 et
436 2128 576 2178 alliceretE
613 2135 627 2177 8
655 2130 707 2180 Pro
720 2125 807 2202 ὁρμήν
819 2147 926 2180 vacnum
942 2133 1050 2195 spatium
1067 2132 1124 2182 inC
1152 2130 1250 2194 quodE

175 2203 196 2248 ὃ.
217 2199 240 2246 in
259 2199 288 2247 iis
308 2200 329 2247 R
365 2208 385 2248 et
409 2197 467 2260 quid
488 2197 590 2247 ultrmum
609 2199 631 2246 F.
654 2208 675 2246 et
692 2196 795 2248 ultimum
815 2200 903 2250 LPCll
944 2205 966 2250 9,
985 2201 1079 2249 runtE
1122 2205 1160 2248 10.
1181 2199 1254 2262 quasi

174 2267 255 2316 omli
294 2272 331 2317 ta,
352 2267 492 2315 vacuitatem
507 2266 596 2315 doloris
611 2282 651 2315 om
672 2267 805 2318 LPCROr.
847 2275 884 2317 lt.
902 2277 1018 2317 assertam
1034 2273 1090 2333 (pro
1105 2268 1251 2329 mcdazutll

172 2336 270 2384 ascitum
290 2335 379 2385 LPCR
397 2335 504 2396 ascitum,
522 2351 567 2383 non
585 2334 664 2384 dolero
682 2335 725 2386 Or.
762 2335 801 2384 tris
820 2335 955 2386 Lt’cttor.

262 2477 308 2531 17.
338 2477 406 2549 qaid
431 2474 566 2548 ultimam)
595 2474 645 2533 Sic
674 2494 711 2531 ex
735 2475 812 2551 Spir.
836 2474 944 2543 Gaium
972 2494 1009 2532 ex
1034 2476 1095 2534 Erl.
1120 2476 1168 2549 (de
1191 2494 1250 2551 quo

173 2573 251 2617 reete
275 2560 368 2618 Gaius
391 2569 522 2618 annotat.
545 2566 577 2616 ut
600 2560 687 2616 etiarn
712 2560 747 2617 de
771 2561 848 2635 Spir.
871 2561 977 2618 confidi
1001 2561 1118 2634 debeat)
1142 2560 1186 2638 [et
1210 2559 1249 2638 B]

172 2655 296 2721 apparet
320 2645 489 2702 mutationis
512 2646 609 2720 origo:
640 2665 710 2722 ergo
738 2656 856 2711 secutus
879 2665 941 2703 sum
966 2647 1186 2714 auctoritatem,
1217 2655 1250 2703 ut

172 2731 201 2787 iu
225 2731 402 2787 contrariam
427 2741 539 2804 partem
563 2729 619 2787 feci
643 2731 667 2787 l.
692 2732 741 2788 29.

251 2818 318 2888 jona
341 2816 512 2889 reperiendus
535 2826 584 2883 est,
607 2819 634 2872 in
657 2835 710 2889 quo
731 2816 798 2890 sint)
821 2815 919 2873 Nimis
937 2816 1066 2873 breviter
1083 2815 1188 2875 Cicero
1206 2815 1250 2872 lo·

173 2919 266 2975 quens
289 2900 390 2956 incidit
413 2900 442 2955 in
466 2900 629 2956 orationem
654 2911 682 2957 et
699 2901 855 2976 imaginem
875 2918 932 2957 non
950 2899 1141 2975 aptissimam,
1165 2900 1250 2974 quasi

172 2986 201 3042 in
225 3005 260 3042 eo
283 2984 375 3055 fonte,
399 3004 414 3041 e
437 3003 495 3058 quo
519 2986 653 3058 quaestio
673 2986 708 3041 de
726 2985 833 3042 finibus
850 2986 981 3050 dueatur,
1005 2986 1096 3043 insint
1113 2994 1142 3041 et
1159 3004 1196 3041 ex
1214 3003 1249 3042 eo

173 3071 347 3127 hauriantur
364 3071 458 3145 primu
475 3070 668 3126 inritamenta
687 3082 817 3129 naturae.
849 3074 984 3146 Apparet
1003 3072 1091 3139 enim,
1110 3071 1165 3127 hoc
1182 3089 1248 3128 eum

172 3156 337 3230 significare
361 3156 453 3226 velle,
476 3156 712 3231 investigandum
736 3175 814 3222 esse,
838 3156 887 3212 ubi
912 3166 941 3212 st
964 3175 1039 3230 quae
1061 3156 1120 3213 sint
1143 3156 1250 3214 invito·

172 3253 270 3297 nirenta
293 3250 430 3298 naturae:
454 3260 488 3298 eo
511 3251 642 3316 reperto,
665 3250 813 3316 repertum
837 3240 900 3298 fore
923 3239 1034 3298 fontem
1057 3241 1137 3298 illius
1160 3260 1249 3315 quae·

172 3327 286 3385 stionis.
320 3327 425 3401 Itaque
449 3329 621 3401 reperiendus
635 3326 746 3402 dicitur
761 3328 828 3401 joas
845 3327 914 3383 talis
932 3326 1049 3400 aliquis,
1073 3331 1098 3383 ia
1122 3347 1176 3402 qao
1197 3329 1251 3384 sint

172 3424 200 3467 et
229 3423 389 3486 appareant
419 3411 470 3468 illa
497 3415 677 3469 imitamento.
723 3412 802 3468 Malo
829 3412 920 3488 igitur
943 3411 1036 3469 Gaius
1064 3431 1101 3469 ex
1130 3411 1191 3468 Erl.
1219 3423 1249 3469 et

172 3497 250 3571 Spir.
274 3497 367 3553 dedit:
395 3501 421 3553 in
445 3517 498 3571 quo
519 3510 595 3566 snut,
620 3498 703 3572 quasi
727 3498 862 3554 absolute
885 3497 1013 3566 dicatur,
1042 3497 1261 3572 reperiendum·

171 3600 234 3637 esso
258 3583 439 3655 quaestionis
462 3581 572 3639 fontem
591 3583 682 3656 (quod
701 3583 766 3656 quis
790 3581 985 3656 dubitabat?),
1009 3592 1039 3639 et
1060 3591 1121 3638 tum
1145 3583 1248 3640 adiun-

171 3677 272 3743 gatur,
296 3668 325 3723 in
349 3668 405 3724 hoo
427 3666 508 3724 fonto
531 3668 582 3725 illa
604 3668 710 3725 inesse.
757 3667 834 3745 [Sint
855 3666 905 3745 Β.]
950 3670 1033 3726 Haec
1056 3667 1151 3742 prima
1173 3668 1248 3725 invi·

171 3763 301 3809 tamenta
334 3754 511 3826 generaliter
543 3754 600 3809 diei
634 3755 670 3810 de
704 3753 799 3828 prima
827 3753 953 3810 hominis
981 3753 1192 3811 constitutione
1219 3764 1248 3809 et

171 3838 320 3913 appetitu,
349 3839 415 3905 illa,
444 3857 519 3912 quae
542 3858 610 3894 mox
634 3849 810 3913 sequuntur,
842 3839 937 3913 prima
965 3849 1089 3896 naturae
1117 3837 1247 3914 intellegi

171 3933 266 3980 certas
289 3924 429 3997 quasdam
453 3942 509 3992 res,
535 3942 608 3997 quas
631 3925 749 3998 quidam
773 3925 916 3999 putabant
940 3923 990 3980 illo
1012 3924 1146 3999 appetitu
1169 3941 1249 3981 com·

170 4009 322 4084 prehendi,
347 4009 466 4065 uberius
489 4009 636 4066 declaravi
659 4009 689 4066 in
713 4028 839 4067 excursu
862 4010 898 4066 de
921 4010 966 4066 his
988 4010 1086 4068 rebus.

257 4094 328 4168 Cap.
353 4095 423 4162 Vll,
451 4096 497 4151 18.
542 4098 700 4151 vacuitatem
723 4097 823 4151 doloris
845 4097 895 4151 alii
914 4105 1019 4153 censent
1036 4097 1156 4169 primum
1177 4096 1248 4152 osci·

171 4181 239 4253 tam)
268 4181 302 4237 In
331 4180 464 4236 codicum
493 4180 549 4236 fide
578 4181 731 4255 dignorum
760 4181 906 4255 scriptura
933 4181 1007 4237 nihil
1034 4179 1162 4249 mutavi,
1191 4179 1249 4237 nisi

171 4266 248 4339 quod
279 4285 331 4340 pro
359 4269 470 4322 ascitum
494 4265 593 4336 (etiam
618 4264 659 4343 [B
682 4263 725 4343 et]
750 4285 797 4340 mg
831 4265 911 4324 Crat.
940 4275 969 4322 et
997 4264 1124 4323 fortasse
1152 4263 1247 4322 omnis

171 4351 274 4408 melior
296 4351 410 4407 familia
432 4362 563 4407 assertum
586 4351 683 4420 habet,
708 4351 743 4407 de
767 4369 825 4424 quo
848 4351 954 4408 mendo
977 4351 1039 4407 dixi
1062 4350 1247 4425 ad111‚17)

169 4440 281 4492 ascitum
316 4437 415 4511 posui,
450 4434 543 4513 [quod
578 4436 742 4511 praecepit,
777 4436 825 4511 qui
856 4435 986 4494 codicem
1016 4434 1248 4512 Glogariensem
