3030 5086
308 475 373 542 m
700 491 983 538 mmmm

309 677 371 725 aas
398 677 517 724 eorum
546 677 735 724 asianarum
759 676 875 724 amasa
897 677 1014 724 amun.
1060 660 1130 723 117.
1153 659 1231 723 Idne
1253 677 1384 724 consen-

308 763 388 827 sisse
415 762 454 826 de
482 760 623 825 Calatino
651 761 800 842 plurimas
827 766 935 841 gentes
962 759 1167 838 arbitramur,
1200 760 1382 842 primarium

307 863 414 944 populi
437 861 548 941 fuisse,
578 864 661 943 quod
684 862 974 943 praestantissimus
1001 861 1110 926 fuisset
1131 861 1163 925 in
1186 860 1383 927 conficiendis

306 964 542 1046 voluptatibus?
584 964 668 1045 Ergo
691 965 723 1028 in
744 963 782 1028 iis
805 961 1055 1029 adulescentibus
1077 963 1190 1028 bonam
1210 982 1297 1044 spem
1314 982 1384 1028 esse

267 1066 444 1132 edicemus
467 1073 499 1130 et
520 1084 665 1144 magnam
687 1065 837 1143 indolem,
866 1084 945 1146 quos
973 1065 1038 1128 suis
1060 1064 1229 1130 commodis
1251 1065 1382 1130 inservi·

305 1177 394 1233 turos
423 1175 468 1247 et,
498 1167 648 1248 quidquid
675 1166 753 1248 ipsis
781 1167 943 1248 expediat,
972 1165 1109 1231 facturos
1137 1166 1383 1231 arbitrabimur?

305 1270 416 1335 Nonne
437 1269 592 1346 videmuS,
621 1275 738 1349 qrrauta
764 1267 959 1349 perturbatio
988 1287 1092 1332 rerum
1115 1267 1251 1332 omnium
1274 1286 1382 1331 conse-

305 1378 429 1452 quatur,
453 1377 571 1451 quanta
587 1370 749 1434 confusio?
783 1369 914 1434 Tollitur
931 1369 1121 1448 beneficium,
1138 1368 1256 1433 tollitur
1272 1369 1382 1450 gratia,

304 1490 386 1554 quae
408 1478 481 1536 sunt
502 1471 603 1535 vincla
625 1472 817 1536 concordiae.
852 1471 918 1535 Nec
935 1471 1025 1549 enim,
1048 1489 1116 1535 cum
1139 1479 1195 1534 tua
1217 1489 1312 1535 causa
1334 1471 1383 1534 cui

246 1577 288 1640 10
305 1574 491 1652 commodes,
508 1570 690 1638 beneficium
707 1571 782 1637 illud
800 1572 976 1637 habendum
994 1580 1050 1651 est,
1073 1573 1129 1638 sed
1146 1572 1307 1650 feneratio,
1325 1590 1382 1636 nec

304 1675 408 1756 gratia
440 1673 546 1739 deberi
581 1675 704 1738 videtur
736 1674 784 1753 ei,
824 1674 877 1756 qui
910 1692 969 1738 sua
1001 1692 1097 1740 causa
1130 1675 1380 1738 commodaverit.

304 1776 458 1850 Maximas
479 1794 554 1840 vero
578 1776 708 1840 virtutes
736 1776 837 1841 iacere
865 1793 972 1840 omnes
1000 1793 1128 1840 necesse
1151 1782 1199 1840 est
1220 1775 1382 1856 voluptate

304 1878 490 1973 dominante.
534 1878 613 1942 Sunt
639 1877 730 1942 etiam
760 1877 970 1958 turpitudines
998 1878 1165 1959 plurimae,
1196 1895 1293 1959 quae,
1320 1877 1380 1941 nisi

377 2069 395 2114 1,
415 2072 437 2112 et
455 2062 499 2112 due
518 2064 574 2128 (pro
593 2063 688 2122 funeta
724 2064 866 2113 concurrisse
884 2063 960 2113 [ΜΒ
995 2070 1017 2114 2.
1037 2063 1207 2114 aCalatiaoC
1243 2068 1268 2113 3.
1289 2061 1381 2129 [fabre

300 2129 385 2195 populi
400 2129 430 2198 A]
469 2137 492 2180 4.
511 2131 601 2182 hellac
638 2137 659 2179 6.
680 2131 776 2194 qar'riC
812 2130 956 2196 eapedr'etL
984 2135 1099 2195 ,samaras
1117 2131 1200 2181 conell
1235 2130 1380 2180 arbitramur

303 2198 424 2249 ELMOR
469 2203 490 2250 7.
513 2198 736 2266 [nomae-videmos
754 2199 783 2265 A]
831 2205 853 2250 9.
873 2199 968 2250 vincula
986 2200 1150 2249 ELPMROr.
1186 2208 1227 2250 tud
1245 2207 1319 2250 eaued
1339 2198 1378 2264 [A]

301 2277 367 2317 tuam
385 2284 484 2317 cuasam
502 2269 524 2317 E
568 2269 628 2317 raim
650 2267 674 2315 si
695 2276 760 2317 tuam
778 2269 806 2317 ob
824 2285 922 2318 causam
940 2269 1049 2332 cuiquam
1066 2267 1196 2319 commodes
1215 2268 1377 2317 LPMOROr.

305 2340 342 2385 lo.
364 2334 493 2401 [ueneratio
511 2334 541 2402 A]
598 2341 634 2384 ll.
660 2335 712 2404 [sud
731 2344 805 2387 causa
823 2335 854 2403 A]
873 2353 941 2385 ruam
960 2336 1066 2386 camaraci
1091 2336 1231 2386 caasaan
1265 2352 1334 2384 suam
1352 2335 1380 2382 ob

203 2460 207 2467 Ι
302 2420 401 2453 eausam
420 2402 530 2454 commod.
551 2403 692 2454 PMCROr.
737 2405 765 2453 ob
786 2421 854 2454 ruam
878 2421 975 2454 causam
990 2405 1142 2469 feneraverit
1159 2403 1378 2454 commodarentL

307 2472 502 2524 mmm?

302 2653 332 2700 et
359 2645 495 2702 Klotzius
522 2643 694 2703 Ciceronem
729 2644 848 2719 antique
877 2645 1030 2721 scripsisse
1058 2655 1177 2720 putant:
1211 2647 1269 2700 oirro
1302 2645 1377 2707 darc,

301 2728 376 2786 nihil
399 2741 475 2792 erat,
504 2747 556 2786 cur
583 2729 682 2804 apices
705 2730 897 2805 exprimeret.
926 2749 999 2805 quos
1021 2730 1072 2787 vix
1097 2729 1238 2786 memoria
1260 2729 1379 2785 tenebat

301 2813 396 2885 (velut
412 2814 552 2872 omissum
570 2819 617 2886 m).
659 2814 785 2880 Unicum
804 2815 877 2871 illud
895 2833 959 2873 esse
977 2815 1114 2891 elogium,
1133 2814 1248 2871 etiamsi
1266 2813 1377 2877 luisset,

301 2899 405 2958 Cicero
438 2917 495 2956 non
530 2908 655 2974 utroque
689 2899 754 2956 loco
787 2918 907 2975 prorsus
941 2900 1042 2957 eodem
1072 2899 1162 2957 verbo
1196 2908 1375 2956 annotasset.

300 2984 421 3041 Portam
450 2983 610 3061 significari
638 2983 804 3060 Capenam,
835 3004 850 3041 e
879 2985 967 3042 Tuae.
992 2985 1022 3056 I,
1049 2985 1086 3041 13
1115 2984 1310 3060 intellegitur,
1340 2983 1377 3039 ad

300 3087 387 3143 quam
411 3086 476 3126 eum
500 3069 594 3125 multa
620 3077 718 3126 essent
745 3069 890 3126 clarorum
918 3070 1068 3127 hominum
1102 3069 1238 3144 sepulcra
1265 3077 1295 3125 et
1321 3067 1376 3124 hoc

299 3153 395 3229 ipsum
419 3154 613 3223 notissimum,
636 3171 742 3211 nomen
766 3154 861 3212 omitti
884 3165 1009 3230 poterat.

376 3240 458 3308 4117.
475 3241 602 3313 jacturos
624 3239 829 3314 arbitrabimur)
852 3240 926 3307 Hoc,
950 3239 1029 3314 quod
1046 3237 1139 3297 Gaius
1156 3238 1270 3295 eParr.
1285 3241 1297 3294 l
1315 3237 1375 3294 et3

300 3323 426 3395 Davisii,
449 3321 528 3383 Gud.
551 3333 677 3399 utroque
700 3333 730 3381 et
751 3325 821 3382 Bas.
845 3325 906 3381 suis
925 3325 1033 3400 posuit,
1056 3323 1173 3393 retinui,
1197 3323 1275 3397 quod
1298 3322 1375 3379 idem

299 3407 442 3466 Moralius
454 3409 608 3465 annotavit
625 3428 640 3465 e
652 3427 705 3466 suo
718 3418 748 3465 et
759 3409 838 3484 quod
850 3409 1046 3466 necessarium
1059 3415 1104 3464 est
1116 3417 1237 3483 propter
1248 3409 1374 3464 dicereris.

299 3489 365 3570 [Sic
387 3495 432 3561 A;
456 3493 480 3550 Β
503 3502 536 3550 ut
558 3491 635 3570 Erl.]
680 3493 853 3566 Quaeritur,
877 3494 947 3569 quid
971 3493 1092 3569 posthac
1115 3492 1301 3549 statuendum
1326 3493 1373 3549 sit.

385 3588 432 3634 tua
453 3578 551 3652 cauea)
574 3577 829 3654 Praepositionem
857 3579 889 3634 ab
917 3579 1027 3637 omittit
1054 3578 1142 3634 etiam
1167 3575 1246 3652 Spir.
1276 3577 1324 3633 hio
1346 3587 1376 3633 et

299 3663 486 3739 paulopost.
530 3663 609 3721 Fieri
632 3672 738 3738 potest,
762 3675 802 3725 ut,
826 3681 891 3720 oum
911 3662 1016 3722 Cicero
1034 3663 1200 3739 scripsisset
1223 3672 1269 3718 toa
1291 3681 1376 3718 causa

299 3758 329 3806 et
355 3767 406 3805 aaa
433 3767 532 3818 caasa,
560 3748 698 3805 librarius
721 3749 818 3819 verbi,
847 3748 925 3823 quod
953 3759 997 3806 est
1024 3749 1205 3818 comazodare,
1239 3755 1374 3804 naturam

298 3833 451 3909 ignorans,
480 3833 507 3890 ei
535 3833 734 3890 accusativum
762 3834 792 3890 in
821 3833 921 3891 codice
949 3834 1109 3910 archetypo
1137 3831 1374 3900 accommodarit,

299 3917 403 3975 deinde
432 3918 461 3974 in
485 3918 662 3975 deteriorum
685 3918 818 3993 principe
841 3919 1021 3994 praepositio
1044 3917 1210 3974 accesserit.
1255 3915 1375 3994 [Itaque

298 4020 391 4073 niune,
416 4003 623 4060 accedentibus
645 4005 675 4060 A
698 4012 727 4060 et
750 4005 790 4071 B,
814 4004 976 4060 ablativum
999 4003 1113 4060 restitui
1137 4011 1262 4076 utroque
1286 3998 1375 4078 loeo]

383 4091 426 4145 coi
446 4088 607 4163 commiades)
631 4086 753 4166 [Antea
777 4107 842 4145 cum
866 4088 902 4145 de
925 4108 983 4145 uno
996 4089 1056 4146 Eri.
1075 4098 1232 4155 constaret,
1256 4094 1373 4143 servato

297 4175 329 4243 si,
353 4173 527 4248 scripseram
550 4176 682 4248 cuipiam,
706 4192 743 4230 ex
766 4192 824 4248 quo
847 4177 972 4248 crriqnam
995 4183 1090 4230 ortum
1114 4172 1270 4229 videbatur
1292 4173 1371 4242 (nam

298 4255 354 4313 hoc
376 4257 522 4315 sententia
544 4276 602 4315 non
625 4256 755 4328 ferebat3
785 4259 844 4316 vid.
867 4259 905 4316 ad
927 4260 982 4325 IV,
1007 4260 1074 4329 45).
1103 4265 1373 4329 annotaveramque

297 4350 349 4398 ant
370 4342 413 4399 sic
441 4352 493 4400 aut
519 4346 563 4400 cui
584 4343 769 4401 scribendum
793 4363 865 4404 esse.
912 4344 1000 4402 Nunc
1022 4343 1142 4401 ABErl.
1165 4350 1283 4399 secutus
1306 4359 1372 4397 cum

297 4425 418 4484 Baitero
440 4447 500 4485 cam
522 4459 563 4470 —
585 4431 630 4485 cai
650 4427 778 4506 scripsi]
