3030 5086
596 496 771 544 exeussus
795 497 806 541 1
827 497 872 542 ur
888 497 921 542 11.
1235 478 1296 543 799

221 672 311 748 pioris
334 680 497 726 structurae
517 668 706 726 festinatione
724 670 848 743 quadam
868 668 976 726 oblitus
992 668 1022 724 in
1040 669 1218 743 superiorem
1238 669 1298 743 (qui

220 777 279 814 cum
301 758 431 828 uiderent)
456 755 595 812 memoria
617 773 674 811 non
698 765 777 811 reete
798 754 937 823 incurrit,
966 753 995 809 in
1024 773 1086 810 eam
1112 754 1198 810 etium
1223 755 1295 829 ligu-

220 861 281 900 ram
316 841 477 917 particulae
505 850 529 896 et
556 840 710 916 pendentis
738 843 818 912 (ante
846 841 1026 912 communiter)
1055 839 1171 909 incidit,
1206 858 1292 913 quem

220 928 303 984 initio
322 929 360 1002 (Ι)
378 925 679 983 commemoravimus.
714 924 800 998 Quod
822 934 919 982 autem
943 935 967 982 ct
989 924 1150 1000 particulae
1168 925 1294 999 quodam

221 1014 307 1069 motlo
329 1012 486 1087 respondet
509 1029 675 1086 quinoque
699 1020 796 1067 tamen
821 1029 884 1067 cum
905 1020 930 1067 et
946 1009 1141 1085 coniungitur,
1165 1010 1294 1067 eiusdem

219 1108 264 1154 est
286 1098 406 1167 formae,
430 1116 516 1171 qnam
541 1097 568 1152 in
593 1097 608 1153 I
631 1096 666 1152 de
688 1096 787 1152 Divin.
803 1097 861 1153 126
886 1114 974 1172 supro
997 1096 1136 1152 annotavi
1154 1096 1182 1168 (I
1199 1099 1294 1167 extu).

220 1177 320 1264 [Quod
344 1184 373 1241 in
398 1183 443 1239 his
466 1182 538 1239 loeis
560 1182 593 1237 m
615 1182 644 1237 in
667 1181 873 1238 coniunctione
896 1192 933 1249 ut,
957 1181 1032 1237 idem
1056 1181 1089 1236 fit
1111 1181 1140 1237 in
1164 1201 1195 1237 ue
1216 1180 1293 1255 apud

220 1269 354 1327 Tacitum
379 1270 457 1326 Ann.
475 1268 532 1333 III,
556 1269 602 1334 18,
626 1267 655 1322 in
678 1286 736 1323 cum
759 1267 837 1343 apud
860 1266 954 1342 ipsum
969 1265 1139 1325 Ciceronem
1160 1286 1212 1341 pro
1231 1266 1294 1323 Mil.

221 1356 275 1411 54:
304 1374 362 1410 cum
391 1356 460 1409 ulter
487 1354 623 1409 ueheretur
646 1362 700 1408 cet.
728 1385 768 1395 -
802 1353 893 1409 Videte
919 1371 988 1409 nitito
1010 1354 1084 1408 illum
1106 1362 1161 1408 cet.
1208 1351 1293 1408 Alias

219 1440 332 1514 speeies
354 1439 432 1513 apud
455 1438 589 1496 Tacitum
614 1437 751 1512 persequi
773 1439 820 1510 (ut
840 1434 918 1495 Anu.
943 1438 1039 1507 XIII,
1061 1439 1115 1494 26:
1145 1441 1213 1493 inter
1234 1456 1293 1493 seu-

218 1529 313 1581 tmtiuc
335 1526 463 1591 diversos,
486 1525 647 1598 quibusdam
667 1555 703 1564 ·-
716 1524 895 1596 frementibus
912 1531 977 1585 cet..
1001 1532 1061 1580 tum
1086 1533 1152 1598 post
1174 1522 1293 1598 longum

220 1610 422 1667 intervallum:
445 1609 638 1665 Disserebatur
659 1619 752 1665 contro
774 1610 845 1682 cet.)
868 1608 986 1684 longum
1010 1604 1078 1687 est]

629 1864 883 1871 ——-.-—

220 2083 255 2143 ll.
299 2082 658 2159 DEMONSTRATUR,
694 2080 947 2146 DISSIDIUM
974 2082 1061 2146 NON
1096 2080 1194 2146 ESSE
1217 2081 1292 2145 LA-

311 2185 446 2248 ΤΙΝΑΜ
470 2184 627 2261 VOCEM,
656 2183 908 2264 SEMPERQUE
931 2182 1202 2248 SCRIBENDUM

603 2283 867 2349 Discutiunt.
880 2289 907 2365 ¹)

586 2439 638 2488 AI)
659 2439 725 2489 LIB.
746 2441 756 2487 l
776 2439 804 2489 C.
826 2445 864 2498 13,
885 2446 924 2491 tt.

303 2714 443 2771 Traditur
475 2733 552 2770 nunc
586 2715 623 2771 eb
653 2717 787 2773 omnibus
817 2724 1026 2791 receptumque
1054 2723 1097 2771 est
1127 2715 1154 2770 ln
1187 2714 1292 2784 lexico,

219 2799 296 2872 quod
320 2798 390 2856 Obr.
414 2798 553 2856 Gifenius
584 2801 613 2856 iu
637 2800 823 2857 collectaneis
847 2801 882 2856 ud
907 2801 1074 2857 Lucretium
1099 2819 1126 2854 v.
1150 2801 1293 2856 (liscidium

219 2893 247 2938 et
264 2885 289 2940 I.
310 2884 343 2940 F.
359 2883 529 2942 Gronovius
548 2886 585 2940 ad
602 2885 718 2942 Livium
738 2887 839 2946 XXV.
857 2887 935 2941 tito
959 2885 1129 2951 docuerunt,
1153 2897 1219 2959 post
1242 2903 1292 2942 eos

218 2978 314 3025 autem
338 2968 397 3030 alii,
422 2972 503 3026 velut
528 2969 784 3027 Drakenborchius
807 2971 843 3026 ud
862 2971 939 3028 Livii
962 2970 1043 3027 illum
1069 2969 1174 3032 locum,
1198 2989 1292 3046 nuper

217 3054 303 3110 etiem
319 3054 453 3112 Klotzius
476 3056 513 3111 ad
531 3055 611 3112 Lael.
626 3056 674 3125 35,
698 3055 755 3112 duo
772 3058 841 3113 'esse
854 3057 960 3112 Latina
982 3055 1126 3112 vocubnlu
1150 3057 1292 3112 discidium

217 3149 245 3195 et
267 3141 425 3210 dissidium,
454 3159 578 3215 quorum
603 3140 674 3197 illud
705 3143 915 3198 adiscindmdi
935 3141 1026 3199 verbo
1048 3141 1183 3210 duct-um,
1213 3141 1292 3215 quod

217 3225 251 3280 de
274 3225 409 3300 graviore
432 3226 461 3282 vi
485 3235 608 3282 externa
631 3236 771 3300 ponatur,
799 3245 953 3302 corporum
977 3236 1007 3284 et
1028 3227 1112 3300 quasi
1135 3244 1290 3301 corporum

217 3311 431 3386 separationem
455 3312 599 3388 significet
617 3321 645 3368 et
664 3313 783 3368 omnino
801 3312 1019 3375 diiunctionem,
1043 3312 1124 3368 velut
1140 3312 1290 3369 homiuum

217 3396 404 3452 matrimonio
427 3398 663 3463 coniunctorum,
687 3397 756 3467 hoc,
780 3416 798 3453 n
820 3399 989 3471 dissidendo,
1012 3397 1174 3454 enlmorum
1198 3415 1289 3471 quen·

216 3481 282 3537 dam
305 3480 480 3540 dissensum.
509 3482 612 3539 Huius
628 3480 726 3539 temen
744 3483 920 3559 paucissima
938 3483 1082 3557 exemplu,
1106 3501 1122 3538 e
1140 3482 1291 3541 Ciceronis

216 3566 332 3641 scriptis
355 3568 453 3624 omnia
475 3578 605 3643 sumptu,
635 3568 672 3624 sb
695 3568 746 3636 iis,
769 3569 819 3643 qui
842 3577 977 3625 accurate
1000 3568 1164 3643 disputant,
1194 3567 1290 3643 profe·

216 3661 328 3708 rnntur.
372 3654 483 3709 Verum
513 3653 562 3726 qui
590 3652 671 3728 ipsos
699 3653 779 3711 locos
808 3653 964 3729 diligenter
992 3653 1237 3724 consideraverit,
1264 3654 1291 3710 is

216 3738 340 3812 primum
359 3739 495 3814 reperiet,
519 3756 639 3814 prorsus
656 3739 778 3795 eandem
797 3739 899 3796 horum
918 3739 1046 3796 locorum
1064 3739 1207 3796 rationem
1226 3757 1290 3796 esse

215 3832 303 3896 atque
320 3822 436 3880 illorum
456 3825 547 3880 multo
565 3824 703 3900 plurium,
726 3825 755 3880 in
773 3825 879 3898 quibus
896 3825 1038 3899 probatur
1055 3834 1165 3881 certum
1185 3826 1293 3881 discidii

216 3908 400 3976 vocabulum,
424 3919 456 3965 ut
478 3910 534 3965 hoc
557 3909 660 3984 optimi
683 3918 713 3965 et
734 3910 930 3985 antiquissimi
948 3910 1063 3967 codices
1081 3910 1217 3971 habeant,
1241 3910 1289 3966 de·

210 3983 337 4050 'teriores
365 4004 395 4049 et
421 3995 599 4052 recentiores
629 3994 750 4050 alteram
779 3993 903 4052 formam
933 3997 1114 4068 (dissidium),
1141 3995 1172 4052 in
1202 4014 1288 4068 qnam

244 4232 263 4287 't
284 4230 353 4278 llaec
371 4230 509 4294 disputatio
528 4245 621 4292 magna
639 4244 670 4278 ex
689 4240 761 4295 perte
779 4231 950 4293 Wesenbergii
970 4241 1020 4282 cst.
1038 4232 1079 4295 qui
1099 4245 1155 4280 cunr
1176 4239 1233 4279 ente
1251 4246 1290 4280 me

283 4300 307 4347 ln
328 4298 392 4347 hunc
411 4298 559 4347 sententiam
578 4301 704 4348 adductus
723 4308 795 4357 esset,
815 4315 879 4363 quae
898 4303 929 4348 nd
949 4315 1004 4348 eam
1023 4301 1221 4349 confirmandam
1237 4300 1289 4348 col·

282 4367 387 4485 lggerepi
404 4368 722 4504 specnpvcommtpnicerit.
740 4397 743 4402 -
762 4366 850 4434 [Recte
867 4377 1030 4434 praeceperat
1046 4369 1097 4417 iam
1111 4369 1242 4417 Manutius
1258 4369 1288 4417 ad

305 4437 369 4486 lea
432 4445 459 4487 tt.
519 4442 610 4496 ,I,l.
