3030 5086
463 494 507 539 nr
531 493 611 540 uss.
633 494 697 540 sm.
722 495 743 541 v
765 493 838 540 cnr.
858 496 897 542 as.
918 492 1048 554 (ra-rs.)
1231 476 1295 540 737

218 667 425 725 mutaverunt
481 662 530 725 lta
567 661 752 743 relinquitur
790 662 857 726 sola
893 659 971 726 haec
1003 660 1166 742 disciplina
1198 661 1296 743 digna

218 763 367 828 studiosis
378 763 583 843 ingenuarum
594 762 718 842 artium,
735 763 831 846 digna
842 762 982 844 eruditis,
999 763 1093 843 digna
1104 762 1196 828 claris
1208 760 1294 841 viris,
1311 808 1317 815 -

216 864 314 946 digna
335 865 542 946 principibus,
571 865 666 945 digna
692 864 828 946 regibus.
874 865 923 930 75.
952 867 1040 944 Quae
1068 883 1137 930 cum
1165 865 1295 929 dixisset

217 966 407 1047 paulumque
424 967 595 1044 institisset
619 966 700 1048 Quid
717 967 786 1031 est?
808 965 921 1047 inquit;
944 967 1062 1032 satisne
1079 967 1166 1031 vobis
1183 966 1294 1030 videor

218 1087 276 1149 pro
303 1087 373 1133 meo
400 1069 468 1134 iure
495 1069 526 1133 in
555 1069 667 1133 vestris
693 1067 822 1133 auribus
855 1068 1101 1133 commentatus?
1152 1068 1193 1132 Et
1219 1071 1334 1148 egozb

288 1296 310 1336 t.
331 1289 507 1352 parumqeaE
556 1288 662 1352 quodid
713 1288 775 1337 satae
792 1304 841 1338 om.
857 1266 882 1339 ¹E
901 1289 1010 1356 (retento
1028 1298 1067 1352 ne)
1118 1287 1183 1337 vobis
1202 1289 1296 1340 omia

216 1358 306 1405 ,satiem
324 1356 406 1405 videor
423 1356 527 1406 aodisR
562 1357 628 1405 nodis
645 1363 671 1404 et
688 1371 749 1406 mox
766 1355 892 1406 nomn
929 1363 950 1407 5,
970 1357 1146 1407 commendatas
1164 1357 1208 1404 BL

305 1547 354 1603 75.
389 1546 463 1615 Quid
484 1555 541 1604 est?
568 1547 667 1622 inquit)
690 1547 761 1606 cod.
786 1548 878 1606 Mon:
911 1546 1004 1616 Quom
1024 1550 1125 1622 inquit.
1154 1555 1184 1603 et
1206 1548 1296 1622 paulo

216 1641 286 1686 ante
308 1631 417 1688 omittit
433 1635 515 1705 dipsa
530 1633 707 1708 principibus.
751 1629 923 1712 [Parumque
940 1632 1028 1689 etiam
1047 1632 1080 1701 Β,
1099 1651 1136 1688 ex
1155 1650 1214 1706 quo
1232 1631 1295 1688 fieri

218 1727 329 1791 potest:
353 1719 465 1774 elisisset
487 1728 511 1774 et
530 1736 679 1793 parurnper
700 1721 837 1775 instem
859 1720 916 1775 dea.
935 1736 1138 1792 parumperque
1159 1713 1236 1796 inst]

304 1806 404 1858 satisne
416 1835 454 1847 -
470 1822 523 1878 pro
539 1822 595 1859 nmo
616 1807 674 1860 iare
695 1807 722 1859 in
744 1806 840 1860 vestris
861 1805 973 1859 autibus
990 1800 1211 1880 commentatam)
1229 1803 1296 1859 Hoc

218 1899 277 1942 est:
306 1886 422 1943 Satisne
452 1888 535 1944 vobis
563 1888 666 1945 videor
692 1888 756 1945 iure
785 1907 850 1945 meo
872 1888 963 1962 (quod
992 1888 1063 1944 mihi
1091 1887 1295 1958 concessistis,

216 1989 283 2026 curn
310 1991 353 2027 me
377 1973 473 2029 dicere
496 1973 635 2047 iussistis)
658 1991 728 2030 usus
752 1992 815 2030 esse
841 1981 871 2030 et
893 1973 978 2030 vobis
999 1973 1188 2029 audientibus
1211 1971 1295 2046 quasi

220 2075 302 2112 meae
319 2058 646 2115 exercitationiscausa
662 2068 875 2115 commentatus
892 2056 975 2115 esse?
1010 2057 1296 2116 commentationem
1345 2060 1352 2074 '

216 2142 294 2197 enirn
315 2143 390 2198 hanc
405 2142 496 2199 fuisse
513 2142 667 2217 significat,
685 2143 813 2200 hominis
830 2143 883 2199 hae
900 2162 946 2200 res
965 2143 1152 2199 mediocriter
1168 2143 1296 2199 tenentis

220 2245 273 2282 neo
296 2246 345 2283 aas
368 2247 516 2301 exponere
539 2229 662 2295 assueti,
694 2247 751 2285 nou
775 2239 940 2285 accuratam
964 2237 994 2284 et
1017 2238 1221 2303 praeparatam
1245 2246 1296 2283 ve·

220 2312 290 2367 teris
314 2313 445 2387 magist-ri
469 2312 597 2369 scholam
622 2325 650 2369 et
674 2313 848 2370 orationem.
885 2315 918 2369 In
940 2313 1053 2369 auribus
1074 2316 1169 2369 vestris
1192 2312 1293 2383 eodem

220 2397 306 2452 modo
328 2397 436 2453 dicitur
458 2415 516 2471 quo
538 2401 565 2452 in
587 2418 632 2455 are
653 2409 735 2471 atque
756 2401 783 2452 in
804 2400 887 2455 oculis
904 2401 1060 2473 provinciae
1081 2399 1187 2472 aliquid
1202 2415 1297 2470 perere

218 2482 317 2550 (Verr.
332 2483 372 2551 ΙΙ,
386 2483 441 2550 81;
464 2482 517 2539 cir.
532 2483 630 2541 Hand.
644 2484 730 2540 Tura.
745 2483 793 2540 III
806 2503 836 2558 p.
850 2483 911 2539 250
924 2492 952 2539 et
964 2483 1081 2556 lexic.);
1099 2491 1187 2557 atque
1206 2482 1294 2538 etiam

219 2566 274 2621 hoc
297 2567 392 2641 ipsum
415 2571 442 2623 in
464 2568 576 2624 autibus
598 2568 706 2643 legitur
727 2569 765 2624 ad
788 2568 824 2641 Q.
848 2569 895 2623 Fr.
913 2568 938 2635 1,
960 2572 985 2632 1,
1005 2570 1038 2623 9:
1061 2572 1141 2624 istam
1164 2571 1295 2633 virtutem,

219 2653 422 2708 moderationem
444 2656 535 2715 anina,
559 2656 760 2728 temperantiam
780 2686 816 2696 -
840 2657 867 2708 in
890 2656 947 2709 lace
969 2655 1061 2718 Asiae,
1084 2656 1112 2707 in
1134 2654 1217 2708 oculis
1239 2654 1296 2708 cla-

219 2740 341 2793 rissimae
365 2740 520 2812 provinciae
541 2748 622 2811 atque
644 2741 670 2794 iu
692 2739 804 2794 uatibus
826 2741 941 2794 omnium
960 2741 1077 2810 pontiam
1105 2757 1138 2794 aa
1160 2739 1296 2793 nationum

218 2840 277 2877 esse
293 2825 420 2895 positam.
466 2819 542 2902 [cfr.
569 2825 654 2879 Verr.
678 2823 736 2888 ΠΙ,
760 2823 828 2892 131,
851 2825 919 2880 Act.
944 2824 968 2883 Ι,
992 2818 1036 2901 7.]
1080 2822 1202 2878 Tacitus
1225 2821 1297 2878 dicit

219 2907 296 2979 <spond
312 2926 392 2963 aures
408 2909 521 2964 alicuius
538 2908 629 2979 (Hist.
641 2909 665 2965 Ι.
679 2909 729 2977 26,
747 2907 849 2983 Agris.
862 2910 924 2979 44).
959 2909 1067 2964 Satisne
1084 2925 1142 2963 non
1160 2906 1296 2981 proxime

220 3008 285 3046 cnm
309 2992 380 3048 solis
403 2992 461 3048 illis
485 2993 583 3049 verbis
602 3012 655 3067 pro
676 3012 732 3048 meo
754 2996 820 3062 iure,
843 2992 894 3048 aed
916 3010 981 3048 cum
1005 3000 1069 3049 tota
1091 2991 1296 3065 complexione
1344 3036 1347 3041 .

220 3076 375 3132 verborum
400 3077 601 3152 coniungitur;
620 3097 673 3152 pro
694 3098 743 3135 sao
765 3081 822 3133 iare
844 3087 940 3133 autem
961 3077 1023 3152 agit
1040 3076 1098 3147 (cui
1116 3076 1295 3133 eontrarium

219 3169 265 3216 est
283 3165 408 3235 precando
430 3171 454 3218 et
475 3181 535 3219 culm
557 3164 655 3234 aazia),
679 3163 729 3237 qui
752 3161 798 3219 ius
820 3181 904 3219 sunm
928 3171 1009 3218 tenet
1031 3163 1134 3233 (Tusc.
1153 3162 1212 3231 ΙΙΙ,
1234 3162 1296 3234 20),

220 3246 314 3302 etita
336 3247 391 3303 sibi
415 3266 502 3323 agere
525 3247 614 3303 licore
637 3247 801 3313 contendit,
825 3247 940 3303 veniam
964 3265 1021 3303 non
1045 3258 1163 3321 petens3
1190 3246 1297 3320 (Erne-

220 3331 308 3387 stius:
338 3333 431 3399 libere,
461 3352 547 3388 anaim
568 3335 686 3389 stadium
708 3343 828 3401 secatus;
858 3332 1002 3389 Karnine:
1032 3334 1132 3388 Meinet
1159 3332 1225 3399 Iar,
1253 3332 1297 3387 iad
1376 3338 1386 3348 “

220 3416 287 3471 labe
309 3418 472 3490 liraldnpliad
494 3421 591 3474 melanes
614 3418 729 3474 Reoltes
750 3419 818 3474 anicla
842 3418 983 3490 bedieatt).
1028 3417 1134 3490 Itaque
1156 3416 1185 3472 in
1209 3416 1296 3473 Verr.

220 3501 258 3569 V,
282 3501 300 3557 2
324 3502 396 3558 haec
419 3502 570 3559 dicuutur:
599 3513 653 3559 tam
681 3504 869 3578 deprecabitur
896 3522 914 3558 a
941 3503 1028 3571 vobis,
1057 3513 1112 3558 tum
1140 3505 1219 3557 etiam
1244 3520 1297 3575 pro

218 3605 268 3641 sao
289 3589 347 3642 iare
367 3590 513 3656 coramndet,
536 3607 568 3644 ne
585 3591 730 3662 patiamini
750 3597 817 3653 ceta,
841 3605 895 3643 nec
913 3596 1010 3643 tamen
1028 3591 1086 3643 iare
1103 3585 1295 3643 Hortensium

220 3669 249 3726 id
278 3672 454 3728 contendere
482 3692 568 3747 possa
597 3672 701 3731 Cicero
728 3672 938 3740 confitebatur3
969 3671 1023 3730 cfr.
1053 3690 1106 3746 pro
1136 3670 1227 3728 Ceae(
1246 3671 1296 3740 85,

221 3774 274 3830 pro
286 3757 393 3813 Flacco
407 3757 461 3813 95:
481 3777 534 3832 pro
555 3778 611 3814 aueo
632 3761 690 3813 iure
712 3759 771 3814 dico
792 3758 897 3831 (libere
915 3757 980 3814 dico
998 3775 1061 3823 nec,
1084 3765 1116 3812 ut
1133 3773 1199 3811 cum
1219 3756 1297 3812 bona

220 3841 308 3897 venia
329 3841 465 3911 audiatis,
490 3845 619 3917 precon);
642 3843 678 3898 ad
702 3843 784 3899 Fam.
807 3843 897 3908 ΧΙΙΙ,
921 3843 971 3911 50,
998 3844 1023 3902 1,
1046 3840 1083 3896 ad
1107 3842 1171 3896 Att.
1195 3840 1251 3903 ΙΙΙ,
1278 3840 1296 3896 2

220 3928 288 4000 (pro
309 3947 365 3982 meo
386 3930 457 3991 iare,
480 3927 510 3983 id
532 3937 593 3989 est,
617 3928 727 3984 nullius
749 3928 846 4002 gratis
868 3946 962 4000 neque
985 3923 1168 4001 indulgentia
1191 3928 1297 3998 utens).

220 4010 257 4066 de
279 4010 362 4070 Orat.
387 4013 429 4081 ΙΙ,
449 4013 510 4068 294
532 4015 602 4084 (non
626 4011 754 4069 affirmat
778 4011 935 4079 Antonius,
957 4012 1021 4068 iure
1044 4010 1150 4067 seille
1172 4028 1297 4080 sumere,

220 4096 272 4152 sed
300 4115 331 4153 se
359 4097 455 4172 ipsum
484 4116 519 4153 ea
546 4097 638 4153 libere
669 4108 699 4153 et
731 4105 833 4172 aperte
866 4106 1015 4171 tamquam
1044 4115 1098 4153 sua
1125 4094 1298 4166 vindicare),

221 4181 307 4238 Rbet.
331 4183 368 4239 ad
391 4183 521 4240 Harena.
547 4183 586 4247 ΙΙ,
612 4183 660 4255 39,
683 4183 739 4251 Ν,
763 4183 813 4251 48,
837 4183 958 4239 Terent.
983 4182 1041 4238 Ad.
1063 4181 1094 4250 Ι,
1121 4184 1147 4250 1,
1172 4180 1211 4236 27
1235 4179 1297 4252 (ubi
1375 4202 1379 4209 ·

220 4270 309 4323 mania
327 4287 381 4342 pro
402 4288 458 4324 naso
480 4271 537 4324 iure
558 4288 637 4340 apere
659 4276 704 4326 est
725 4268 782 4331 ita,
808 4278 840 4324 ut
863 4266 933 4323 mihi
956 4285 1010 4341 pro
1033 4265 1130 4341 patria
1151 4273 1299 4340 potestate

221 4351 350 4425 licebat).
383 4353 529 4410 Enarravi
552 4354 629 4410 bunc
651 4354 747 4410 locum
771 4353 913 4428 pluribus,
938 4351 1015 4426 qnod
1039 4360 1069 4407 et
1089 4351 1160 4407 olim
1178 4348 1301 4424 qnidam

1061 4469 1093 4516 47
