3030 5086
362 455 406 537 nu
430 492 510 538 uun.
533 491 596 536 nm.
619 490 654 536 nv
676 488 749 537 one.
775 492 880 536 rr-rn.
897 489 1029 550 (es-rs.)
1169 468 1229 534 521

158 667 338 725 extremum.
384 659 461 724 Cum
489 669 593 723 autem
622 658 778 723 hominem
804 657 837 722 in
865 674 903 723 eo
931 675 1045 737 genere
1065 656 1233 739 posuisset,

158 772 194 827 ut
215 762 243 827 ei
266 761 419 826 tribueret
440 761 534 825 animi
557 759 777 839 excellentiam,
799 778 953 825 summum
976 759 1091 824 bonum
1110 758 1143 822 id
1159 775 1233 823 con·

159 865 273 943 stituit,
301 882 364 929 non
387 870 422 927 ut
444 862 592 929 excellere
614 863 751 942 enimus,
779 864 835 927 sed
863 870 899 926 ut
919 861 993 926 nihil
1016 879 1087 927 esse
1106 869 1234 942 praeter

158 967 295 1032 animum
317 966 485 1030 videretur.
529 964 599 1029 XII.
627 964 698 1030 Uno
727 970 832 1029 autem
854 964 948 1028 modo
975 963 1007 1027 in
1029 963 1145 1028 virtute
1166 964 1235 1028 sola

158 1087 312 1134 summum
330 1068 444 1132 bonurn
463 1073 547 1132 recte
563 1073 741 1148 poneretur,
759 1067 887 1148 siquod
905 1071 991 1131 esset
1005 1065 1127 1146 animai,
1149 1066 1274 1147 quodb

158 1176 257 1235 totum
281 1189 318 1235 ex
340 1176 443 1235 mente
465 1175 632 1247 constaret,
654 1168 686 1232 id
708 1168 811 1250 ipsum
833 1175 938 1233 tamen
960 1168 1014 1247 sio,
1036 1175 1072 1232 ut
1092 1187 1131 1232 ea
1146 1186 1235 1234 mens

158 1271 234 1338 nihil
256 1272 387 1337 haberet
407 1272 440 1335 in
462 1290 505 1349 se,
529 1270 614 1352 quod
634 1276 719 1335 essct
735 1273 904 1335 secundum
921 1276 1075 1349 naturam,
1097 1278 1134 1334 ut
1148 1271 1233 1335 vale·

159 1374 235 1439 tudo
258 1380 314 1439 est.
359 1374 408 1438 29.
433 1374 493 1438 Sed
515 1373 556 1450 id,
578 1390 618 1436 ne
640 1372 769 1454 cogitari
790 1373 915 1454 quidem
937 1378 1050 1453 potest,
1072 1372 1164 1453 quale
1186 1372 1234 1450 sit,

158 1483 194 1540 ut
216 1495 276 1540 non
301 1486 454 1557 repugnet
474 1475 578 1556 ipsum
600 1474 665 1538 sibi

244 1577 297 1643 Sin
320 1577 427 1643 dicunt
444 1576 604 1641 obscurari
622 1577 776 1657 quaedam
794 1594 851 1642 nec
867 1595 1032 1658 apparere,
1055 1575 1128 1657 quia
1144 1575 1235 1641 valde
1254 1579 1295 1643 10

231 1736 251 1779 l.
269 1747 353 1796 ponere
371 1731 462 1781 omE
516 1736 538 1781 8.
565 1740 590 1779 nt
614 1733 683 1795 (post
705 1728 762 1796 aon)
785 1744 835 1781 orn.
858 1729 947 1779 LPCR
998 1729 1077 1779 animo
1100 1729 1233 1780 uPcROr.

158 1800 231 1850 utic
285 1809 308 1849 t.
327 1801 390 1850 Post
406 1800 523 1850 cuderetur
542 1801 598 1848 edd.
625 1798 736 1848 concioni
755 1815 868 1848 summum
886 1799 1007 1849 bmuruC
1060 1803 1082 1847 6.
1102 1808 1127 1848 ut
1144 1798 1235 1849 omli

160 1877 173 1916 8
202 1878 237 1918 est
254 1869 344 1921 omi.
383 1868 427 1918 sed
444 1886 471 1917 ae
490 1867 555 1917 ide
577 1867 621 1916 sed
642 1866 668 1917 id
684 1884 726 1917 trec
744 1867 789 1916 LR
846 1872 882 1917 10.
901 1866 958 1916 dicit
977 1866 1111 1917 ELPBOr.
1152 1867 1235 1918 dt'cC

159 1937 277 2002 quaedam
296 1936 422 1986 obscurari
438 1937 481 1986 Or.

160 2060 287 2117 rioribus
310 2060 427 2133 quidem
450 2058 534 2116 codd.
559 2058 690 2127 defendi,
719 2059 866 2116 duriorem
895 2058 984 2114 habet
1006 2058 1158 2133 syntexin:
1189 2077 1234 2115 er-

160 2155 271 2202 eremum
293 2147 439 2201 animantis
456 2148 584 2218 cuiusque
600 2147 715 2217 penetus,
739 2144 794 2202 hoc
811 2155 864 2208 est,
887 2142 1044 2215 animantis
1060 2144 1098 2200 ed
1115 2144 1171 2201 hoc
1189 2144 1236 2200 vel

160 2231 232 2288 iilud
256 2249 348 2306 genus
371 2229 554 2305 pertinentis,
578 2240 690 2286 utnon
714 2229 777 2286 sine
797 2247 884 2286 cauea
899 2229 1039 2286 Davisius
1055 2230 1236 2286 animantibus

160 2316 248 2373 scribi
273 2316 422 2383 maluerim
445 2334 512 2371 nam
536 2315 578 2371 sic
600 2315 794 2389 coniungere:
816 2325 961 2371 extremum
983 2325 1112 2389 cuiusque
1131 2319 1236 2388 pencris

159 2405 303 2458 animantis
325 2403 369 2475 (ut
397 2419 475 2457 nunc
499 2401 590 2457 verba
618 2400 781 2456 ordinanda
803 2411 885 2463 sunt,
914 2408 1068 2474 postquam
1097 2401 1236 2459 scribitur

158 2489 361 2560 aromatarium),
394 2486 530 2561 prohibet
558 2486 716 2562 singularis
745 2503 882 2542 numerus
910 2485 1091 2560 (animantis),
1120 2487 1235 2543 alienus

160 2573 278 2630 omnino
301 2590 319 2627 a
341 2572 394 2628 tali
417 2573 583 2647 partitione.
619 2573 680 2629 Pro
702 2573 794 2628 deccat
816 2571 957 2627 Davisius
978 2590 1015 2627 ex
1029 2572 1130 2646 El.(l)
1143 2583 1172 2629 et
1189 2573 1234 2628 ed.

160 2658 237 2715 Vict.
260 2658 361 2714 debeat.
409 2657 543 2733 Oppouit
565 2655 658 2714 Gzius
680 2657 769 2714 Tusc.
788 2657 812 2724 i,
832 2657 870 2713 32
888 2667 917 2713 et
935 2657 976 2723 ΙΙ,
991 2658 1018 2720 8,
1036 2656 1235 2732 Wopkensius

159 2746 200 2818 (p.
220 2744 271 2814 51)
295 2752 324 2798 et
347 2743 482 2799 Hundius
506 2743 595 2817 Legg.
619 2743 667 2808 11,
692 2743 710 2799 8
734 2753 764 2799 et
790 2744 841 2810 16,
866 2741 930 2800 Cot.
955 2743 1003 2799 84.
1048 2743 1121 2799 Mox
1141 2762 1236 2816 penore

159 2829 262 2884 aberat
284 2828 372 2883 etiam
396 2845 414 2883 a
437 2827 514 2902 Spir.
538 2822 592 2905 [B]
615 2838 644 2882 et
666 2826 746 2886 Gud.
767 2828 795 2883 2.
840 2827 993 2883 Excidisse
1016 2827 1129 2883 incuria
1152 2839 1233 2903 puto.

245 2932 295 2968 uon
329 2922 359 2967 ut
388 2915 513 2968 excellere
542 2912 662 2985 unicius)
692 2913 741 2970 Sic
771 2913 906 2969 meliores
935 2912 1018 2968 codd.
1047 2915 1115 2988 (mg.
1144 2912 1234 2984 Crat,

160 2998 275 3066 Morel,
298 2995 364 3074 [B],
388 2997 435 3054 El.
463 3002 475 3053 1
503 3006 532 3053 et
555 3000 583 3058 2,
607 2998 682 3053 aiter
704 3008 733 3053 ut
754 3000 916 3069 succideret),
942 3015 957 3052 e
980 2997 1087 3071 quibus
1110 3008 1153 3067 ut,
1176 3016 1235 3071 quo

159 3101 259 3139 carere
288 3083 382 3138 oratio
411 3100 469 3139 non
493 3093 621 3157 poterat.
652 3083 807 3146 Davisius,
837 3092 995 3158 praecunte
1018 3083 1176 3150 Lambino,
1205 3097 1236 3141 et

158 3168 336 3225 recentiores
348 3169 529 3236 asciverunt;
553 3168 765 3224 nominativum
779 3168 981 3243 neglexerunt.
1014 3166 1108 3226 Gzius
1124 3186 1191 3226 cum
1207 3181 1236 3227 ut

158 3272 176 3309 a
199 3254 293 3309 tribus
316 3254 377 3310 suis
394 3253 512 3329 optimis
529 3254 696 3310 confirmari
714 3254 834 3325 diceret,
857 3254 892 3309 de
909 3271 978 3309 casu
997 3254 1116 3311 omnino
1134 3257 1235 3313 tacuit.

245 3339 318 3415 Cap.
333 3339 407 3404 XII,
421 3341 470 3395 29.
496 3339 546 3396 Sin
569 3341 661 3396 dicunt
682 3339 823 3396 obscurari
843 3340 992 3413 quaedam)
1011 3348 1044 3395 ut
1065 3341 1233 3414 expositum

159 3436 204 3481 est
226 3444 243 3480 a
262 3424 374 3483 Catone
397 3426 426 3481 in
451 3425 602 3499 superiore
625 3424 702 3482 libro
726 3426 776 3482 45.
822 3420 941 3503 [Dicunt
962 3424 1077 3481 restitui
1099 3444 1126 3481 a.
1143 3428 1232 3494 1869,

158 3528 223 3566 cum
248 3510 368 3567 Halmio
391 3511 555 3578 crederem,
586 3511 628 3567 sic
651 3512 706 3567 hoc
728 3510 794 3566 ioco
816 3509 957 3584 scriptum
981 3528 1045 3567 esse
1068 3511 1097 3568 in
1122 3511 1147 3568 B
1168 3514 1234 3586 (per

158 3596 377 3669 compendium)
400 3606 429 3651 et
452 3596 485 3659 E,
511 3596 566 3651 etsi
591 3596 660 3652 mihi
683 3597 752 3653 olim
777 3596 915 3652 traditum
939 3607 1003 3652 erat
1026 3597 1161 3670 proximo
1183 3598 1233 3654 de·

158 3700 237 3736 mum
261 3701 347 3737 versu
370 3682 400 3737 in
424 3681 484 3737 Eri.
509 3681 597 3737 scribi
620 3683 712 3739 dictent
733 3683 883 3756 Epicurus.
919 3681 1007 3738 Nunc
1026 3681 1061 3738 de
1081 3681 1141 3738 Eri.
1164 3701 1233 3740 cou-

158 3776 217 3823 stat
240 3768 281 3823 ita
304 3785 368 3823 esse
391 3784 444 3822 nec
462 3766 564 3823 dubito
582 3767 617 3823 de
630 3767 664 3824 B.
699 3767 823 3824 Retineo
841 3776 948 3835 tamen,
972 3767 1051 3842 quod
1068 3785 1233 3842 posueram,

158 3852 237 3925 quod
266 3853 417 3908 librarium
447 3863 628 3927 permutasse
659 3853 756 3910 vicina
779 3853 869 3909 verba
897 3852 1084 3909 ruanifestum
1108 3853 1233 3912 videtur.

157 3937 247 3994 Redit
269 3937 373 3996 Cicero
396 3957 413 3993 a
436 3936 602 4012 Chrysippo
625 3938 663 3994 ad
685 3938 800 3997 Stoicos
823 3937 910 3995 etde
933 3938 970 3995 iis
993 3938 1130 4014 deinceps
1152 3939 1179 4013 (5
1193 3941 1233 3997 30

157 4028 225 4096 cet.)
248 4024 385 4079 universe
413 4017 567 4101 loquitur]
612 4023 769 4095 (Quaedam
796 4025 937 4081 obscurari
962 4042 1061 4081 errore
1084 4023 1176 4082 Gaius
1204 4036 1234 4082 et

158 4108 310 4182 Orellius.)
360 4109 465 4165 Videri
498 4109 593 4184 possit
622 4109 669 4166 hic
696 4110 778 4167 iocus
806 4109 964 4167 defendere
992 4110 1232 4168 consuetudinem

158 4195 331 4263 multorum,
361 4195 411 4268 qui
435 4212 525 4262 nunc,
554 4212 620 4249 cum
648 4214 709 4252 rem
737 4193 844 4252 factam
874 4195 937 4252 sinc
965 4195 1027 4252 ulla
1052 4195 1234 4254 condicionis

157 4280 370 4355 significatione
393 4279 636 4336 adiudicandum
656 4292 834 4356 proponunt,
858 4278 1233 4357 Germanicavooe(wena)

158 4365 272 4440 decepti
301 4367 343 4423 sic
372 4366 547 4440 loquuntur:
580 4369 606 4422 si
630 4366 716 4423 Gaius
744 4368 792 4423 doc
818 4377 844 4423 et
871 4367 920 4422 doc
946 4369 1026 4433 dicit,
1060 4377 1147 4437 errat,
1181 4367 1232 4426 ubi

158 4451 265 4508 Latina
293 4453 387 4508 oratio
415 4453 490 4525 qood
511 4450 649 4525 postulat.
694 4451 754 4511 Sed
776 4450 881 4510 Cicero
909 4452 952 4510 sic
973 4451 1117 4527 loquitur,
1147 4454 1232 4528 qussi
