3030 5086
194 409 256 474 104
400 496 404 505 Ι
576 402 629 490 bia
655 424 787 475 nmmos
809 427 881 474 nou.

197 595 282 676 diligi
305 601 337 660 et
358 613 465 660 earnm
488 608 558 659 esse
578 587 750 660 iucundum
772 604 821 661 est
837 603 1015 677 propterea,
1038 595 1112 677 qnia
1128 593 1280 659 tutiorem

200 697 295 761 vitam
325 707 357 760 et
379 697 569 778 voluptatem
597 696 769 776 pleniorem
798 695 901 762 efficit.
946 697 1058 780 ltaque
1085 716 1146 761 non
1174 695 1216 762 ob
1240 713 1282 760 ea

200 798 300 863 solnm
322 799 530 876 incommoda,
553 815 633 879 qnae
655 799 802 864 eveniunt
823 799 987 880 improbis,
1018 798 1196 879 fugiendam
1219 797 1280 862 im·

197 899 386 982 probitatem
409 906 568 980 putemne,
597 902 653 964 sed
681 900 892 966 multoeciam
916 901 1029 980 magis,
1059 900 1159 981 qnod,
1188 898 1280 965 cuins

159 1001 229 1067 bin
252 1001 355 1065 animo
378 1012 530 1079 versetur,
554 1019 720 1082 numquam
738 1000 811 1065 sinit
826 1019 897 1066 enm
916 1001 1082 1082 respirare,
1106 1018 1279 1083 numquam

198 1102 402 1184 acquiescere.
443 1103 494 1167 54.
518 1102 610 1182 Quod
628 1103 654 1166 si
673 1120 711 1166 ne
727 1102 867 1182 ipsarum
884 1104 1009 1184 quidem
1026 1104 1177 1168 virtutum
1195 1102 1278 1179 laus,

197 1204 228 1268 in
262 1223 325 1286 qua
356 1203 490 1269 unanime
517 1211 691 1269 ceterorum
720 1203 979 1286 philosophorum
1012 1205 1130 1270 exultat
1164 1203 1278 1281 oratio,

199 1306 339 1386 reperire
349 1306 464 1370 exitum
475 1312 588 1386 potest
608 1305 666 1368 nisi
683 1307 837 1389 dirigatur
853 1308 895 1371 ad
908 1307 1109 1387 voluptatem,
1130 1305 1279 1387 voluptas

198 1416 303 1472 autern
332 1417 381 1472 est
407 1407 487 1485 sola,
521 1425 602 1488 qnae
629 1425 686 1472 uos
715 1416 803 1472 vocet
830 1408 871 1472 ad
900 1426 934 1473 se
961 1416 993 1473 et
1021 1408 1137 1472 alliciat
1163 1415 1279 1489 suapte

141 1509 184 1574 10
201 1516 323 1586 natura
346 1528 407 1574 non
431 1515 536 1590 potest
556 1527 627 1574 esse
649 1509 786 1588 dubium,
809 1509 883 1591 quin
901 1510 934 1575 id
952 1510 993 1574 sit
1012 1528 1166 1574 summum
1183 1516 1280 1590 atque

200 1619 372 1676 extremum
390 1610 541 1676 bonorum
560 1610 706 1689 omnium,
729 1611 883 1692 beateque
904 1611 1010 1676 rivere
1032 1611 1107 1676 nihil
1129 1611 1214 1676 uliud
1237 1611 1281 1676 sit

114 1762 117 1769 .
200 1713 258 1777 nisi
282 1732 351 1777 cnm
376 1712 536 1794 voluptate
559 1713 672 1778 vivere.

287 1815 385 1879 XVIl.
419 1815 469 1880 55.
499 1815 578 1879 Huic
600 1823 705 1880 certae
727 1814 893 1897 stabilique
916 1816 1091 1882 sententiae
1113 1833 1194 1897 qnae
1216 1813 1282 1880 sint

200 1917 379 1995 coniuncta,
407 1916 566 1997 explicabo
596 1917 705 1995 brevix
737 1917 849 1981 Nullus
872 1917 903 1980 in
926 1916 1005 1997 ipsis
1027 1933 1117 1981 error
1138 1923 1187 1982 est
1207 1914 1279 1981 fini-

143 2020 182 2084 15
200 2018 258 2082 bus
280 2018 433 2082 bonorum
456 2025 488 2083 et
509 2019 675 2096 malornm,
704 2019 736 2083 id
758 2024 821 2098 est,
848 2018 880 2083 in
903 2018 1063 2099 voluptate
1089 2018 1198 2084 autin
1220 2019 1279 2082 dc·

201 2120 277 2197 lore,
300 2122 355 2185 sed
378 2121 409 2184 in
432 2120 470 2185 iis
494 2120 587 2184 rebus
610 2129 749 2201 peccant,
771 2139 849 2198 cum,
872 2140 890 2186 e
912 2121 1023 2202 quibus
1044 2120 1122 2186 haec
1140 2118 1278 2186 effician-

202 2231 267 2300 tur,
301 2223 454 2303 ignorant.
504 2221 608 2286 Animi
639 2228 745 2286 autern
773 2223 949 2304 voluptates
977 2230 1009 2287 et
1035 2223 1160 2288 dolores
1192 2222 1279 2287 uesci

276 2414 294 2459 l.
322 2425 395 2457 rarus
415 2409 437 2457 R
463 2417 484 2456 et
507 2415 547 2456 tut.
568 2408 588 2455 L
642 2414 664 2458 2.
689 2407 816 2472 pleniorem
841 2407 926 2474 nolupl.
946 2410 1025 2473 effill
1049 2408 1128 2473 volupe
1153 2410 1195 2472 eff.
1213 2407 1277 2473 plen.

203 2476 366 2526 truciter.
391 2476 452 2543 [catti
471 2475 519 2542 Μ]
562 2481 584 2524 3.
607 2475 638 2542 [Λ
657 2477 751 2525 vetarunt
769 2476 798 2545 tl]
841 2486 865 2529 Ι1.
888 2477 987 2542 optim
1006 2481 1062 2540 (pro
1080 2476 1144 2540 qnod
1159 2476 1237 2533 cuius)
1258 2478 1279 2526 C

203 2549 224 2596 6,
251 2563 295 2594 non
316 2545 411 2594 Ll’lllt
451 2544 509 2607 qnid
535 2561 590 2608 *pro
609 2545 710 2608 quidem)
731 2547 751 2593 l:
797 2554 818 2594 s.
842 2555 919 2610 polest
937 2564 972 2594 ex,
994 2545 1132 2596 LPMCOr.
1179 2551 1201 2594 9,
1223 2543 1279 2594 sola

202 2614 275 2663 estL
299 2612 352 2662 sola
371 2612 460 2664 ortuC
495 2612 557 2662 aliie.
583 2620 604 2661 tl
628 2631 677 2662 coc.
704 2613 738 2663 nd
754 2614 819 2663 reb
860 2619 895 2662 l0.
919 2615 972 2665 dub.
996 2631 1046 2663 esre
1070 2614 1090 2661 L
1133 2613 1164 2663 rit
1186 2630 1228 2662 om
1258 2617 1278 2663 ll

206 2686 242 2732 ll.
268 2681 343 2730 nilo
401 2687 437 2731 la.
468 2681 526 2746 [curn
551 2696 590 2730 oni
625 2681 669 2747 ιζ’]
729 2686 763 2730 lit
794 2682 817 2730 in
842 2692 899 2730 ante
923 2682 1005 2732 dolore
1027 2682 1121 2732 om.L
1178 2687 1206 2730 16
1242 2682 1279 2731 la

205 2749 407 2817 [afferentur.
445 2749 468 2798 εἰ
484 2750 567 2813 quibus
587 2751 608 2798 E

289 2925 446 2998 voluptariam
470 2926 616 2998 pleniorem
644 2924 737 2996 efficit)
762 2923 803 2982 Ut
827 2923 896 2993 Eri,
920 2923 1009 2980 etiem
1032 2924 1121 3000 Spin,
1144 2923 1224 2984 Gud.
1250 2926 1278 2993 ⁸2,

202 3005 271 3089 [B];
290 3027 390 3084 perse
408 3009 484 3065 alter
502 3009 573 3065 ordo
591 3008 684 3066 nihilo
702 3008 838 3076 deterior,
857 3010 1009 3067 sonantior
1025 3010 1123 3067 etiam.
1159 3006 1279 3089 [Itaque

108 3110 113 3121 ·
203 3111 280 3151 nunc
302 3096 330 3151 Α
355 3104 471 3151 secutus
494 3089 582 3172 sunt]
1253 3155 1254 3158 Ἴ

288 3179 359 3253 Cep.
384 3179 491 3241 xvn,
517 3180 564 3234 55.
609 3181 660 3236 aed
691 3182 717 3234 in
751 3182 784 3234 iis
818 3179 911 3247 rebus)
944 3180 981 3235 lis
1009 3179 1133 3236 debebat
1163 3179 1277 3236 deliniri

202 3263 317 3321 adiecto
345 3264 484 3322 relativo:
519 3283 533 3320 e
559 3265 656 3338 quibus
691 3265 755 3321 laec
782 3266 947 3338 efficiuntur,
983 3265 1044 3322 rel:
1077 3267 1149 3340 effici
1170 3275 1278 3340 prorant.

204 3349 333 3407 Deflexit
357 3349 451 3405 oratio
475 3367 510 3405 eo
532 3367 655 3425 genere,
685 3349 720 3405 de
744 3350 860 3425 quoad
885 3350 930 3412 ΙΙ,
955 3350 993 3406 39
1018 3350 1144 3419 dicetnr;
1179 3351 1279 3425 itaque
1351 3404 1357 3416 ,

202 3438 229 3492 t'n
253 3437 286 3490 lis
310 3435 387 3490 reone
410 3433 538 3491 estsere
561 3437 588 3490 in
610 3454 648 3491 eo.
691 3434 736 3491 Eo
759 3435 879 3509 pravius
902 3445 966 3491 eret
989 3436 1039 3499 lis
1062 3436 1200 3511 qnoniam
1219 3436 1278 3493 alio

203 3517 330 3577 refertur
352 3520 425 3576 laec
470 3520 537 3577 Duo
560 3518 662 3578 Gzii
651 3523 693 3576 n's
737 3516 776 3598 [Β
800 3515 875 3597 bijo]

288 3604 381 3661 Artemi
411 3616 498 3663 antem
533 3602 694 3683 voluptates)
724 3604 859 3661 Breniter
892 3615 920 3662 et
950 3615 1017 3680 apte
1046 3624 1104 3660 rctn
1134 3605 1280 3700 complec-

204 3689 275 3746 titur
304 3689 442 3748 Clemens
465 3690 685 3748 Alexandrinus
709 3690 740 3746 ΙΙ
764 3689 903 3748 Siromat
929 3711 954 3766 p.
979 3691 1034 3746 179
1059 3689 1158 3766 Sylb·
1174 3679 1220 3744 O
1248 3679 1279 3745 δὲ

201 3766 374 3869 Ευίκουρυς
403 3771 504 3830 πᾶσαν
531 3765 626 3848 χαρὰν
653 3771 706 3848 τῆς
729 3786 826 3850 melre
849 3766 942 3831 cirron
966 3763 1010 3831 ini
1033 3763 1279 3849 nqurorrntloricp

202 3856 238 3931 τῇ
271 3847 357 3932 σαρκὶ
392 3852 536 3933 yios-cilum
582 3859 686 3932 Itaque
715 3859 892 3916 Plutarchus
921 3861 1000 3932 (Non
1031 3878 1116 3935 posse
1149 3858 1280 3914 suaviter

203 3955 257 4003 cet.
292 3945 310 3997 4
345 3963 386 4039 p.
403 3943 481 4038 1089
517 3944 553 4016 E)
580 3944 748 4039 Epicureos
782 3944 895 4001 inducit
933 3937 1212 4039 μαρτυρουμένους
1231 3932 1279 3998 uni

202 4025 343 4103 fiammae,
366 4018 406 4093 ὡς
429 4017 469 4082 ἐπ’
494 4017 588 4083 οὐὸευὶ
611 4019 771 4102 puplicanis
794 4016 886 4084 ὄντων
908 4023 1019 4100 πέφυκε
1036 4045 1147 4126 {ntuetr
1164 4017 1213 4082 καὶ
1230 4043 1280 4100 yn-

203 4104 325 4185 insciens
352 4102 469 4186 mliv
454 4100 499 4167 etti
523 4098 663 4184 σώματος
692 4104 810 4186 incvna-
837 4101 1051 4188 anpoiouth
1036 4103 1280 4186 ηπροσδοκωμέ·

202 4213 275 4259 autc.
322 4197 391 4254 Alia
414 4196 534 4272 Epicuri
559 4196 650 4266 dicta,
675 4216 750 4271 quae
773 4197 850 4254 idem
874 4197 995 4272 magist
989 4196 1166 4253 nrticulatim
1191 4195 1281 4272 signi-

204 4281 305 4348 ficant,
341 4282 648 4339 commemorabuntur
675 4283 710 4338 acl
738 4283 779 4339 ll.
806 4285 833 4342 7.
863 4295 892 4339 et
915 4282 1076 4339 Metrodori
1100 4282 1137 4338 ad
1160 4283 1205 4340 ΙΙ.
1232 4281 1281 4337 99.

203 4367 389 4439 Sequebatur
420 4367 473 4422 lroc
504 4368 670 4424 necessario
699 4388 714 4424 e
744 4386 884 4443 corporea
912 4369 1000 4424 anion
1030 4383 1149 4434 maturat
1180 4386 1280 4424 verum
