3030 5086
417 486 461 531 nr
486 486 566 531 nnn.
589 485 651 530 ure.
676 487 697 531 v
719 485 792 531 cnr.
812 487 835 534 e.
854 484 987 545 (nn-ra)
1178 466 1239 530 641

164 663 294 733 nostum,
317 655 401 735 quod
423 653 569 735 amplecti
590 652 669 730 vult,
690 653 724 717 id
747 651 841 716 efficit
862 663 963 732 turpe.
1008 653 1058 716 Ad
1080 670 1135 716 eas
1158 651 1241 716 enim

163 776 214 822 res
237 756 369 834 referre,
398 774 478 836 qnae
500 773 591 836 ages,
614 772 746 834 quarum
769 773 845 832 nna,
873 755 899 818 si
928 755 997 834 quis
1019 754 1100 818 malo
1123 763 1241 831 careat,

162 859 194 922 in
218 876 338 922 summo
361 876 431 922 eum
453 858 534 922 bono
557 854 640 920 dicat
656 874 735 935 esse,
757 857 855 921 altera
873 864 1017 921 versetur
1032 856 1064 919 in
1083 855 1240 920 levissima

162 967 253 1040 parte
271 966 412 1037 naturae,
430 957 627 1022 obscurantis
644 963 693 1022 est
710 944 832 1022 omnem
846 957 1043 1038 splendorem
1054 957 1241 1034 honestatis,

163 1081 203 1125 nc
225 1062 326 1125 dicam
349 1060 551 1141 inquirentis.
584 1060 717 1124 Restant
736 1058 840 1138 Stoici,
863 1059 924 1140 qui,
946 1077 1015 1124 cum
1038 1077 1057 1123 a
1079 1059 1281 1139 Peripate-5

163 1164 231 1227 ticis
248 1170 279 1227 et
296 1162 490 1227 Academicis
507 1161 611 1225 omnia
627 1161 869 1238 transtulissent
892 1160 1067 1226 nominibus
1084 1161 1154 1225 aliis
1172 1179 1242 1226 eas·

164 1267 235 1328 dem
259 1283 309 1329 res
332 1264 429 1328 secuti
451 1269 533 1327 sunt
577 1263 646 1326 Hos
669 1276 778 1326 contra
799 1262 937 1342 singulos
963 1263 1024 1327 dici
1046 1270 1095 1328 est
1117 1263 1241 1341 melius;

120 1370 128 1381 “
164 1367 220 1430 sed
243 1384 332 1443 nunc,
355 1366 439 1446 quod
462 1364 597 1446 agimus3
620 1367 660 1428 de
682 1364 751 1443 illis,
774 1382 843 1427 curn
866 1364 1012 1429 volemus.
1058 1367 1108 1429 23.
1126 1365 1240 1429 Demo·

237 1517 305 1634 iiiiii:
318 1533 366 1566 om.
387 1517 520 1567 LPCllOr.
558 1522 581 1566 8.
599 1516 667 1566 dicar
682 1516 724 1568 Or.
762 1523 784 1567 4.
804 1516 954 1565 obscurdatrs
972 1534 1061 1566 omnem
1080 1517 1139 1581 (orn.
1159 1516 1244 1583 etth

166 1592 188 1636 8.
208 1604 247 1649 qur

165 1718 242 1777 runt,
260 1718 292 1764 ut
309 1709 339 1765 in
352 1709 450 1783 priore
462 1707 599 1782 exernplo
611 1708 692 1777 haec,
710 1725 786 1781 quae
797 1707 851 1764 toti
864 1705 977 1764 formae
990 1706 1056 1763 libri
1069 1716 1243 1783 repugnant,

166 1794 261 1851 locum
285 1793 393 1849 habere
418 1793 575 1867 potuerint.
621 1793 692 1849 Mox
719 1793 900 1849 commodam
923 1793 1010 1849 etiam
1035 1791 1112 1867 Spir.
1136 1789 1201 1871 [B].

251 1880 301 1935 22.
329 1880 358 1935 id
385 1880 466 1951 efficit
493 1878 583 1953 turpe)
607 1879 680 1934 Post
707 1878 882 1935 sententiam
906 1878 1061 1935 relativam
1090 1896 1128 1934 ex
1150 1878 1243 1932 altun-

165 1964 246 2019 dunti
269 1963 530 2020 demonstrativum
549 1962 654 2021 Cicero
677 1962 798 2032 addidit,
821 1971 854 2018 ut
876 1963 905 2019 iu
929 1982 964 2019 eo
982 1963 1075 2039 inagis
1092 1971 1246 2019 notaretur

166 2048 309 2123 propositi
333 2057 361 2104 et
384 2047 505 2105 effeetus
528 2047 740 2123 discrepantia,
768 2048 846 2121 quod
875 2065 940 2104 cum
970 2057 1037 2122 post
1059 2047 1246 2105 substantiva

165 2134 337 2208 saepissime
359 2133 423 2189 fieri
447 2133 530 2190 multi
554 2132 720 2201 docuerint,
749 2133 832 2189 velut
859 2142 1044 2188 enarratores
1066 2132 1184 2189 Liviani
1207 2132 1244 2188 ad

166 2220 269 2277 XXV.
283 2219 332 2287 27,
349 2221 375 2288 1,
394 2217 580 2277 Ciceroniani
598 2217 634 2274 ad
647 2216 706 2276 Off.
719 2218 744 2287 l,
761 2219 829 2286 126,
853 2217 1034 2274 Matr-hiacus
1046 2218 1147 2275 Verm.
1161 2217 1244 2276 Schr.

166 2324 194 2378 p.
212 2304 266 2364 65,
290 2313 351 2359 tum
375 2303 440 2378 ipso
463 2322 580 2378 quoque
602 2303 776 2377 pronomine
799 2303 993 2377 praecedente
1016 2302 1093 2372 lieri,
1121 2311 1246 2378 apparet

166 2408 204 2443 ex
227 2386 285 2445 Off.
309 2389 357 2445 ΙΙΙ
364 2430 372 2457 ,
399 2389 437 2445 13
471 2389 551 2460 (illud
577 2390 685 2462 quidem
713 2389 863 2455 honesturn,
898 2390 972 2461 quod
994 2394 1106 2468 proprie
1133 2406 1246 2461 vereque

166 2476 273 2538 dicitur,
296 2476 326 2530 id
348 2477 426 2546 cet),
449 2474 538 2530 Tusc.
563 2474 620 2539 III,
642 2475 690 2541 71,
715 2472 914 2547 Philipplll,
929 2475 957 2541 7,
982 2473 1046 2530 Liv.
1058 2473 1244 2541 XXXVIII,

168 2560 218 2623 51,
244 2559 271 2615 3.
316 2559 428 2616 Durius
451 2558 543 2614 videri
567 2567 673 2634 potest,
697 2567 765 2632 post
785 2560 816 2614 id
836 2561 925 2632 ipsum
947 2558 1103 2632 superaddi
1126 2560 1170 2623 id,
1193 2556 1245 2614 sed

169 2644 268 2717 priora
285 2645 460 2718 pronomina
476 2643 622 2700 extollunt
634 2661 735 2699 vocem
756 2644 902 2707 horreolum,
920 2643 1067 2717 posterius
1084 2643 1246 2700 sententias

167 2728 331 2784 contrarias
348 2728 478 2802 insignit.
514 2725 590 2806 [Cfr.
610 2747 663 2802 pro
681 2726 797 2786 Cluent.
819 2728 876 2784 137
894 2730 933 2785 id,
956 2730 1030 2801 quod
1048 2773 1054 2786 .
1070 2773 1076 2785 .
1093 2769 1110 2795 .,
1126 2730 1156 2784 id
1172 2723 1245 2807 cet]

167 2815 272 2886 Itaque
300 2814 344 2879 id,
378 2811 455 2885 quod
484 2813 571 2868 etiarn
603 2812 681 2887 Spir.
711 2807 765 2890 [B]
794 2812 930 2887 praebet,
960 2812 1067 2882 ascivi;
1101 2813 1246 2870 editiones

168 2897 353 2954 omittebant.
1183 2893 1192 2915 '

253 3000 370 3056 quarum
390 3013 425 3024 -
446 3001 499 3036 una
522 2981 609 3055 dicat)
629 2982 783 3041 Sententia
799 2982 900 3038 eadem
919 2983 1055 3057 exposita
1071 2992 1117 3039 est
1134 2984 1244 3051 11,41;

167 3068 216 3124 sed
241 3068 396 3123 haeremus
426 3067 529 3122 merito
557 3068 588 3122 in
616 3067 725 3124 duritia
752 3078 783 3123 et
804 3067 951 3141 pravitate
979 3067 1066 3124 huius
1089 3067 1246 3124 orationis:

168 3173 221 3208 arra
244 3172 299 3208 res
322 3151 468 3224 (vacuitas
491 3152 612 3225 doloris)
635 3155 735 3221 dicit,
763 3156 789 3208 ai
814 3159 878 3226 quis
906 3155 975 3208 reolo
1002 3163 1094 3209 careat
1120 3152 1162 3225 (id
1191 3162 1245 3221 eet,

170 3238 277 3294 lrabeat
289 3238 465 3294 vacuitatem
480 3235 611 3310 doloris),
628 3241 654 3293 ia
671 3256 774 3293 summo
789 3256 848 3293 eum
864 3238 929 3293 bono
945 3256 1010 3294 esee.
1040 3237 1145 3296 Cicero
1157 3238 1246 3307 enim,

166 3323 302 3379 instituta
324 3323 378 3378 hac
401 3321 561 3396 partitione
578 3323 706 3396 (quomam
729 3342 783 3378 una
804 3353 853 3392 -,
876 3323 1069 3393 alterocca),
1097 3340 1162 3378 cum
1187 3341 1245 3379 uon

167 3418 350 3463 succurreret
374 3407 494 3463 verbum
523 3407 613 3481 priori
643 3407 720 3483 parti
748 3420 849 3482 aptum
878 3425 933 3462 noc
960 3407 990 3463 in
1018 3407 1071 3464 illa
1098 3407 1246 3464 scribendi

167 3492 357 3549 festinatione
381 3501 508 3560 mutare,
536 3511 612 3565 quae
634 3492 808 3567 scripserat,
836 3501 865 3547 et
893 3493 931 3548 ab
954 3491 1014 3549 alia
1034 3491 1131 3550 forma
1154 3492 1245 3549 ordiri

167 3578 350 3633 commodum
374 3589 465 3635 esset.
495 3595 514 3631 a
541 3577 583 3632 rei
607 3577 726 3634 notione
749 3577 898 3634 transiluit
919 3577 956 3633 ad
979 3578 1158 3647 sententiae,
1187 3596 1247 3651 qua

169 3680 204 3717 ea
231 3680 278 3718 res
307 3663 495 3736 probaretur,
524 3662 672 3718 notionem
696 3661 761 3734 (cfr.
784 3663 833 3731 H,
858 3662 911 3736 35)
933 3672 963 3720 et
984 3663 1128 3727 auctoris,
1153 3663 1247 3739 eique

167 3747 401 3803 accommodavit
422 3749 504 3803 dicat.
549 3749 649 3822 Atque
677 3748 703 3804 is
726 3748 867 3804 transitus
895 3748 952 3804 iam
981 3756 1105 3823 apparet
1133 3748 1163 3804 iu
1193 3747 1247 3816 illa
1353 3814 1357 3823 Ι

167 3831 353 3888 condicione:
382 3835 407 3887 si
433 3836 494 3906 quis
517 3843 589 3902 cet,
618 3850 694 3906 quae
721 3850 786 3888 cum
815 3830 909 3908 ipsius
931 3833 1011 3889 illius
1033 3833 1076 3890 rei
1099 3833 1245 3909 significa·

167 3918 276 3972 tionem
301 3916 422 3973 habeat.
451 3927 511 3974 turn
541 3917 657 3974 demum
681 3916 748 3973 addi
772 3927 884 3991 potest,
912 3918 936 3975 si
965 3936 1022 3974 non
1053 3918 1088 3974 de
1116 3937 1148 3975 re
1171 3919 1245 3994 ipsa,

168 4001 219 4058 sed
247 4003 282 4057 de
310 4002 456 4062 sententia
478 4002 596 4061 dicit-ur.
640 4003 718 4059 Nam
742 4002 821 4077 quod
842 4001 935 4061 Gzius
963 4011 993 4059 et
1020 4003 1200 4060 recentiores
1229 4020 1246 4059 c

168 4086 247 4144 Gud.
273 4088 290 4143 2
320 4087 415 4160 (cuius
443 4088 554 4144 codicis
586 4089 624 4144 ab
653 4097 777 4162 utraque
804 4086 920 4145 familia
947 4088 1137 4145 desciscentis
1165 4087 1247 4144 nulla

168 4172 289 4228 minima
311 4173 470 4228 auctoritas
493 4175 549 4248 est)
566 4175 643 4230 dicas
665 4174 807 4242 scribunt,
830 4173 963 4230 incidunt
984 4173 1014 4229 in
1037 4171 1163 4230 formam
1181 4191 1246 4230 ora·

167 4258 257 4314 tionis
279 4257 534 4332 inexplicabilem
557 4277 623 4315 narn
647 4277 743 4333 neque
765 4278 819 4314 unu
841 4277 871 4315 re
886 4258 928 4331 (in
951 4257 1007 4314 hac
1024 4258 1244 4315 coniunctione:

168 4363 222 4399 unu
250 4362 278 4399 re
305 4345 405 4416 dr'cere)
427 4353 525 4417 potest
547 4362 626 4401 esse:
650 4354 764 4420 propter
791 4363 872 4400 arram
901 4362 971 4414 rem,
1000 4361 1096 4418 neque
1124 4353 1247 4420 propter

168 4428 346 4485 vacuitatem
370 4427 480 4485 doloris
502 4428 575 4486 illud
599 4428 715 4488 dicitur.

1008 4514 1038 4559 41
