3030 5086
461 488 504 533 su
528 487 607 532 usa.
630 486 692 531 trs,
716 488 737 533 v
759 486 832 533 css.
854 488 890 534 u.
911 488 1042 543 (st-est)
1223 466 1283 531 661

218 657 331 721 iniecto
359 662 479 720 terrore
507 656 616 720 mortis
643 655 882 720 horrescunt.
931 654 982 719 32.
1011 654 1089 732 Quis
1116 660 1221 718 autem
1247 654 1287 718 de

218 762 286 840 ipso
310 759 450 838 sapiente
472 757 563 821 aliter
585 757 755 833 existimet,
782 757 871 836 quin,
898 754 993 820 etiam
1020 773 1089 819 cum
1116 754 1289 819 decreverit

292 952 311 994 1.
330 947 398 994 Auta
417 943 499 993 ἰπὶεεῖο
517 945 576 992 add.
595 943 642 992 sibi
655 942 789 993 LPCROr.
824 943 1009 991 horrescenteE
1045 949 1067 993 ⁸2.
1087 944 1129 1006 qui
1144 943 1214 993 αἰαηι
1229 939 1289 992 Ror

298 1123 391 1194 jeros,
419 1121 506 1191 iniquit
528 1118 678 1190 Pacuvius)
701 1118 851 1192 Apparet,
879 1117 968 1174 etiam
997 1117 1071 1173 hanc
1098 1115 1288 1173 sententiam:

195 1210 293 1279 'serae
317 1237 352 1247 -
378 1203 532 1259 horrescant
550 1202 674 1259 Pacuvii
697 1220 776 1272 esse;
799 1221 894 1276 neque
917 1201 994 1259 enim
1017 1201 1104 1258 aliter
1121 1211 1202 1258 recto
1223 1201 1289 1258 loco

220 1291 346 1365 positum
376 1298 454 1345 esset
480 1293 581 1362 inquit3
610 1297 639 1343 et
666 1287 752 1343 fidem
781 1286 852 1344 facit
874 1289 1045 1345 horrescendi
1066 1287 1202 1354 verbum,
1231 1305 1289 1360 quo

219 1376 323 1435 Cicero
346 1387 375 1430 et
397 1392 501 1449 prosae
518 1373 660 1430 orationis
676 1373 835 1448 scriptores
853 1372 913 1429 fere
930 1373 1089 1443 abstinent,
1112 1373 1167 1429 etsi
1185 1370 1289 1429 Cicero

218 1463 233 1519 I
256 1461 292 1517 de
310 1462 346 1519 R.
365 1461 398 1518 P.
420 1460 459 1516 63
483 1468 513 1515 et
529 1459 626 1515 Varro
643 1459 733 1533 (apud
751 1458 880 1515 Nonium
897 1477 927 1533 p.
947 1459 1021 1532 423)
1043 1478 1117 1514 utare
1139 1460 1290 1513 tenueere

218 1547 356 1604 dixerunt
383 1545 418 1601 de
447 1545 546 1601 colore
573 1553 603 1600 et
630 1544 736 1618 specie.
786 1544 890 1618 Itaque
919 1544 1001 1600 nulla
1030 1553 1075 1600 est
1102 1561 1203 1608 causa,
1237 1559 1291 1599 cur

218 1634 315 1706 quibos
338 1650 355 1687 a
372 1648 459 1687 versu
475 1630 654 1704 seiungatur.
689 1629 723 1685 In
736 1629 834 1687 verbis
851 1635 943 1686 iniecto
960 1639 1059 1685 terren
1074 1634 1167 1685 mortis
1184 1626 1289 1686 Cicero

218 1717 340 1774 Pacuvii
365 1715 540 1774 sententiam
563 1715 592 1771 in
616 1714 735 1772 brevius
757 1715 939 1772 contraxisse
963 1715 1093 1782 videtur3
1116 1731 1169 1770 nec
1191 1724 1290 1769 tamen

218 1803 283 1859 ideo
306 1821 365 1858 non
387 1810 466 1858 recte
489 1800 607 1876 ponitur
629 1805 717 1874 inquit
739 1802 885 1868 Pacum'us,
908 1819 966 1874 qua
987 1798 1081 1857 forma
1101 1799 1205 1858 Cicero
1228 1809 1290 1855 tum

218 1889 333 1944 demum
357 1888 463 1953 utitur,
491 1887 515 1943 si
544 1886 609 1960 ipsa
636 1894 787 1961 poetarum
816 1885 906 1942 verba
934 1885 1007 1942 nihil
1034 1885 1143 1941 inflexa
1169 1883 1292 1941 ascribit

218 1974 266 2046 (de
289 1973 390 2030 Diviu.
416 1972 464 2040 ΙΙ,
491 1972 559 2039 127,
583 1970 641 2030 Off.
665 1972 722 2040 111,
747 1973 813 2044 84),
837 1971 975 2045 quoniam
999 1982 1029 2027 et
1050 1970 1216 2045 superiora,
1238 1968 1290 2026 ubi

218 2059 291 2117 illud
313 2057 491 2125 intericitur‚
520 2076 577 2113 non
607 2059 732 2114 mutavit
759 2068 789 2113 at
816 2056 863 2112 hic
890 2075 1007 2131 quoque
1034 2066 1148 2113 tanturn
1177 2054 1289 2128 aliquid

219 2144 378 2205 addidisse.
412 2143 575 2200 sententiae
603 2152 699 2199 autern
729 2143 886 2219 primariae
914 2142 980 2217 ipsa
1007 2142 1098 2198 verba
1125 2144 1222 2215 (J'eroe
1249 2171 1288 2182 -

219 2232 384 2301 horrescunt)
407 2227 562 2285 retinuisse
586 2228 709 2285 videtur.
753 2228 821 2287 Uno
850 2239 879 2284 ct
906 2228 999 2284 altero
1022 2227 1086 2284 loco
1109 2226 1222 2283 librarii
1244 2244 1290 2282 re·

218 2315 449 2371 centissimurum
473 2313 605 2370 codicum
630 2314 738 2370 nudum
757 2321 862 2389 poetae
878 2332 984 2370 nomen
1001 2313 1178 2369 addiderunt
1189 2312 1290 2383 (Tusc.

218 2402 241 2470 Ι,
267 2400 316 2465 31,
340 2400 378 2456 N.
403 2401 440 2458 D.
464 2400 489 2468 Ι,
518 2399 576 2473 13),
600 2399 654 2455 hac
677 2398 772 2456 forma
795 2403 894 2474 (inquit
916 2401 996 2472 Poe.)
1019 2417 1172 2472 nusquam,

303 2490 395 2541 iniecto
407 2496 507 2541 terrore
518 2484 625 2559 cautis)
639 2486 707 2552 Sibi,
726 2485 805 2559 quod
817 2485 1063 2561 praeponebatur,
1080 2482 1190 2540 omittit
1201 2482 1289 2538 etiam

219 2571 294 2644 Spir.
314 2567 377 2649 [B]
401 2570 429 2626 id
453 2582 506 2630 est,
530 2571 674 2627 meliores.
719 2571 758 2626 Et
780 2571 845 2628 loco
867 2571 968 2645 inepto
990 2569 1117 2644 positum
1142 2579 1213 2635 erat,
1236 2583 1291 2623 nec

217 2668 296 2712 recte
320 2655 440 2711 dicitur:
470 2660 563 2712 iniecto
585 2657 636 2713 sibi
658 2667 757 2712 terrore
779 2657 948 2724 horrescunt,
980 2674 1033 2730 pro
1057 2673 1107 2719 eo,
1130 2653 1209 2727 quod
1231 2662 1290 2710 est:

217 2762 275 2797 citra
298 2751 336 2796 est
359 2745 392 2797 iis
415 2751 500 2796 terror
516 2746 636 2797 iniectus.
682 2741 801 2798 Delevit
824 2741 911 2797 etiam
930 2740 1011 2798 Otto.
1058 2739 1162 2797 Ortum
1185 2748 1230 2795 est
1252 2756 1290 2794 ex

219 2826 323 2880 ruendo
347 2826 409 2881 cod.
432 2825 584 2900 archetypi
608 2822 661 2905 [B]
684 2831 808 2882 astutias.
853 2821 1022 2905 [Astatiest]

305 2910 353 2964 32.
381 2910 449 2977 Quis
474 2943 507 2951 —
534 2913 614 2967 aliter
635 2916 780 2979 existimat,
804 2911 882 2986 quin)
906 2912 1012 2970 Recte.
1036 2908 1200 2985 significata
1222 2925 1290 2964 con·

220 2995 310 3050 traria
333 2996 486 3056 sententia.
510 3013 574 3051 cum
598 3015 633 3052 aa
655 2996 789 3058 tollatur,
813 3001 878 3069 quin
900 2995 1044 3070 particula
1067 2993 1224 3055 subicitur,
1252 2992 1290 3048 ad

219 3099 305 3154 quarn
335 3081 427 3154 ipsam
457 3084 534 3136 aliter
561 3080 701 3145 refertur,
735 3080 978 3155 quemadmodum
1013 3091 1042 3136 et
1069 3097 1158 3153 supra
1186 3077 1290 3136 Cicero

218 3165 332 3222 locutus
355 3177 399 3222 est
422 3166 476 3235 lv,
501 3166 540 3222 32
564 3177 593 3222 et
615 3166 751 3238 similiter
772 3167 860 3223 Tusc.
885 3167 922 3235 V,
945 3167 995 3222 17:
1024 3168 1137 3222 atterum
1159 3169 1229 3238 (nna
1252 3182 1290 3220 ex

218 3252 330 3307 duabus
359 3252 513 3308 contrariis
542 3252 696 3308 sententiis
718 3252 911 3328 significatur)
939 3253 994 3309 dici
1019 3271 1070 3307 nort
1094 3262 1196 3326 potest,
1225 3254 1290 3324 quin

218 3348 272 3391 cet.
291 3349 318 3392 et
338 3356 457 3411 prorsus
475 3338 577 3394 eodem
596 3338 682 3394 modo
695 3337 805 3396 Caesar
821 3337 856 3394 Β.
869 3336 907 3396 G.
920 3337 991 3404 VII,
1004 3341 1059 3393 44:
1076 3355 1123 3393 uec
1140 3341 1194 3394 iam
1210 3338 1291 3393 aliter

218 3427 312 3478 sentire
338 3456 384 3479 -.
409 3428 474 3496 quia
487 3443 574 3497 poene
590 3426 785 3481 circumvallati
801 3425 962 3480 uiderentur.
1007 3423 1055 3480 Illi
1077 3432 1175 3480 autern
1199 3422 1287 3478 Tusc.

218 3507 282 3563 loco
305 3508 400 3564 simile
423 3519 476 3574 est,
500 3509 577 3583 quod
590 3511 687 3565 Varro
710 3509 780 3565 dicit
798 3509 845 3565 IX
863 3509 899 3565 de
912 3510 944 3566 L.
958 3510 991 3565 L.
1005 3528 1031 3583 p.
1049 3509 1106 3565 129
1120 3508 1201 3584 Bip.:
1224 3509 1290 3564 olte-

217 3613 276 3649 ram
299 3614 349 3648 uon
371 3597 532 3659 eorzceditar,
555 3600 619 3667 quin
637 3602 676 3650 ito
693 3597 801 3651 dicatur
818 3594 886 3666 (hoc
905 3606 959 3660 est,
982 3595 1117 3657 alterum,
1140 3593 1219 3669 quod
1236 3610 1290 3649 nos

217 3678 361 3754 ponimus,
386 3698 442 3735 non
461 3680 502 3736 ita
519 3680 576 3735 dici
595 3680 710 3745 debere,
729 3698 786 3737 non
804 3680 983 3742 conceditur.
1001 3681 1052 3737 sed
1069 3680 1112 3735 ita
1128 3680 1185 3737 dici
1203 3695 1290 3754 posse

216 3764 403 3835 defenditur).
451 3765 579 3820 Eandem
604 3783 721 3822 causam
750 3784 788 3822 ex
816 3767 981 3823 contrariae
1010 3766 1171 3824 sententiae
1199 3763 1289 3839 signi·

215 3850 350 3906 ficatione
374 3851 506 3925 negando
530 3850 644 3907 sublata
667 3852 755 3908 habet
779 3852 923 3925 particula
945 3851 976 3910 II
999 3852 1035 3908 de
1052 3853 1108 3926 leg.
1122 3871 1219 3928 agrar.
1236 3849 1288 3906 19:

215 3939 288 4008 qraod
305 3956 378 3991 taenio
395 3941 536 3993 imminuit.
556 3956 628 3992 nemo
644 3943 765 4003 arietavit,
789 3945 854 4012 quin
873 3942 900 3995 ii.
924 3942 972 4011 qai
988 3940 1091 4014 populo
1106 3957 1187 4012 apros
1204 3943 1290 3994 asserit

214 4027 387 4093 ossiqaotam',
406 4032 467 4078 ante
477 4027 626 4095 acciperent
643 4042 661 4077 a
672 4025 773 4097 populo
784 4023 936 4096 beneficium
947 4044 1029 4098 quam
1040 4025 1145 4081 darent.
1164 4034 1194 4079 at
1210 4020 1289 4096 apud

214 4107 284 4162 Tac.
298 4109 377 4162 Anu.
390 4107 459 4166 XV.
473 4111 528 4164 44:
551 4127 601 4163 non
624 4109 765 4165 decedebat
788 4112 909 4183 irpomiu.
933 4114 998 4182 qaia
1020 4113 1123 4166 iussum
1139 4110 1289 4166 incendium

213 4195 375 4249 crederetur.
411 4193 449 4248 Et
472 4193 519 4249 hic
542 4193 658 4266 quidem
683 4195 827 4269 (exceptis
839 4193 1073 4251 Tusculanarum
1097 4205 1127 4251 et
1143 4190 1289 4251 Varronis

214 4278 295 4344 locis,
321 4278 369 4334 ubi
394 4289 509 4352 poterat
531 4279 625 4335 subici
648 4279 743 4336 oratio
766 4280 880 4336 infinita
899 4285 1023 4355 negans)
1040 4280 1127 4337 aliter
1149 4279 1206 4336 dici
1230 4295 1288 4335 non

214 4374 343 4438 poterat3
366 4363 415 4419 sed
435 4363 564 4431 omnino,
583 4365 721 4437 quoniam
739 4365 769 4421 in
787 4365 867 4422 omni
884 4365 1039 4441 negatione
1057 4365 1188 4422 tollenda
1204 4361 1287 4438 quasi

214 4450 356 4522 quaedam
375 4449 522 4506 recusatio
544 4449 667 4508 tollitur.
692 4450 779 4525 paulo
797 4450 913 4526 longius
929 4450 1022 4526 serpit
1039 4469 1109 4508 usus
1126 4449 1288 4526 particulae
