3030 5086
328 429 392 495 342
720 447 765 491 ou
788 445 918 492 rimans
941 445 1011 490 aon.

413 616 437 679 I.
469 617 494 677 l.
517 613 718 693 Voluptatem
747 613 887 693 quidem.
917 612 1029 690 Brute,
1058 612 1084 676 si
1111 611 1182 692 ipsa
1208 629 1268 693 pro
1296 629 1330 675 se
1357 611 1403 676 lo·‘

329 725 444 797 quatur
470 732 526 780 nec
553 725 619 778 tam
647 714 822 794 pertinaces
852 714 964 778 babeat
990 721 1154 794 patronos,
1185 731 1403 778 concessuram

328 818 479 895 arbitror,
507 817 678 880 convictam
706 815 869 895 superiore
896 815 989 892 libro,
1019 816 1174 896 dignitati.
1217 815 1340 879 Etenim
1363 817 1405 880 sit

327 918 501 998 impudens,
523 918 551 981 si
567 917 675 981 virtuti
691 916 809 981 diutins
826 924 979 997 repugnet
995 928 1051 980 aut
1067 917 1093 982 si
1111 917 1250 981 honestis
1267 917 1404 982 iucunda

290 1024 310 1085 5
327 1027 499 1100 anteponat
519 1027 575 1083 aut
597 1018 696 1099 pluris
717 1037 787 1083 csse
806 1019 976 1082 contendat
992 1018 1184 1082 dulcedinem
1202 1018 1343 1098 corporis
1365 1038 1404 1083 ex

328 1140 405 1185 eave
426 1129 532 1185 natam
549 1119 700 1184 laetitiam
717 1138 809 1199 quarn
826 1119 1012 1199 gravitatem
1032 1120 1127 1183 animi
1146 1129 1241 1200 atque
1257 1128 1403 1184 constan·

328 1223 410 1287 tiam.
455 1225 561 1303 Quare
588 1221 672 1286 illam
699 1223 824 1304 quidem
853 1220 1043 1284 dimittamus
1077 1230 1109 1284 et
1135 1221 1200 1284 suis
1228 1240 1262 1284 se
1290 1220 1403 1286 linibus

327 1334 434 1389 tenere
455 1323 625 1400 iubeamus,
648 1340 687 1387 ne
708 1322 867 1387 blanditiis
888 1322 955 1388 cius
977 1322 1190 1403 illecebrisque
1212 1323 1404 1404 impediatur

328 1425 508 1506 disputandi
525 1424 685 1489 severitas.
720 1428 747 1488 2.
772 1424 992 1505 Quaerendum
1016 1425 1176 1501 amonim,
1199 1424 1251 1488 ubi
1271 1424 1312 1487 sit
1327 1424 1402 1489 illud

270 1527 632 1605 manumulierum,
663 1527 747 1607 quod
777 1527 915 1606 reperire
937 1525 1093 1602 volumus,
1121 1525 1266 1606 quoniam
1295 1534 1327 1589 et
1348 1544 1403 1588 vo-

327 1628 432 1708 luptas
459 1628 499 1691 ab
526 1646 563 1692 eo
592 1635 713 1692 remota
745 1634 793 1692 est
825 1637 856 1692 et
888 1629 997 1691 eadem
1025 1624 1091 1691 fere
1123 1634 1313 1691 contraeas
1342 1626 1403 1691 dici

327 1739 469 1810 possunt,
492 1729 545 1809 qui
567 1729 753 1793 vacuitatem
775 1728 894 1793 doloris
916 1726 1009 1793 finem
1031 1729 1184 1793 bonorum
1205 1746 1276 1794 esse
1296 1728 1402 1792 volue-

401 1970 419 2012 l.
447 1983 490 2028 per
511 1983 536 2014 rc
560 1967 585 2013 M
608 1976 766 2029 prmeqaalur
789 1983 831 2015 nec
856 1960 895 2014 ΙΙ
931 1972 952 2016 2,
976 1975 1025 2015 lam
1048 1981 1097 2014 om.
1121 1966 1142 2013 E
1195 1968 1217 2013 3,
1243 1964 1357 2028 dt'quilale
1382 1967 1402 2013 lt

328 2042 349 2082 «t.
373 2032 504 2101 [impudens
519 2035 585 2097 final
607 2034 652 2083 rati
672 2033 763 2083 diucius
781 2043 803 2082 te
819 2043 905 2098 paynel
925 2034 957 2100 A]
1013 2039 1026 2080 b
1059 2032 1165 2090 corporis
1183 2042 1205 2081 et
1223 2033 1354 2082 radiantem
1372 2050 1402 2082 ex

328 2102 423 2152 LPMC
446 2103 551 2165 corporis
569 2111 591 2150 et
608 2101 733 2152 utilitatem
751 2120 780 2151 ex
800 2104 820 2151 lt
842 2119 904 2166 corp.
929 2111 950 2151 et
967 2101 1123 2151 titillationem
1141 2119 1171 2149 aa
1189 2104 1224 2150 Or
1287 2107 1300 2149 t
1328 2119 1356 2149 ea
1376 2119 1401 2150 re

328 2177 383 2234 (pro
402 2173 470 2230 eave)
489 2171 509 2218 C
529 2179 667 2218 venenatam
687 2179 743 2234 ipro
761 2188 788 2219 ue
805 2179 897 2229 nutant)
919 2171 937 2217 l'
975 2175 994 2218 7.
1017 2169 1095 2219 illac
1131 2169 1205 2233 inquit
1223 2173 1280 2234 (pro
1298 2168 1400 2234 quidem)

328 2238 349 2287 F,
376 2237 536 2288 dimittaturC
573 2247 594 2288 t.
612 2239 764 2304 poterellllli
783 2239 949 2288 cederel'MR
990 2245 1023 2287 to,
1043 2238 1154 2302 querulam
1172 2239 1203 2287 ab
1220 2255 1247 2287 eo
1261 2238 1401 2302 uoluptatis

327 2307 396 2356 etium
416 2310 473 2371 (pro
492 2306 523 2372 et)
543 2306 563 2355 C

413 2513 486 2589 Cap.
507 2513 530 2581 Ι,
553 2516 576 2569 l.
600 2515 737 2585 diffinituri)
761 2514 828 2570 Non
852 2513 953 2570 virtuti
978 2524 1005 2568 et
1030 2513 1175 2570 honestati
1200 2512 1403 2585 (nequeenim

327 2601 444 2671 dr'qrutuo
467 2599 543 2653 nude
563 2597 604 2655 sic
623 2598 750 2668 dieitur).
774 2599 824 2655 sed
849 2597 1036 2672 arnplitudini
1060 2608 1088 2653 et
1111 2597 1260 2671 splendori
1285 2596 1404 2653 virtutis

327 2682 494 2759 principatu
523 2681 636 2756 dignae.
689 2680 807 2760 [Tenue
835 2693 932 2738 tanrtnr
961 2682 1133 2748 discrimem
1163 2682 1221 2739 vid.
1250 2683 1337 2738 'l'nsc
1362 2682 1403 2739 ΙΙ.

327 2769 377 2838 46,
400 2767 436 2823 de
455 2766 507 2825 Or.
527 2767 583 2831 ΙΙΙ,
603 2768 652 2836 62,
677 2768 757 2824 Part.
773 2770 856 2824 Orat.
870 2769 919 2836 90,
944 2779 975 2823 ut
997 2767 1162 2824 orationum
1186 2767 1267 2823 locos
1290 2767 1403 2841 aliquot

327 2851 488 2929 omittam]
538 2853 612 2928 (Pro
635 2854 742 2926 qru'dcm
765 2853 810 2909 cd.
834 2855 913 2910 Man.
939 2863 967 2909 et
992 2853 1135 2928 quaedam
1159 2853 1234 2908 aliae
1258 2853 1404 2926 equidem.)

411 2939 577 2994 (tacuellarum
604 2940 738 3012 corporis)
768 2939 817 2997 Sic
846 2939 933 2994 etiam
958 2938 1021 2994 Pal.
1051 2940 1081 3004 Ι,
1111 2938 1189 3012 Spir.
1214 2935 1283 3014 [Β]
1315 2938 1403 3003 Mor,

326 3041 400 3097 quos
423 3023 498 3079 ratio
521 3022 604 3097 sequi
626 3023 755 3085 iubebat,
779 3025 843 3091 ersi,
867 3026 1014 3080 titillantem
1038 3024 1113 3078 unde
1137 3033 1231 3079 ortum
1256 3023 1303 3090 sit,
1327 3021 1404 3079 diffi-

326 3108 382 3164 cile
406 3119 450 3163 ost
473 3107 569 3164 dicere
598 3121 628 3163 et
652 3108 744 3164 videri
768 3119 865 3183 potest
893 3128 909 3165 e
938 3109 1090 3165 meliorum
1114 3108 1247 3164 codicum
1272 3107 1404 3182 principe

327 3192 481 3263 excidisse,
504 3199 530 3249 e't
552 3202 648 3248 autem
673 3213 688 3248 e
713 3195 811 3250 littera
833 3204 843 3250 t
865 3204 959 3250 ortum
984 3212 1062 3259 esse;
1085 3212 1152 3248 nam
1176 3192 1232 3261 sic,
1256 3202 1287 3248 ut
1310 3192 1403 3249 nostri

326 3278 502 3343 deteriores,
531 3278 620 3333 ceteri
644 3296 761 3353 quoque
790 3279 877 3351 (Pali.
901 3279 1045 3353 quinque.
1076 3280 1150 3335 Dav.
1178 3277 1291 3351 plures,
1323 3277 1403 3335 Oxx.

327 3362 413 3438 Eup.
439 3362 544 3419 Gaiani
568 3363 649 3436 tres).
693 3365 845 3421 Manutius
873 3375 898 3420 et
925 3364 1053 3421 sustulit.
1101 3363 1202 3419 Lanrb.
1232 3362 1318 3419 simul
1341 3382 1404 3419 aava

326 3467 468 3503 revocans
491 3451 569 3519 (nam
594 3468 625 3504 cu
647 3469 677 3504 rc
698 3450 777 3506 ch
802 3461 947 3506 manserat
971 3449 1050 3525 apud
1074 3450 1177 3521 Mam).
1201 3447 1292 3504 libros
1316 3466 1403 3503 manu

326 3533 452 3606 scriptos
486 3533 629 3608 appellen
664 3552 717 3589 nec
750 3534 830 3593 Oxx.
865 3545 889 3591 et
922 3554 959 3590 ex
987 3529 1029 3607 ξω
1063 3544 1214 3589 annotant.
1268 3531 1403 3588 Dubitari

326 3628 437 3693 potest,
471 3638 507 3674 un
542 3621 652 3675 titillans
686 3620 727 3675 sic
755 3621 888 3677 absolute
922 3620 984 3676 sine
1018 3619 1187 3675 accusativo
1214 3637 1232 3673 a
1261 3617 1404 3675 Cicerone

326 3721 484 3776 numquam
515 3703 623 3760 dietum
647 3705 694 3760 sit.
740 3706 806 3763 Urs.
838 3705 930 3760 codex
960 3719 987 3760 et
1015 3705 1057 3760 til.
1082 3706 1099 3760 2
1124 3704 1236 3775 (debuit
1264 3706 1274 3759 l
1302 3703 1403 3777 appel·

326 3787 407 3862 lari):
437 3800 461 3843 et
483 3792 671 3854 titillationem,
702 3790 856 3846 manifesta
884 3790 1080 3858 correctione3
1115 3790 1277 3863 probarunt
1305 3799 1403 3843 tavnen

327 3874 402 3930 Dav.
429 3886 457 3929 et
481 3873 583 3931 Gaius.

412 3964 468 4015 arcia
490 3980 518 4015 sc
534 3962 636 4032 finibus
659 3964 757 4031 tencre)
783 3961 891 4014 Verum
916 3959 971 4013 hoc
996 3959 1125 4015 videtur.
1155 3958 1205 4013 sed
1229 3957 1404 4031 corrigendo

326 4055 425 4099 natum
450 4052 503 4100 est.
549 4045 624 4101 Nam
649 4058 680 4099 ut
706 4044 773 4113 aa..
798 4045 839 4098 sic
863 4043 926 4099 Pal.
956 4048 979 4109 l,
1005 4045 1083 4117 Spin.
1108 4041 1174 4120 [B],
1200 4044 1266 4099 llus.
1292 4042 1402 4115 (Pulli

326 4149 388 4185 anos
410 4150 438 4185 sc
454 4132 525 4201 ¹tinea
544 4131 662 4204 petere);
687 4130 761 4186 Pall.
787 4141 883 4184 autern
910 4131 937 4186 2.
956 4131 984 4195 4,
1000 4133 1026 4184 i).
1051 4129 1134 4184 Parr.
1153 4128 1213 4187 1,3
1241 4129 1326 4194 Dav,
1352 4124 1403 4196 Εξ,

326 4212 406 4271 Gud.
436 4225 559 4287 uterque
587 4217 692 4282 cedem
728 4226 825 4271 tenere.
855 4215 931 4288 quod
962 4215 990 4269 in
1020 4213 1099 4271 Gud.
1128 4217 1139 4269 1
1172 4212 1402 4287 superscriptum

326 4309 398 4364 erat,
423 4300 554 4355 Dav.ait
572 4300 600 4355 in
615 4301 649 4355 El
685 4311 818 4373 utroque,
843 4301 949 4368 blood,
975 4299 1065 4365 nati..
1090 4298 1166 4356 Clu·
1191 4317 1268 4365 csse,
1293 4298 1328 4353 de
1353 4318 1405 4372 pn·

326 4395 434 4440 stremo
459 4403 575 4452 errans;
604 4384 680 4440 idern
710 4385 800 4440 fnisse
825 4385 940 4440 videtur
968 4385 996 4440 in
1023 4385 1086 4441 Pal.
1113 4386 1130 4440 3
1155 4395 1182 4439 et
1206 4384 1300 4439 tribus
1324 4382 1404 4440 Oxx.
