3030 5086
450 501 495 546 uu
518 497 1034 560 numummcamapa-re.)
1072 509 1075 516 ·
1204 480 1276 552 ,501

200 669 271 747 lud,
304 669 388 750 quod
415 687 434 733 a
461 673 493 732 te
520 667 637 732 dictum
664 672 726 744 est,
754 667 974 732 convenienter
1000 673 1132 732 naturae
1159 668 1278 750 virere;

201 771 282 853 (15.)
299 770 431 835 alterum
453 767 621 849 significari
643 768 734 846 idem,
757 775 793 832 ut
814 768 841 832 si
863 770 1028 848 diceretur,
1052 768 1155 834 officia
1175 770 1280 835 modia

202 872 307 936 omnia
335 878 390 936 aut
416 872 568 953 pleraque
590 876 767 935 servantem
789 870 903 936 vivere.
947 872 1016 936 Hoc
1037 872 1082 936 sic
1103 873 1279 953 expositum

202 974 350 1039 dissimile
372 984 422 1038 est
443 972 613 1055 superiori;
636 972 712 1037 illud
736 972 817 1037 enim
839 978 958 1037 rectum
980 979 1030 1038 est
1051 975 1150 1054 (quod
1168 964 1277 1053 κατόρ-

201 1081 295 1152 θωμα
317 1075 456 1156 dicebas)
469 1073 682 1156 contingitque
699 1073 833 1156 sapienti
850 1074 922 1152 soli;
945 1075 1003 1139 hoc
1020 1082 1125 1140 autem
1141 1075 1279 1141 inchoati
1295 1076 1318 1142 ὖ

201 1176 363 1242 cuiusdam
387 1175 480 1241 officii
501 1183 557 1255 est,
581 1194 642 1241 nou
659 1175 799 1257 perfecti,
822 1177 906 1256 quod
929 1178 1041 1241 cadere
1062 1178 1094 1241 in
1113 1177 1277 1242 nonnullos

201 1279 385 1359 insipientes
412 1284 526 1360 potest
571 1277 711 1342 Tertium
738 1285 858 1356 autem,
887 1279 1029 1343 omnibus
1056 1286 1111 1343 aut
1138 1279 1278 1345 maximis

271 1469 293 1513 2.
313 1465 449 1529 aryaficare
468 1463 605 1530 [A]LPCR
639 1464 663 1512 si
678 1478 728 1515 om.
747 1464 793 1512 LR
810 1471 862 1512 ater
879 1462 937 1528 (pro
953 1472 980 1513 ut
994 1463 1028 1528 τι)
1048 1465 1068 1515 C
1104 1467 1183 1516 omnib
1200 1467 1280 1517 medua

201 1532 362 1583 ELPCROr.
417 1539 440 1582 ³.
460 1541 503 1582 aut
518 1531 633 1596 plenaE
658 1532 740 1583 ‚Post
756 1539 889 1581 sanantem
906 1534 967 1582 add.
984 1532 1085 1582 ideraL
1132 1533 1184 1601 [loc
1200 1536 1225 1585 si
1242 1535 1276 1603 A]

200 1600 244 1650 ltoc
261 1601 333 1650 rt'tR
386 1608 408 1649 ⁴.
427 1599 590 1665 dffarbt'lcE
634 1609 721 1649 rectam
745 1609 779 1649 eat
803 1599 949 1650 catorthoma
967 1601 1026 1665 (om.
1046 1602 1119 1666 quod)
1138 1604 1160 1652 E
1182 1612 1278 1663 cmm,

201 1669 265 1732 qaod
288 1674 347 1729 (om.
372 1671 416 1732 est)
442 1667 576 1719 LPCROr.
632 1673 653 1718 5.
681 1667 830 1736 [cantabitqua
852 1667 887 1736 A]
916 1668 1029 1735 coatiays't
1051 1672 1111 1734 (om.
1136 1676 1191 1735 que)
1210 1671 1277 1722 COr.

202 1740 225 1791 7.
244 1746 353 1787 autom.
373 1739 394 1785 li

289 1895 337 1952 15.
361 1896 475 1950 alteram
497 1894 646 1966 siparflcari
665 1892 749 1968 idem)
773 1892 822 1951 Sic
845 1891 939 1951 Gaius
962 1894 1049 1951 etiam
1074 1914 1090 1951 e
1112 1894 1190 1970 Spir.
1212 1893 1277 1974 [B],

199 1978 256 2035 hoc
274 1988 332 2035 est:
355 1979 489 2044 alterum,
513 1978 592 2052 quod
609 1977 833 2053 significaretur,
856 1997 920 2035 esse
933 1978 1020 2050 idem,
1039 1990 1072 2037 ut
1087 1980 1111 2037 si
1124 1988 1178 2037 cet.
1202 1979 1277 2040 Cum

200 2062 349 2120 sufficeret
371 2066 450 2138 (post
478 2063 530 2119 illa
553 2066 606 2119 tria
628 2064 790 2136 siqapicari,
821 2083 902 2119 renum
925 2066 1054 2122 arrsmodi
1073 2067 1141 2140 cet.)
1164 2068 1278 2123 alterum

199 2150 268 2205 idem
286 2160 354 2218 cet,
378 2148 493 2218 Cicero,
516 2149 594 2222 quod
618 2147 760 2205 nonnulla
776 2148 1006 2218 intervenerant,
1029 2150 1153 2207 verbum
1170 2151 1277 2208 iterum

198 2234 307 2309 posuit.
354 2235 387 2290 Si
413 2241 481 2308 post
503 2242 532 2289 at
553 2233 667 2289 addidit
689 2233 866 2304 Lambinus,
897 2235 1140 2310 confirmavitque
1164 2235 1277 2308 Pu1.1,

199 2326 260 2375 tam
291 2319 368 2394 Spir.
397 2316 461 2396 [B]
512 2318 700 2392 Intellegitur
732 2328 856 2375 externa
889 2319 1037 2376 actionum
1072 2321 1278 2378 convenientia

200 2422 265 2460 cum
288 2414 411 2460 naturae
434 2403 537 2479 regula
554 2399 727 2477 officiisque,
750 2421 826 2478 quae
848 2403 901 2461 illa
922 2405 1027 2480 regula
1049 2405 1277 2478 constituuntur,

198 2507 257 2544 nou
280 2490 419 2546 adiuncto
447 2487 579 2564 perfecto
609 2488 660 2545 illo
688 2489 779 2545 animi
807 2499 837 2546 et
858 2489 1020 2547 voluntatis
1042 2508 1187 2548 consensu
1210 2509 1277 2548 cum

198 2583 320 2630 naturae
344 2574 417 2650 lege.
464 2573 573 2651 [Media
602 2577 689 2629 omnia
717 2583 765 2630 aut
788 2577 921 2648 pleraque
948 2575 1073 2632 rectiore
1096 2575 1199 2633 ordine
1222 2573 1277 2654 Α.]

284 2669 383 2715 νεοίατο
411 2668 451 2714 est
478 2660 564 2731 (quod
591 2646 823 2733 κατόρθωμα
846 2661 965 2733 dicebas)
987 2661 1177 2735 continqr'tqac)
1201 2661 1277 2719 Ver-

197 2743 267 2799 bum
291 2755 330 2800 cst
352 2744 464 2800 addunt
486 2744 574 2800 etiarn
594 2743 658 2799 Pal.
680 2745 693 2798 l
720 2753 750 2799 et
772 2744 851 2819 Spir.
877 2743 942 2822 [B],
967 2746 1178 2820 confirmetque
1200 2746 1277 2804 hauc

198 2828 383 2902 scripturam,
408 2828 486 2902 qnod
510 2827 671 2885 deteriores
688 2846 805 2902 quoque
827 2829 944 2886 codices
967 2830 1077 2887 habeut
1098 2834 1278 2906 contiaqitquc

198 2914 299 2984 (ceteri
322 2913 409 2981 Pau,
434 2914 517 2971 Pnrr.
542 2921 601 2969 tres
619 2911 745 2982 Davisii,
770 2913 877 2973 Meud..
900 2913 970 2972 Gaii
992 2924 1108 2991 praeter
1132 2916 1216 2985 Bas.;
1240 2916 1276 2974 do

198 2997 277 3055 Oxx.
308 3016 366 3054 nou
394 2998 501 3071 liquet3
530 3017 546 3053 e
569 2997 740 3054 Davisianis
768 2998 822 3054 soli
846 2999 892 3058 El.
918 3002 962 3072 (1)
985 3009 1015 3057 et
1037 2999 1113 3059 000
1141 3004 1276 3074 οοκθαρθ,

197 3082 244 3139 hic
274 3094 370 3139 tamen
398 3094 437 3138 est
465 3084 591 3156 rectator),
621 3082 837 3158 persuadetque
865 3085 1007 3142 orationis
1034 3085 1218 3143 concinnitas
1245 3086 1276 3143 iu

197 3167 256 3224 his:
281 3171 350 3225 illud
371 3178 471 3225 rectam
493 3179 533 3224 est
554 3179 598 3224 et:
622 3169 669 3224 loc
691 3169 809 3225 inchoati
828 3171 968 3226 cuiusdam
991 3171 1075 3245 officii
1094 3181 1141 3227 est.
1187 3171 1277 3229 Dicat

196 3252 313 3327 aliquis,
336 3255 406 3310 iliad
427 3271 485 3309 non
503 3262 582 3310 recte
605 3253 709 3310 referri
731 3253 769 3309 ad
791 3262 885 3311 totum
909 3255 982 3312 illud
1004 3258 1092 3313 aiam
1108 3257 1276 3314 adhibentem

196 3341 333 3394 sueinum
355 3346 421 3409 cet,
445 3339 514 3412 quia
536 3338 566 3395 in
589 3357 625 3395 eo
648 3356 706 3395 uon
729 3356 834 3409 unum,
859 3340 910 3396 sed
934 3341 1026 3398 multa
1048 3328 1276 3416 κατορθώματα

195 3421 295 3480 insint.
340 3423 399 3482 Sed
427 3423 456 3479 in
486 3424 607 3480 eandem
637 3421 840 3480 difficultatem
870 3426 962 3482 altera
985 3426 1130 3500 scripture
1152 3425 1278 3483 incurrit

195 3507 225 3562 in
249 3508 423 3583 pronomine
447 3509 509 3578 ioc3
538 3516 568 3565 et
597 3527 632 3565 eo
655 3508 772 3565 facilius
794 3509 842 3565 hic
869 3528 887 3565 a
914 3520 978 3568 tota
1000 3511 1062 3567 vita
1084 3511 1121 3567 ad
1144 3509 1276 3586 singulus

196 3593 326 3649 actiones
354 3593 496 3650 transitus
523 3593 663 3650 ferendus
685 3602 743 3658 est,
773 3593 911 3669 quoniam
940 3580 1168 3670 κατορθώματα
1196 3594 1275 3671 apud

196 3677 312 3736 Stoicos
335 3697 393 3734 uon
417 3688 617 3746 numerantur,
641 3686 671 3734 et
693 3679 742 3752 qui
766 3678 857 3735 semel
879 3680 1044 3753 κατορθοῖ,
1068 3697 1184 3755 semper
1205 3697 1276 3735 κατ·

196 3762 295 3836 ορθοῖ,
348 3763 543 3820 Parenthesiu
577 3772 674 3820 utrum
711 3763 815 3822 Cicero
849 3764 912 3821 sine
946 3763 1119 3837 pronomine
1149 3764 1276 3821 relativo

195 3845 384 3917 interiecerit,
408 3857 441 3904 nt
463 3848 604 3923 scriptum
629 3857 673 3904 est
692 3849 780 3905 etiarn
798 3849 828 3904 in
842 3848 919 3924 Spir.
935 3845 1001 3925 [Β],
1025 3866 1083 3923 quo
1105 3867 1213 3923 genere
1225 3849 1275 3906 Li·

194 3931 260 3987 vius
288 3932 351 3988 fere
381 3933 487 4003 utitur,
517 3951 553 3989 au
577 3934 652 4006 quod
672 3933 832 4003 addiderit,
861 3932 1009 4009 ambigas3
1037 3934 1089 3990 sed
1112 3952 1274 4009 pronomen

195 4024 276 4072 tenet
298 4018 364 4075 Pal.
394 4022 405 4073 l
432 4027 461 4075 et
484 4018 669 4075 commendat
691 4019 785 4094 aragia
808 4016 961 4077 Ciceronis
984 4019 1173 4076 consuetudo.

285 4104 402 4158 Tertiam
425 4113 523 4172 aratam,
546 4104 666 4159 omnibus
687 4113 736 4160 aut
751 4106 878 4161 mactatis
892 4135 928 4146 -
942 4105 1079 4178 fruentem
1095 4104 1195 4181 vivae)
1207 4105 1274 4162 Hoc

193 4195 253 4242 est:
288 4189 405 4244 tertium
435 4196 533 4244 autern
562 4188 722 4263 significari
749 4198 804 4245 cet.
855 4190 890 4246 In
918 4188 1132 4246 recentioribus
1161 4189 1275 4265 aliquot

193 4271 372 4330 editionibus
397 4274 472 4329 male
496 4273 567 4329 haec
590 4273 632 4330 sio
655 4274 879 4331 continuantur:
901 4277 995 4344 nivere,
1019 4274 1067 4331 loc
1084 4293 1136 4331 uon
1152 4285 1192 4333 est
1208 4283 1289 4347 cet,

193 4357 243 4413 ubi
266 4377 320 4433 pro
344 4359 392 4414 loc
413 4358 517 4415 saltem
541 4360 571 4415 id
593 4357 748 4416 dicendum
770 4368 849 4430 erat,
879 4367 910 4415 et
942 4367 1041 4416 tamen
1063 4359 1120 4417 hoc
1141 4360 1207 4418 loco
1228 4359 1274 4417 vi·

194 4441 269 4499 tiose
291 4442 470 4514 abundaret;
493 4444 669 4501 obscuratur
690 4452 789 4502 autem
811 4444 841 4502 in
858 4444 911 4502 illa
928 4443 1116 4502 distinctione
1132 4444 1274 4522 primaria
