3030 5086
423 497 465 541 nr
490 495 569 540 usn.
593 494 655 539 nra.
680 495 700 539 v
724 493 796 540 cnr.
820 496 892 541 s-o.
910 494 1043 553 (ts-ts.)
1206 475 1267 540 621

193 664 305 745 patriis
323 663 473 727 institutis
491 672 604 726 manet.
638 662 805 738 Diodorus
828 662 894 725 eius
912 661 1046 735 auditor,
1069 660 1212 742 adiungit
1227 661 1270 725 ad

193 766 389 829 honestatem
411 764 599 829 vacuitatem
628 763 752 827 doloris.
798 763 858 826 Hic
884 780 1008 843 quoque
1036 781 1111 827 suus
1139 771 1202 839 est,
1229 762 1270 825 de

193 886 375 947 summoque
386 866 467 930 hono
480 865 668 929 dissentiens
685 864 745 928 dici
757 883 829 928 vere
841 865 1069 945 Peripateticus
1081 883 1142 927 non
1155 874 1267 944 potest.

194 969 400 1049 Antiquorum
423 975 529 1032 autem
552 967 737 1031 sententiam
760 966 931 1030 Antiochus
955 974 1062 1031 noster
1084 965 1157 1029 mihi
1180 967 1267 1030 ride·

192 1081 243 1134 tur
265 1070 410 1151 persequi
435 1069 681 1150 diligentissime,
710 1087 803 1148 quam
832 1068 961 1131 eandem
985 1069 1145 1132 Aristoteli
1172 1065 1307 1132 suissed

192 1181 223 1235 ct
244 1172 421 1236 Polemonis
446 1173 544 1235 docet.

278 1274 329 1337 VI.
350 1276 398 1337 15.
422 1273 511 1337 Facit
526 1273 620 1351 igitur
631 1271 745 1335 Lucius
763 1279 870 1335 noster
886 1271 1067 1351 prudenter,
1088 1271 1141 1351 qni
1158 1270 1269 1334 audire

192 1377 230 1438 de
259 1395 379 1439 summo
407 1376 487 1438 hono
515 1374 710 1455 potissimum
734 1373 820 1450 relit3
848 1374 908 1436 hoc
937 1373 1017 1436 enim
1045 1373 1214 1436 constituto
1236 1373 1267 1435 in

190 1477 400 1558 philosophia,
432 1477 601 1540 constituta
629 1476 835 1554 suntomnia.
880 1475 960 1537 Nam
984 1475 1095 1538 ceteris
1118 1475 1148 1537 in
1172 1473 1267 1538 rebus

191 1581 256 1643 siue
279 1579 533 1658 praetermissum
557 1578 622 1641 sive
644 1577 820 1658 ignoratum
844 1584 892 1639 est
914 1576 1088 1656 quidpiam,
1111 1595 1173 1639 non
1196 1576 1267 1657 plus
1287 1577 1328 1641 10

191 1680 375 1743 incommodi
398 1687 454 1757 est,
478 1698 571 1760 quam
594 1678 704 1760 quanti
726 1696 868 1758 quaeque
892 1696 999 1741 carum
1023 1696 1128 1741 rerum
1151 1685 1212 1756 est,
1235 1679 1266 1741 in

190 1783 302 1862 quibus
330 1779 503 1861 neglectum
532 1789 579 1844 est
607 1780 739 1860 aliquid;
774 1798 927 1843 summunt
960 1787 1064 1844 autem
1097 1779 1211 1842 bonum
1240 1779 1267 1843 si

189 1884 365 1962 ignoretur,
394 1882 517 1946 vivendi
545 1882 697 1945 rationem
724 1882 861 1960 ignorari
890 1898 1016 1945 necesse
1043 1890 1105 1959 est3
1139 1901 1177 1945 ex
1204 1899 1266 1961 quo

190 1995 295 2048 tantus
319 2002 408 2047 error
430 1983 646 2063 consequitur,
668 1991 711 2059 ut,
735 2001 826 2062 quem
848 1983 879 2045 in
903 1989 1026 2062 portum
1050 2002 1084 2046 se
1106 1984 1266 2063 recipiant,

189 2087 268 2149 scire
285 2085 490 2166 nonpossint.
525 2083 664 2163 Cognitis
682 2091 786 2146 antem
798 2103 902 2147 rerum
920 2085 1042 2163 finibus,
1059 2104 1127 2149 cunt
1144 2085 1264 2149 intellc·
1286 2088 1326 2149 15
1429 2138 1432 2143 .

188 2189 285 2265 gitur,
313 2187 387 2266 quid
410 2187 450 2250 sit
473 2186 677 2250 othonorum
702 2194 871 2250 extremum
895 2193 924 2250 ct
950 2186 1115 2261 malorum,
1138 2187 1266 2252 inventa

258 2379 281 2426 2,
296 2373 359 2435 Jirtrit
383 2373 439 2439 (pro
461 2372 568 2429 sonrrL
622 2377 644 2421 3.
668 2389 756 2420 sumto-r
780 2378 838 2429 [ortt
863 2379 917 2436 qne)
942 2374 964 2422 E
1017 2373 1067 2428 dt’ct’
1092 2376 1180 2438 repetit
1208 2385 1265 2438 post

187 2440 402 2504 Permrtetr'casli
439 2446 461 2490 5.
479 2440 594 2504 prosequi
609 2440 654 2489 Le
685 2439 820 2489 Aristonea
841 2441 975 2491 Lt’cttor.
1024 2449 1059 2490 to.
1080 2443 1140 2491 Post
1156 2451 1265 2506 praeter·

187 2509 280 2557 arissam
300 2511 357 2556 add.
376 2510 441 2558 sr'tC
482 2514 505 2555 ll
538 2525 645 2571 quaeqae
664 2509 750 2572 quami
761 2509 781 2558 C
809 2526 888 2557 carum
904 2514 961 2573 (pro
979 2514 1072 2571 earam)
1087 2526 1136 2559 om,
1155 2511 1264 2559 rerumli

191 2584 219 2625 ta
247 2577 347 2641 aliquod
365 2578 385 2624 E
427 2582 462 2625 ts.
483 2578 625 2626 estoml'
668 2583 701 2624 lo.
722 2577 786 2640 qood
805 2577 864 2626 soe

187 2734 406 2808 degenerarint.
437 2744 469 2787 trt
496 2733 552 2807 ipsi
582 2752 619 2788 ex
648 2752 678 2789 se
709 2734 768 2789 nati
799 2734 962 2790 videantur.
1017 2736 1050 2790 Iu
1080 2753 1137 2808 quo
1165 2754 1196 2791 re
1225 2736 1262 2791 ab

186 2819 314 2891 antiquis
337 2816 503 2883 desciverit,
527 2818 681 2874 nescimus.
727 2818 783 2875 Sed
802 2819 934 2892 sequitur
951 2818 1056 2876 Cicero
1071 2819 1261 2887 Antiochum,

186 2904 235 2976 qui
264 2922 282 2958 a
309 2922 340 2958 se
369 2902 484 2978 demum
507 2920 606 2957 veram
636 2903 822 2976 antiquorum
852 2904 1026 2960 sententiam
1051 2905 1158 2977 exponi
1182 2904 1262 2960 affir·
1311 2908 1315 2916 '

187 2989 298 3055 mahat,
333 3005 419 3060 quam
454 2987 621 3060 superiores
649 3006 706 3044 uon
735 2988 807 3044 sotis
836 2989 980 3062 persecuti
1009 3002 1115 3045 essent.
1156 2990 1261 3064 ,Longe

185 3087 281 3128 tamen
310 3073 430 3146 gravius
460 3072 608 3128 Diodorus
631 3072 695 3143 (cfr.
718 3073 755 3128 ad
779 3073 824 3136 ll,
852 3076 916 3146 19),
948 3083 977 3129 nt
1002 3074 1216 3150 Hieronymus,
1245 3094 1261 3129 e

186 3158 448 3232 Peripateticorum
478 3167 564 3213 coetu
592 3157 767 3214 excluditur.
815 3156 891 3234 [Qus
913 3158 1059 3215 omittitur
1088 3169 1117 3215 et
1140 3161 1195 3217 dici
1216 3159 1261 3216 bis

185 3244 323 3300 scribitur
346 3243 433 3298 etiam
458 3243 487 3298 in
511 3239 561 3318 B.]
1326 3244 1332 3251 ⁴

269 3348 350 3401 prtum
368 3330 478 3383 eotrdem
496 3330 635 3383 Aristoteli
650 3337 675 3384 ct
693 3329 842 3385 Polemonia
857 3330 948 3400 fut'ase
964 3328 1041 3398 decit)
1061 3329 1157 3386 Video
1175 3329 1260 3391 verti,

184 3413 267 3486 quasi
287 3413 341 3467 hoc
359 3412 463 3470 Cicero
481 3411 568 3479 dicat,
592 3412 780 3486 antiquorum
799 3412 839 3483 (id
859 3422 912 3474 est,
937 3413 1108 3471 Aristotelis
1126 3424 1156 3470 et
1173 3414 1260 3471 Pole-

183 3499 290 3569 monis)
318 3498 492 3553 sententiam
521 3497 609 3553 etiam
639 3496 811 3554 Aristotelis
839 3509 869 3553 et
896 3498 1066 3555 Polemonis
1094 3498 1200 3563 fuisse,
1229 3499 1259 3555 id

183 3594 239 3639 est.
270 3583 341 3637 nihil
370 3582 457 3638 dicat.
503 3583 663 3656 Utriusque
687 3601 870 3639 communem
899 3583 989 3639 fuisse
1012 3584 1171 3658 significat;
1201 3584 1259 3640 vid.

183 3670 199 3722 7
225 3680 253 3722 et
273 3670 322 3731 21,
346 3668 396 3723 ubi
420 3667 521 3723 eodem
546 3667 633 3723 modo
656 3668 771 3735 dicitur,
795 3678 823 3724 et
847 3668 902 3737 IV,
929 3670 966 3724 14
984 3677 1013 3724 et
1030 3670 1075 3724 to.
1112 3669 1259 3744 Deinceps

182 3754 279 3827 igitur,
305 3753 400 3808 missis
414 3752 575 3809 Aristotele
595 3770 660 3808 curn
679 3753 739 3809 filio
756 3763 786 3809 et
802 3753 1019 3828 Theophrasto,
1044 3773 1132 3810 unum
1152 3755 1258 3810 Antio·

181 3838 266 3892 chum
287 3838 356 3893 Piso
374 3838 494 3893 tenebit.
540 3839 585 3893 De
607 3839 745 3916 genetivo
765 3841 903 3895 Aristoteli
919 3834 973 3917 [B]
993 3839 1054 3895 dixi
1072 3839 1160 3913 paulo
1178 3849 1255 3896 ante.

267 3922 339 3997 Cap.
363 3924 388 3976 V
394 3924 422 3989 1,
451 3924 496 3978 to,
529 3926 554 3978 in
575 3922 759 3998 philosophia)
784 3923 822 3978 Et
844 3923 880 3979 ad
904 3928 1044 3980 constituto
1073 3935 1103 3981 ot
1131 3925 1167 3980 ad
1195 3944 1257 3979 coo·

179 4012 272 4063 stitoto
295 4018 356 4062 strat
379 4008 514 4081 pertinet,
538 4008 589 4063 sed
607 4008 698 4083 priori
716 4007 797 4082 prius
814 4009 989 4065 annectitur.
1023 4010 1124 4065 Verba
1141 4017 1171 4066 et
1187 4019 1257 4084 apta

180 4105 209 4148 et
231 4093 398 4148 necessaria
420 4091 485 4163 (cfr.
511 4097 525 4162 ς
547 4094 583 4148 14
602 4104 632 4148 et
647 4094 703 4162 IV,
725 4095 774 4165 14)
797 4091 891 4151 Gaius
908 4093 1000 4151 deleri
1019 4094 1147 4152 volebat.
1183 4095 1256 4152 Mox

180 4182 215 4234 sit
236 4180 377 4251 quidpiam
400 4179 477 4234 Dar.
502 4196 539 4233 ex
563 4178 608 4233 El.
1250 4244 1253 4251 Ι

263 4264 332 4336 qaid
352 4266 387 4318 sit
411 4295 447 4305 -
473 4263 631 4336 eatremam)
655 4263 764 4330 idest,
796 4264 824 4319 in
853 4283 911 4338 qua
934 4282 965 4320 re
988 4263 1116 4338 positum
1140 4263 1179 4321 sit
1201 4282 1254 4320 ex·

180 4359 319 4411 tremum
343 4347 395 4403 csr.
419 4349 485 4416 §17
510 4358 538 4405 et
561 4349 586 4415 I,
605 4349 659 4417 29;
683 4347 776 4406 Gaius
800 4349 846 4405 hic
868 4348 994 4423 arripuit
1017 4349 1151 4405 mendum
1175 4349 1255 4406 codi-

178 4450 242 4487 cum
266 4432 328 4489 Erl.
352 4440 381 4488 et
404 4433 482 4508 Spir.
505 4429 560 4512 [B]
583 4435 664 4507 quod.
1014 4515 1048 4564 ο*

998 4522 1011 4562 t
