3030 5086
255 456 319 521 100
644 476 689 520 ns
712 475 842 522 eniens
865 476 938 522 eos.

255 643 321 706 Nos
344 649 447 706 autem
469 625 530 707 non
550 643 650 707 solum
667 644 779 709 beatae
795 644 879 709 ritae
895 645 988 708 istam
1007 663 1077 710 esse
1095 645 1342 711 oblectationem

255 744 409 821 ridemus,
443 745 613 808 sedetiam
636 745 841 810 levamentum
864 746 1074 826 miseriarum
1102 749 1209 830 itaque
1236 745 1341 824 multi,

255 863 324 910 cum
352 847 384 910 in
406 853 562 926 potestate
583 857 688 912 essent
709 846 846 912 hostium
868 856 924 911 aut
945 855 1163 930 tyrannam,
1191 848 1282 913 malti
1304 848 1338 912 in

255 948 411 1025 custodia,
445 947 534 1012 multi
562 949 594 1013 in
623 949 713 1013 exilio
742 949 883 1012 dolorem
911 968 1002 1013 saum
1030 951 1192 1015 doctrinae
1220 949 1338 1015 studiis

216 1049 408 1114 elevarunt.
452 1051 504 1114 54.
526 1049 677 1130 Princeps
694 1049 785 1115 huius
803 1051 939 1115 civitatis
955 1050 1127 1117 Phalereus
1146 1053 1339 1129 Demetrius,

256 1169 325 1216 cnm
348 1152 453 1231 patria
475 1152 584 1231 pulsus
607 1162 691 1217 esset
712 1152 838 1230 iniuria,
866 1153 906 1216 ad
930 1154 1144 1219 Ptolemaeum
1171 1174 1207 1220 se
1229 1172 1338 1236 regan

256 1253 486 1318 Alexandream
515 1254 651 1319 contulit.
697 1255 757 1333 Qui
790 1273 858 1317 cum
885 1255 917 1318 in
945 1255 1005 1320 hac
1031 1256 1101 1336 ipsa
1127 1256 1339 1338 philosophis.

331 1462 350 1504 l.
370 1474 421 1506 esse
439 1472 487 1507 om.
499 1456 589 1507 LPcn
607 1475 657 1505 esee
675 1456 850 1506 obledatrenem
868 1475 919 1507 aree
937 1457 1073 1508 ardemusE
1102 1464 1124 1510 2.
1143 1459 1305 1509 lanariam
1314 1459 1338 1508 E

258 1526 333 1572 ital-3
392 1525 566 1576 1111011111
610 1526 729 1574 etudioR
787 1531 809 1576 5,
829 1525 965 1575 levaverunt
984 1526 1118 1579 LPcROr.
1165 1527 1338 1577 Peme·

258 1600 272 1642 6
301 1592 462 1643 Priolomeam
481 1595 504 1642 E
541 1599 563 1643 t.
583 1594 757 1644 Alexandriam
775 1594 909 1645 LPCROr.
946 1597 1000 1659 ipsa
1017 1597 1108 1647 om.E

259 1796 326 1860 post
342 1783 491 1841 Nizolium
516 1783 665 1858 profertur
681 1784 763 1842 locus
786 1804 822 1841 ex
835 1785 950 1841 Timaei
974 1786 1059 1842 initio
1078 1789 1210 1861 (primum
1227 1787 1341 1859 atridem

259 1881 362 1945 tempus
384 1870 602 1926 salutationibus.
633 1872 765 1945 reliquum
783 1874 981 1945 percontatione
1002 1871 1241 1946 contempsimus),
1269 1889 1341 1927 enm

259 1956 346 2011 aliter
375 1973 392 2010 a
415 1954 557 2012 Cicerone
586 1955 727 2029 scriptum
753 1954 857 2017 luisse.
888 1964 917 2011 et
944 1956 1060 2012 codices
1083 1959 1127 2026 (nt
1151 1975 1255 2013 ornnes
1278 1965 1342 2013 tres

259 2040 378 2113 Orellii)
401 2051 430 2095 et
452 2059 499 2096 res
522 2040 664 2096 ostendit:
690 2042 810 2096 Primum
833 2052 936 2115 ternpus
957 2044 1127 2098 salutationis
1148 2045 1175 2097 in
1194 2051 1342 2112 pmonta·

260 2131 327 2183 tione
354 2129 566 2200 consumpsimus
589 2125 700 2195 (nescio
729 2144 851 2198 quarum
881 2145 993 2192 rernm;
1024 2127 1129 2183 deinde
1157 2127 1195 2183 ad
1222 2127 1342 2183 litteras

260 2230 356 2267 sermo
379 2229 539 2268 conversus
561 2212 627 2283 est).
672 2207 736 2290 [Sic
760 2229 836 2268 nunc
859 2212 922 2267 cod.
946 2212 1028 2269 Leid.
1054 2208 1107 2290 A]
1152 2211 1248 2269 Paulo
1272 2223 1343 2287 post

260 2317 317 2353 ecee
339 2299 419 2367 (ante
448 2298 668 2368 oblectationem),
698 2297 775 2370 quod
804 2315 820 2352 c
849 2297 1044 2353 deterioribus
1074 2297 1157 2354 codd.
1186 2297 1342 2354 exciderat

260 2381 325 2454 (cfr.
345 2383 437 2454 549),
461 2382 563 2439 Lumb.
587 2381 690 2449 tacite,
714 2401 751 2437 ex
775 2382 836 2438 Erl.
862 2393 891 2438 et
914 2382 991 2457 Spir.
1015 2382 1108 2441 Gzius
1131 2383 1253 2440 addidit.
1299 2379 1342 2463 [B

260 2478 292 2524 ut
317 2469 376 2525 Eri.

348 2462 398 2610 54].
429 2554 468 2609 acl
489 2554 669 2609 Ptolemaeum
697 2571 726 2608 se
752 2571 838 2625 nepem
862 2554 1062 2611 Alexandream
1083 2553 1205 2627 contulit)
1228 2553 1343 2610 Pulsus

261 2639 429 2697 Athenien
452 2637 604 2695 Demetrio
627 2638 795 2694 Poliorceta
818 2638 994 2713 olympiadis
1021 2639 1079 2695 118
1109 2658 1187 2696 anno
1209 2638 1343 2696 secundo

261 2723 405 2797 (Clinloni
427 2724 508 2781 Fast.
528 2723 607 2780 Hell.
633 2743 661 2798 p.
685 2724 743 2779 184
766 2723 835 2780 edit.
863 2724 941 2796 Lat.)
964 2724 1090 2799 primum
1113 2724 1233 2781 Thebas
1255 2724 1342 2787 abiit,

261 2810 366 2868 deinde
394 2809 425 2865 in
449 2812 617 2884 Aegyptam
648 2809 686 2864 ad
709 2808 912 2865 Ptolemaeum
936 2809 1010 2883 Lagi
1038 2809 1129 2866 filiuni
1153 2809 1255 2881 (Diod.
1280 2808 1342 2865 Sic.

261 2896 333 2954 XX.
358 2895 420 2967 45).
466 2894 646 2969 Hermippus
669 2895 748 2970 apud
771 2893 858 2969 Diog.
877 2895 974 2951 Laert.
991 2896 1026 2962 V,
1040 2896 1080 2952 78
1098 2895 1266 2954 Cassandro
1289 2893 1342 2950 de·

263 3001 338 3037 nium
364 2990 480 3038 mortno
504 2981 686 3053 (01.120‚3)
710 2981 739 3036 in
759 2981 928 3054 Aegyptum
953 2978 1116 3054 proiectum
1140 2998 1204 3036 esse
1226 2979 1341 3039 scribit.

261 3068 312 3123 sed
330 3067 542 3123 dubitationem
556 3063 642 3122 affert
655 3066 756 3123 addita
767 3066 845 3140 apud
859 3066 1053 3140 Hermippum
1067 3065 1211 3142 Antigoni
1229 3064 1342 3121 mentio

261 3153 332 3224 (vid.
357 3153 453 3209 Wess.
477 3152 514 3208 ad
537 3151 627 3209 Diod.
652 3151 670 3208 l.
695 3153 742 3224 c).
786 3150 854 3207 Non
883 3150 982 3206 statim
1013 3169 1048 3208 eo
1077 3150 1241 3226 proiectum
1265 3167 1341 3209 esse.

261 3263 299 3300 ex
328 3260 362 3297 eo
390 3240 478 3297 etiem
504 3237 703 3306 concluditur,
733 3236 810 3311 quod
839 3236 1017 3292 Plutarchus
1046 3237 1189 3308 (Demetr.
1217 3234 1284 3292 Pol.
1308 3234 1341 3308 9)

261 3339 374 3386 tantam
392 3325 512 3383 Thebas
529 3323 671 3381 nominat.
707 3322 790 3395 Quae
813 3322 1024 3396 praeterendo
1047 3341 1082 3378 eo
1104 3321 1195 3379 exilio
1217 3338 1342 3378 narren-

262 3426 323 3475 tur,
354 3412 392 3468 ad
415 3410 587 3470 Ciceronem
610 3427 668 3464 non
691 3406 855 3483 pertineam
885 3407 977 3464 libros
1005 3408 1067 3464 eins
1095 3408 1137 3464 ibi
1159 3406 1342 3481 compositas

262 3517 341 3564 esse,
365 3515 465 3559 nemo,
489 3495 568 3569 quod
590 3494 695 3562 sciam,
719 3492 818 3549 tradit.
862 3494 1063 3550 Alexandream
1085 3492 1190 3568 scripsi
1213 3508 1342 3566 sequens

262 3585 324 3642 Erl.
349 3592 379 3638 et
397 3582 475 3657 Spir.
492 3576 555 3660 [B].
578 3578 750 3637 Ciceronem
774 3587 804 3634 et
825 3586 938 3635 ceteros
961 3579 1151 3652 antiquiores,
1174 3585 1207 3634 nt
1229 3577 1340 3633 Laudi·

261 3690 348 3736 ceam,
374 3669 536 3743 Apameam.
565 3665 607 3721 sic
630 3664 817 3721 Antiocheam,
841 3664 1016 3733 Heracleam,
1046 3665 1247 3720 Alexandream
1269 3680 1340 3718 con·

262 3765 374 3812 stanter
385 3753 496 3810 dixisse
507 3761 598 3811 ratas.
617 3750 777 3823 eodemque
791 3749 877 3804 modo
890 3749 1013 3806 Dareum
1021 3750 1048 3824 (ξ
1057 3750 1123 3822 92);
1141 3748 1192 3806 sed
1204 3748 1342 3804 codicum

263 3842 291 3896 in
310 3839 434 3915 singulis
452 3837 524 3894 locis
542 3836 719 3903 testimonia,
738 3843 767 3890 et
784 3853 859 3910 quae
876 3833 977 3890 favent
996 3844 1024 3890 et
1042 3854 1117 3909 quae
1135 3835 1341 3890 adversantur.

262 3924 398 4000 persequi
423 3942 457 3979 eo
481 3922 573 3997 magis
597 3921 709 3989 omitto,
733 3921 811 3994 quod
836 3920 935 3976 multis
953 3920 1025 3976 locis
1044 3931 1103 3976 tam
1122 3919 1258 3995 pusillam
1275 3937 1340 3975 rem

262 4030 320 4067 non
345 4008 579 4065 animadversam
603 4024 666 4062 esse
684 4015 794 4063 certum
814 4014 866 4061 est.
901 4002 1093 4085 [Persecntus
1111 4016 1156 4061 est
1173 4002 1343 4062 Ellendtius

263 4096 299 4152 ad
323 4096 337 4151 1
362 4096 397 4152 de
415 4093 498 4153 Orat.
514 4088 580 4171 98.]
613 4091 709 4148 Paulo
732 4100 799 4166 post
821 4090 885 4146 cod.
908 4091 987 4147 arch.
1013 4086 1091 4170 ([ss.]
1115 4084 1213 4165 Εξχψ)
1236 4089 1343 4146 habuit

262 4183 362 4239 scribit.
399 4179 592 4235 Emendstnm
617 4187 661 4233 est
673 4174 717 4256 [in
736 4176 798 4233 cod.
813 4172 927 4255 Glog..]
945 4177 974 4232 in
999 4176 1080 4233 editt.
1103 4176 1170 4232 inde
1192 4175 1343 4231 aVenetn

267 4267 356 4322 1494.
401 4263 516 4336 (Gran.
540 4264 631 4328 Dav..
656 4256 750 4321 Gzins
774 4264 894 4335 tacent.)
939 4263 1032 4327 Usus,
1056 4280 1114 4336 quo
1137 4260 1208 4318 Pisa
1232 4260 1342 4317 Deme·

263 4352 351 4407 trium
375 4350 508 4408 orbatum
532 4349 623 4405 fuisse
646 4349 725 4405 dicit.
748 4348 778 4404 in
801 4367 833 4403 re
857 4348 975 4423 publica
998 4356 1070 4406 eret.
1116 4348 1160 4403 Ae
1181 4354 1344 4422 praecepta

264 4448 291 4491 et
316 4447 404 4504 artes,
427 4444 460 4491 nt
482 4434 532 4490 alii
555 4443 684 4502 utantur,
708 4434 885 4491 scribuntur.
932 4431 1015 4513 [Ipsa
1037 4452 1093 4490 om.
1117 4431 1204 4489 etiam
1229 4426 1280 4510 Β.]
