3030 5086
311 493 354 538 nn
378 493 457 539 usn.
481 493 543 538 nm.
566 493 602 537 111
624 493 974 555 csr.17-rs.(sa-so.)
1115 475 1180 540 445

192 661 308 726 XVIII.
335 663 386 725 59.
414 663 517 741 Atque
539 660 736 741 perspicuum
761 661 853 724 etiam
875 659 951 724 illud
973 668 1037 739 est,
1058 661 1090 725 in
1112 661 1180 725 istis

106 763 200 830 rebus
222 762 332 827 mediis
351 761 473 842 valiquid
494 780 590 843 agere
612 762 792 843 sapientem.
836 762 957 826 Iudicat
978 762 1087 842 igitur,
1111 779 1202 827 cum·

105 867 185 947 ugit,
209 862 343 928 officium
365 863 442 927 illud
464 882 543 928 esse.
588 864 680 943 Quod
702 864 849 945 quoniam
874 882 1043 945 numquam
1063 861 1181 929 iallitur

106 966 138 1032 in
161 965 342 1042 iudicando,
371 966 430 1030 erit
455 965 488 1028 in
517 965 627 1029 mediis
650 965 742 1030 rebus
765 963 913 1043 officium;
943 966 1026 1047 quod
1048 964 1182 1030 efficitur

107 1068 166 1133 hac
188 1067 282 1132 etism
300 1067 497 1131 conclusione
514 1067 658 1131 rationis:
683 1066 836 1146 Quoniam
854 1067 937 1131 enim
955 1067 1096 1132 videmus
1112 1086 1181 1132 esse
1199 1072 1220 1136 5

107 1170 266 1250 quiddam,
289 1168 374 1248 quod
396 1176 479 1232 recte
501 1167 615 1232 factum
639 1167 840 1250 appellemus,
862 1168 896 1233 id
917 1175 1021 1234 autem
1044 1177 1093 1234 est
1107 1187 1180 1250 per-

107 1269 221 1336 iectum
240 1268 383 1349 officium,
401 1271 460 1334 erit
477 1270 570 1333 etiam
587 1270 780 1348 inchoatum;
802 1279 846 1350 ut,
864 1271 890 1334 si
908 1270 989 1335 iuste
1005 1271 1181 1351 depositum

107 1373 241 1438 reddere
267 1372 298 1435 in
327 1379 411 1435 recte
438 1369 530 1435 factis
557 1371 611 1447 sit,
643 1372 675 1434 in
704 1369 814 1436 officim
841 1382 978 1452 ponatur
1005 1372 1192 1454 depositum

108 1474 255 1552 reddere;
284 1472 336 1536 illo
358 1472 438 1536 enim
461 1472 583 1550 addito,
612 1473 729 1553 iuste,
751 1471 787 1537 fit
809 1482 891 1537 recte
913 1472 1042 1552 iactum,
1070 1492 1127 1555 per
1148 1494 1182 1538 sc

108 1581 211 1641 autem
239 1575 297 1638 hoc
324 1574 426 1655 ipsum
451 1574 582 1638 reddere
610 1574 640 1637 in
664 1572 764 1639 officio
787 1575 922 1656 ponitur.
968 1575 1183 1656 Quoniamque
1202 1581 1243 1644 10

180 1783 200 1827 l.
221 1778 291 1841 utqui
308 1776 397 1843 [alltc
453 1783 474 1826 2.
495 1786 578 1841 agetur
594 1777 755 1842 sapientae
808 1783 832 1826 ³.
856 1777 914 1827 nibil
931 1783 987 1843 (pro
1006 1777 1182 1841 ouchom)C

109 1852 123 1895 ⁵
151 1846 221 1896 etrbm
239 1846 285 1895 boc
303 1845 400 1895 Luca
435 1851 458 1893 t.
476 1845 596 1909 quoddam
615 1848 636 1894 R
672 1845 820 1910 appellamus
839 1847 859 1894 L
895 1864 946 1896 esse
962 1845 1061 1911 perfC
1100 1851 1119 1893 l.
1140 1847 1184 1895 erit

108 1923 186 1965 muas
209 1914 278 1963 ctiam
296 1928 395 1970 omnes,
424 1913 467 1963 Or.
492 1928 548 1963 cum
572 1916 642 1963 uncis
713 1919 734 1962 8.
762 1910 861 1963 ceddum
884 1915 907 1963 in
931 1923 993 1964 recte
1007 1915 1088 1980 suctus
1109 1914 1183 1963 ricc

110 1989 132 2032 0.
142 1983 211 2048 Jacr't
229 1990 286 2047 (pro
295 1982 339 2044 fit)
359 1997 445 2031 omnes

109 2140 140 2197 II
163 2158 193 2215 p.
208 2139 279 2207 222,
302 2139 445 2195 Emendd.
458 2138 543 2194 Livv.
555 2158 583 2212 p.
597 2140 668 2206 585,
693 2138 770 2194 Adv.
783 2137 856 2196 Crit.
869 2140 884 2196 1
896 2158 924 2213 p.
939 2135 1003 2218 58].
1047 2139 1082 2195 In
1106 2139 1180 2195 rhet.

109 2224 146 2281 sd
163 2225 293 2281 Herenn.
306 2223 360 2286 lv,
376 2224 413 2280 65
439 2242 476 2279 ex
498 2221 669 2279 estfactum
692 2226 736 2291 cit,
759 2231 820 2279 tum
837 2225 873 2296 fit
895 2225 972 2297 (quin
994 2225 1060 2280 milti
1074 2235 1183 2298 praesto

107 2311 156 2377 fiet
199 2310 315 2365 Praesto
335 2311 400 2380 fieri
427 2327 481 2383 pro
509 2327 559 2376 eo,
588 2308 666 2381 quod
695 2319 739 2364 est
763 2318 875 2383 praesto
902 2328 973 2374 esse,
1003 2309 1100 2366 Latini
1124 2327 1182 2365 non

109 2395 269 2466 dixerunt).
315 2389 416 2471 [Nunc
439 2411 529 2468 prave
552 2393 649 2449 editur
671 2396 719 2467 qui
739 2412 790 2448 non
813 2425 854 2435 —
870 2389 952 2473 fuit]

195 2477 269 2554 Cap.
293 2478 414 2542 XVIII,
439 2479 488 2535 59.
535 2479 625 2551 Atque
645 2477 831 2552 perspicuum)
854 2480 942 2552 Atqui
962 2479 1050 2534 etism
1073 2478 1138 2534 Pal.
1167 2481 1181 2534 l

110 2573 139 2621 et
157 2582 214 2638 mg.
227 2562 308 2622 Crat.
322 2559 366 2642 [et
380 2559 429 2641 B]‚
453 2580 506 2618 nec
524 2573 621 2619 temen
639 2562 668 2618 id
686 2563 715 2618 in
734 2563 789 2619 hac
806 2562 993 2620 adiunctione
1011 2563 1079 2619 novi
1098 2581 1184 2637 argu-

110 2648 201 2706 menti
228 2648 324 2704 locum
356 2648 463 2704 habere
493 2648 618 2704 videtur.
662 2649 735 2705 Mox
768 2650 842 2722 qood
874 2652 999 2722 quoniam
1027 2665 1065 2704 ex
1093 2648 1184 2704 uotis·

109 2734 184 2790 simo
206 2732 258 2789 illo
280 2752 387 2807 genere
410 2742 463 2789 est.
487 2732 565 2806 quod
587 2732 625 2788 ad
646 2733 676 2799 1,
701 2733 740 2789 67
764 2732 858 2808 attigi.
903 2734 1068 2789 Horatium
1091 2731 1184 2790 Gzius

109 2818 199 2875 etiam
222 2836 238 2874 e
263 2817 339 2892 Spir.
363 2814 418 2894 [B]
442 2827 472 2873 et
495 2818 562 2873 Bas.

195 2905 245 2960 erit
266 2906 344 2959 etium
366 2902 530 2975 inchoatum)
554 2902 641 2975 Quod
663 2902 693 2957 in
717 2902 866 2958 codicibus
888 2902 1006 2959 additur
1027 2912 1130 2970 auum,
1153 2902 1183 2958 in

109 2987 233 3063 spodosi
256 2998 285 3043 et
307 2987 495 3044 conclusione
524 2986 604 3042 nullo
634 2986 720 3042 modo
747 2985 819 3043 ferri
841 3005 942 3060 posse,
971 2987 1131 3043 Lambinus
1155 2995 1184 3042 et

109 3073 160 3129 alii
183 3081 349 3141 senserant3
378 3082 408 3128 et
436 3071 501 3145 quis
530 3071 664 3127 dubitare
692 3082 809 3146 praeter
831 3070 938 3128 Gaium
968 3069 1083 3146 potest?
1128 3071 1184 3130 Or-

109 3169 170 3214 tum
205 3166 250 3214 est
283 3177 319 3213 ex
353 3158 504 3231 superiore
538 3156 683 3225 membro,
719 3157 766 3213 cui
800 3175 857 3213 non
888 3165 966 3213 recte
1001 3156 1185 3230 parenthesis

110 3255 195 3299 notas
217 3251 284 3316 post
307 3242 454 3298 Bremium
479 3241 669 3308 addiderunt3
697 3259 764 3297 num
794 3241 866 3297 iilud
894 3241 930 3298 de
959 3240 1091 3316 perfecto
1120 3241 1184 3297 offi-

109 3328 155 3384 cio
189 3327 282 3402 ipsam
316 3327 551 3402 progressionem
587 3325 784 3383 conclusionis
817 3326 956 3399 continet.
1016 3326 1102 3399 Quod
1134 3327 1182 3384 Fr.

111 3412 399 3471 Schleiermscherus
426 3412 456 3467 in
485 3421 555 3468 noto
584 3429 686 3485 opere,
721 3410 798 3485 quod
825 3411 976 3485 inscripsit
1006 3411 1184 3468 Grurrdlinieu

108 3517 159 3554 zur
184 3497 271 3554 Critilc
293 3499 342 3554 der
364 3497 511 3569 dichorium
534 3497 711 3566 Sittenlelre,
739 3516 767 3571 p.
789 3497 863 3566 162,
892 3515 979 3570 quam
1009 3496 1112 3553 inscite
1135 3495 1184 3555 Ci-

107 3599 175 3639 cero
211 3581 394 3640 Graecorum
434 3581 675 3657 philosophorum
708 3582 827 3638 decreta
859 3581 1032 3643 reddiderit,
1072 3600 1110 3637 ex
1150 3600 1184 3637 eo

109 3666 242 3742 intellegi
270 3676 369 3742 putat,
404 3666 481 3739 quod
510 3669 625 3723 medium
652 3668 767 3738 officium
796 3665 900 3725 Cicero
934 3668 977 3723 die
1005 3669 1185 3739 anpefooqcne

109 3753 209 3826 ibb'olrt
235 3752 445 3826 interpretatus
473 3751 525 3819 sit,
560 3752 607 3807 bic
636 3751 753 3825 quidem
783 3751 920 3808 iniuriam
950 3751 1087 3810 Ciceroni
1114 3750 1185 3808 fecit

110 3855 164 3894 nec
197 3837 350 3912 perspexit
377 3836 436 3892 vim
466 3836 561 3904 vocis,
595 3837 624 3892 in
658 3854 716 3909 qua
746 3835 820 3892 nihil
848 3847 894 3893 est
919 3836 977 3893 nisi
1005 3837 1182 3893 contrarium

109 3919 164 3977 τοῦ
184 3915 314 3990 τελείου;
343 3921 408 3995 ipsa
436 3929 533 3976 sutem
562 3919 712 3977 conclusio
740 3939 779 3977 ex
800 3921 856 3978 hae
878 3921 1065 3996 copulatione
1088 3907 1183 3994 καθή-

110 4022 214 4069 κοντος
247 4000 359 4062 τελείου
394 4016 423 4062 et
457 3997 492 4061 οὐ
525 3999 637 4061 τελείου
671 4022 689 4061 a
723 4003 862 4070 Graecis,
897 4019 928 4061 ut
961 4016 1091 4074 ceterae,
1125 4014 1183 4062 tra·

112 4089 200 4146 ducta
223 4100 275 4146 est.

189 4177 225 4248 fit
257 4185 326 4231 recte
352 4173 473 4249 factum)
504 4174 639 4230 Lambini
667 4174 739 4230 haee
767 4175 934 4231 emendatio
962 4185 1021 4244 est,
1054 4173 1117 4232 fere
1146 4175 1184 4232 ab

111 4260 246 4316 omnibus
269 4260 408 4334 probata;
431 4263 503 4332 socit
531 4277 624 4333 neque
653 4259 817 4316 subiectum
840 4259 929 4316 habet
956 4278 1051 4334 neque
1078 4261 1108 4317 id
1136 4260 1184 4316 hic

110 4343 243 4420 intellegi
266 4345 383 4401 aliunde
406 4353 513 4420 potest,
537 4362 632 4418 neque
648 4346 744 4418 fucere
767 4356 835 4402 recte
850 4348 958 4420 sactum
979 4345 1037 4402 diei
1060 4363 1078 4402 s
1100 4344 1184 4404 Cice·

110 4447 182 4486 rone
204 4430 310 4505 potnit.
