3030 5086
571 497 583 517 .
659 470 857 521 5555555515.
1213 454 1298 519 LXV

215 638 264 702 ud
296 636 521 719 disputationis
552 656 755 721 progressum
787 641 837 719 (ut
862 639 901 718 V,
927 640 1001 720 46),
1035 638 1190 703 nonnullis
1222 639 1299 704 locis

217 750 477 825 argumentorum
503 745 628 811 ratione
654 745 869 811 conclusorum
891 745 1022 812 tormnm
1049 753 1082 811 et
1102 746 1165 809 vim
1185 762 1298 827 purum

218 852 380 931 expressit
399 856 450 930 (ut
470 851 516 930 11,
540 852 611 931 100,
639 852 696 932 ΠΙ,
718 853 769 933 28,
796 852 850 931 IV,
873 852 944 932 50),
971 870 1034 916 555
1056 857 1087 917 et
1108 852 1209 917 nltero
1231 851 1298 916 looo

217 974 356 1039 prorsus
377 957 534 1024 notionem
555 957 602 1023 rei
622 959 829 1040 perturbant,
851 965 888 1023 ut
907 959 962 1036 lv,
980 958 1032 1038 58,
1056 959 1219 1040 alienaque
1241 959 1298 1022 nd-

217 1062 361 1143 miscunt,
389 1070 426 1129 ut
445 1081 514 1130 cum
537 1064 674 1145 Epicuro
696 1065 830 1130 Stoicam
852 1062 923 1129 finis
946 1063 1155 1130 definitionem
1178 1063 1298 1143 subicit,

218 1170 263 1237 (15
290 1188 354 1252 555
378 1170 497 1236 dictum
523 1179 573 1236 est
598 1170 631 1236 in
658 1172 815 1237 annotatis
836 1171 878 1236 sd
901 1172 930 1250 Ι,
952 1172 1002 1236 29.
1016 1174 1044 1252 ¹)
1088 1170 1206 1236 Vomm
1227 1187 1297 1234 cum

219 1276 334 1343 cicero
365 1276 411 1342 sic
442 1282 624 1347 versuretm
655 1278 688 1342 in
722 1276 822 1343 rebus·
854 1276 1093 1359 notioribusque
1126 1295 1187 1343 non
1220 1272 1316 1341 setis'

219 1401 347 1466 semper
367 1382 452 1448 clere
473 1384 641 1465 perceptis,
663 1384 885 1464 accederetque
901 1384 995 1449 etism
1012 1382 1178 1448 difficultas
1195 1383 1313 1462 lucini¹

219 1490 376 1556 sermonis
403 1508 465 1556 non
493 1490 583 1556 focile
609 1509 706 1556 noves
734 1509 785 1557 res
812 1489 991 1570 recipientis
1018 1500 1050 1554 et
1071 1489 1299 1571 persequentis,

219 1615 318 1678 quem
340 1614 468 1662 necesso
496 1605 545 1661 est
573 1614 636 1661 non
664 1615 737 1663 rsro
764 1602 897 1662 mentem
924 1597 1064 1662 nonnihil
1092 1597 1132 1662 sb
1159 1597 1299 1677 ipserum

220 1720 329 1769 remm
354 1703 544 1784 mpunone
570 1710 603 1769 et
628 1704 888 1785 contemplatione
910 1721 1073 1782 evocasse,
1102 1702 1218 1767 iactum
1241 1710 1297 1781 est,

219 1816 260 1875 ut
279 1809 436 1876 interdum
458 1809 681 1890 staminiis,
709 1829 791 1893 5555
818 1811 952 1875 obscure
980 1828 1043 1875 non
1070 1815 1176 1874 essent
1197 1827 1238 1874 se
1259 1827 1299 1874 ne

219 1934 242 1982 s
264 1915 396 1982 Graecis
417 1917 543 1997 quidem
565 1926 699 1998 sumpte
722 1918 779 1983 sed
800 1919 841 1982 ab
863 1917 932 1998 ipso
954 1916 986 1980 in
1009 1917 1201 1998 argumentis
1223 1932 1297 1980 con-

219 2022 384 2090 cludendis
406 2022 558 2101 institute,
579 2021 743 2089 oberraret
759 2025 917 2105 verboque
938 2023 1037 2104 magis
1060 2040 1153 2104 quom
1172 2028 1297 2087 senten-

221 2130 299 2195 tiam
317 2127 740 2210 51555551(5111,355150,
759 2131 796 2208 V,
808 2131 872 2211 54).
907 2128 1017 2210 Neque
1033 2128 1139 2193 55515
1156 2128 1206 2193 his
1223 2129 1297 2194 solis

220 2236 310 2302 libris
332 2235 473 2302 Ciceroni
494 2237 621 2317 eccidit,
649 2239 704 2302 sed
732 2238 763 2302 in
787 2236 1004 2314 omnibusne,
1030 2253 1110 2317 quos
1138 2237 1177 2300 (15
1206 2235 1297 2300 simili

221 2342 356 2410 maresa
377 2343 488 2407 eodem
511 2349 684 2425 temporum
706 2343 862 2425 animique
885 2342 993 2407 habitu
1016 2342 1150 2423 scripsit
1195 2341 1297 2423 Velut,

221 2468 263 2515 ne
289 2450 357 2514 sine
383 2449 525 2530 exemplo
552 2467 618 2515 rem
640 2448 779 2515 nonnihil
800 2449 936 2514 invidiae
957 2449 1133 2514 habituram
1156 2457 1297 2530 prseter-

222 2557 353 2636 mittsm,
370 2556 516 2622 Acndem.
526 2556 568 2630 11,
576 2558 618 2621 99
635 2556 679 2620 sic
695 2555 847 2637 loquitur:
865 2552 940 2618 Duo
951 2553 1054 2634 ploret
1068 2573 1128 2619 esse
1144 2552 1299 2618 Carneadi

220 2682 333 2746 genera
352 2663 503 2738 ocosse
523 2662 558 2726 in
574 2682 636 2726 uno
656 2661 737 2726 hanc
757 2662 946 2726 dioisionem:
968 2660 1114 2724 ollarios
1129 2679 1197 2736 esse,
1220 2679 1299 2741 quoe

215 2788 335 2849 percipi
344 2769 475 2849 possint,
496 2768 570 2846 olio,
592 2789 672 2851 5555
692 2788 755 2832 oros
770 2769 908 2848 possint·
929 2768 962 2831 irs
984 2766 1079 2831 altero
1094 2772 1212 2831 eccm:
1233 2766 1299 2829 olio

221 2876 290 2939 riso
310 2894 370 2940 5555
386 2874 567 2956 probabilia,
588 2874 654 2940 olio
674 2895 736 2940 non
752 2874 934 2955 probabitis.
967 2875 1052 2938 Nihil
1075 2881 1179 2955 potest
1196 2874 1298 2938 minus

222 2989 309 3048 recte
333 2982 409 3059 dici;
438 2984 645 3064 nequeenim
673 2984 735 3047 duo
762 2982 840 3046 hooc
867 2990 958 3047 erunt
987 2983 1121 3046 visorum
1149 2988 1298 3062 separate

222 3107 351 3170 genero,
386 3107 487 3170 neque
514 3090 576 3154 alis
605 3100 709 3168 erunt,
742 3107 823 3169 quae
850 3090 970 3170 percipi
1003 3099 1057 3153 sut
1090 3106 1151 3152 non
1178 3088 1298 3168 percipi

253 3376 275 3441 ¹)
294 3379 346 3428 Non
362 3384 416 3428 erst
430 3377 536 3428 dtitlctle
552 3391 581 3428 or
597 3380 689 3428 ceteris
700 3356 833 3427 Ciceronis
847 3380 950 3440 scriptis
966 3378 1061 3427 similla
1076 3378 1157 3427 mults
1168 3377 1297 3439 colligere,

293 3476 357 3526 5555
376 3467 537 3512 enarratores
558 3475 609 3512 non
629 3468 793 3521 annotarunt,
812 3462 939 3523 quaedum
959 3463 992 3510 lte
1011 3462 1171 3523 perturbato,
1192 3467 1227 3519 nt,
1248 3464 1297 3509 nist

293 3547 417 3610 explicato
432 3559 526 3606 errore,
541 3546 656 3609 intellegi
671 3547 810 3610 disputatio
826 3551 943 3608 5555551,
966 3546 1111 3596 cuiusmodi
1128 3548 1297 3609 reperientur,

293 3644 358 3694 quse
380 3635 405 3682 tn
431 3631 546 3680 Tusculi.
567 3630 623 3680 1115.
645 3629 802 3694 11583555.
828 3636 852 3680 51
870 3629 904 3680 28
917 3643 972 3693 555.
997 3630 1028 3678 (15
1051 3631 1155 3690 morbo,
1180 3635 1297 3692 aegrotu-

293 3719 375 3776 tionc‚
395 3719 469 3775 vitto,
489 3715 795 3771 (1(15511515155555155,
815 3719 836 3764 st
855 3717 911 3777 lpsn
930 3727 1037 3762 excussa
1061 3718 1164 3765 etcum
1184 3716 1296 3771 Graecis,

293 3813 357 3863 5555
376 3792 662 3850 155555581515555515
682 3804 706 3847 ot
727 3799 852 3861 Diogenes
871 3798 988 3847 Laertius
1008 3797 1111 3858 hubent,
1131 3799 1296 3848 5511515155·

294 3886 356 3942 rint,
381 3890 426 3934 sut
448 3897 514 3947 5555
532 3884 652 3933 scudem.
673 3882 716 3933 115.
738 3883 759 3937 Ι,
777 3882 811 3934 26
833 3883 864 3931 dc
888 3882 1054 3944 qualitatibus
1078 3882 1212 3937 dicunntur,
1236 3896 1296 3931 cum

292 3972 360 4030 greci
384 3968 537 4018 confusione
563 3969 613 4019 τῶν
635 3963 779 4038 sorori-ror
797 3956 830 4017 Ι51
852 3966 902 4016 τῶν
924 3966 1014 4014 ποιῶν.
1054 3964 1121 4014 illud
1144 3966 1295 4016 facillimum

293 4053 410 4117 expeditu
430 4059 477 4113 est,
496 4053 565 4117 quod
585 4053 605 4104 ll
624 4054 655 4103 (15
675 4053 727 4104 tint.
749 4050 970 4102 5555291555(
991 4050 1191 4113 disputationem
1206 4051 1296 4100 Cicero

294 4138 443 4189 obscurarit
465 4144 490 4189 et
513 4141 617 4188 inanem
641 4136 765 4193 reddidit.
789 4148 849 4185 cum
874 4136 949 4205 origia
973 4129 1125 4204 πολυμιρές
1147 4134 1205 4188 trid.
1229 4138 1295 4184 Sext.

295 4223 413 4286 Emplrlr.
433 4223 488 4271 adv.
508 4222 626 4271 listhem.
647 4222 686 4281 lx,
706 4220 764 4283 119)
783 4223 964 4282 interpretetus
984 4224 1034 4268 est:
1054 4231 1152 4266 omnem
1169 4224 1296 4286 naturum,

293 4321 357 4369 quoe
374 4321 425 4355 non
442 4305 559 4354 solitario
578 4313 635 4354 esset
658 4319 737 4367 neque
760 4304 873 4366 simplex,
898 4304 940 4351 sed
963 4316 1020 4351 orm
1041 4302 1093 4351 otio
1114 4304 1202 4352 iuncto
1223 4310 1298 4366 etque

196 4397 199 4401 '
293 4404 409 4449 connexo,
424 4404 484 4448 non,
500 4397 527 4438 nt
538 4390 638 4441 debuit:
653 4403 718 4451 5555
727 4395 786 4438 erret
800 4387 1061 4451 rpluribusportibur
1070 4387 1148 4451 (lpse)
1158 4387 1298 4450 composito.

1075 4487 1092 4525 s
