3030 5086
217 481 279 547 140
609 497 653 542 m:
676 496 807 542 nmmos
830 495 902 540 aon,

302 667 412 731 Omnis
434 673 538 732 autem
560 667 589 729 in
615 665 807 746 quaerendo,
838 682 918 744 quaa
940 663 993 727 via
1020 662 1157 744 quadam
1185 669 1217 727 et
1244 679 1296 725 ra·

215 772 299 835 tione
321 770 468 847 habetur,
503 767 603 832 oratio
631 765 846 849 praescribere
868 766 1003 847 primum
1025 764 1131 841 debet,
1165 771 1200 827 ut
1227 763 1296 843 qui·

215 872 350 937 busdam
373 872 409 935 in.
428 867 583 934 formulis:
618 888 662 932 aa
684 881 745 932 aas
768 886 920 946 norrun,
949 875 996 946 ut,
1024 868 1106 931 inter
1128 883 1207 947 quos
1230 865 1296 929 dis-

157 970 162 984 '
216 974 341 1051 seritur,
364 972 536 1049 conveniat,
559 971 634 1053 quid
656 971 698 1034 sit
719 971 761 1046 id,
784 970 824 1033 de
847 989 907 1050 quo
930 970 1111 1035 disseratur.

289 1158 604 1222 recommunicare
643 1157 715 1224 [quae
734 1157 774 1206 eia
793 1185 825 1193 -
844 1166 867 1205 ut
886 1155 1024 1220 quibasdam
1044 1173 1092 1206 om.
1113 1157 1147 1205 Α1
1198 1165 1220 1206 et
1239 1175 1296 1206 ora·

216 1231 278 1278 u'one
301 1229 322 1276 E
376 1235 399 1279 2.
428 1237 449 1275 et
473 1227 549 1276 oratio
573 1227 593 1277 C
620 1225 658 1293 [ne
686 1226 837 1290 quibusdum,
865 1227 1035 1290 superscripto
1062 1235 1099 1281 ut,
1127 1227 1150 1275 A
1219 1230 1243 1274 ³.
1272 1227 1296 1274 in

217 1313 265 1348 om.
286 1297 307 1345 E
344 1296 422 1361 apitur
440 1296 482 1344 PL
501 1306 589 1360 apertur
606 1296 725 1346 Meum.

217 1472 314 1527 callide
336 1473 463 1535 accessit·
486 1470 656 1545 reprehendit
678 1469 774 1543 (quasi
797 1468 963 1524 evolantem
982 1479 1011 1524 et
1027 1466 1216 1544 fugientem);
1240 1467 1294 1527 cir.

218 1556 304 1613 Verr.
329 1556 392 1631 ΠΙ,
417 1556 466 1614 51.
513 1555 571 1627 (De
595 1557 685 1631 Legg.
711 1555 756 1623 ΙΙ,
782 1554 821 1610 34
850 1555 1042 1629 reprehendere
1069 1564 1114 1611 est
1142 1550 1185 1615 id.
1217 1555 1296 1628 quod

218 1641 328 1698 dictum
357 1641 409 1699 sit.
443 1643 628 1714 retractare.)
674 1643 772 1714 Aptua
800 1647 845 1695 est
872 1639 1015 1696 orationis
1043 1657 1196 1698 ascensus:
1230 1642 1297 1697 nibil

219 1737 327 1795 tenear,
368 1727 434 1782 ru'bil
471 1726 508 1798 (si
542 1745 600 1782 non
635 1726 734 1782 statim
768 1725 918 1794 tenueriS,
958 1727 1072 1799 postea)
1107 1716 1295 1800 reprehendite.

219 1812 330 1871 Contra
353 1813 554 1887 apprehendere
576 1811 658 1886 prius
681 1821 726 1867 est
748 1830 835 1885 quam
860 1821 953 1867 tenere.

306 1908 333 1954 nt
361 1897 523 1970 quibusdum
552 1900 580 1952 in
601 1899 746 1970 Jbrrnulia:
774 1916 805 1953 eu
833 1916 876 1953 res
904 1894 1011 1970 (metere)
1040 1896 1137 1952 Etiam
1162 1896 1191 1951 in
1216 1895 1296 1971 Spir.

219 1980 275 2060 [B]
299 1994 327 2038 et
351 1981 429 2040 Gud.
457 1983 473 2037 2
504 1981 614 2038 excidit
641 1985 667 2036 in
695 1991 762 2056 post
785 2000 824 2048 m3
859 1981 909 2038 scd
939 1982 1016 2055 quod
1040 1981 1133 2039 Gzius
1167 1981 1238 2037 dicit
1265 2000 1297 2037 eu

219 2068 315 2124 omitti
339 2067 368 2123 in
393 2067 485 2141 Spin,
510 2065 584 2134 lert„
610 2066 688 2124 Gud.
712 2068 744 2130 2,
769 2067 853 2129 Bas,
883 2066 997 2123 fallitur
1020 2066 1055 2122 de
1079 2067 1140 2124 Erl.
1165 2069 1235 2140 (non
1259 2085 1297 2122 ex

219 2153 337 2211 silentio
359 2152 416 2209 hoc
438 2153 558 2225 coicio).
588 2152 634 2238 cpi
658 2169 723 2208 cum
746 2153 811 2210 Pal.
840 2155 852 2208 l
879 2148 922 2230 [et
945 2147 984 2230 B]
1008 2152 1187 2219 consentiat,
1210 2152 1297 2208 valde

219 2240 255 2295 de
279 2238 384 2295 ceteris
407 2237 523 2306 dubito,
554 2238 589 2293 de
614 2237 691 2311 Spir.
714 2255 835 2313 prorsus
858 2256 916 2293 non
940 2237 1050 2294 dubito.
1095 2238 1175 2294 Hinc
1198 2247 1297 2293 tamen

220 2323 313 2382 Gzius
347 2321 457 2380 effecit:
492 2323 567 2379 debet
600 2326 643 2397 (ut
676 2323 837 2396 quibusdem
864 2325 993 2396 semirutis
1027 2342 1069 2379 rea
1096 2329 1225 2395 apator),
1260 2333 1297 2387 ut,

219 2413 287 2466 iuter
308 2420 378 2469 cet..
407 2426 533 2482 sequens
561 2408 649 2464 simul
677 2408 853 2465 deteriorum
884 2407 1058 2482 scripturam
1086 2418 1186 2481 apertur
1207 2408 1296 2481 (Pali.

219 2504 337 2570 praeter
363 2497 388 2562 1,
413 2495 441 2561 2,
466 2494 494 2560 4,
519 2493 602 2549 Parr.
630 2496 655 2562 1,
681 2494 709 2559 2,
733 2493 778 2550 El.
803 2493 969 2567 utriusque,
993 2493 1105 2554 biead..
1129 2494 1208 2552 Oxx.
1234 2512 1296 2550 om·

219 2581 309 2637 nium.
333 2577 514 2636 Gaianorum
533 2588 650 2654 praeter
663 2578 723 2636 Erl.
743 2589 772 2635 et
789 2577 868 2637 Gud.
885 2579 912 2647 2,
937 2578 1050 2653 opinor,
1074 2578 1162 2635 etiam
1180 2587 1298 2654 praeter

220 2665 326 2740 Spir.);
350 2683 417 2721 nam
436 2664 500 2721 Pal.
519 2666 531 2720 l
558 2682 622 2721 cum
641 2663 702 2720 Erl.
721 2662 766 2741 [et
778 2661 818 2740 B]
835 2664 1188 2745 apetur(„videbaturque
1208 2664 1296 2720 etiam

218 2750 309 2808 fuisso
333 2751 363 2806 in
385 2749 451 2806 Pal.
475 2752 536 2822 2⁶⁴),
560 2749 674 2806 (tuat
699 2758 729 2805 et
751 2750 815 2806 Pal.
834 2752 852 2804 4
875 2753 973 2822 crpitrrr.
1018 2749 1126 2808 Omnia
1148 2750 1200 2806 illa
1222 2749 1298 2806 ratio

219 2837 387 2911 perturbat,
422 2834 547 2910 primum
577 2834 767 2901 sententiam3
802 2853 895 2909 neque
924 2834 1001 2891 enim
1036 2836 1092 2891 iam
1122 2835 1297 2910 postulatur,

219 2922 255 2978 de
278 2940 336 2995 qua
359 2920 464 2978 Cicero
487 2920 568 2989 dicit,
593 2920 724 2976 definitio
747 2920 790 2976 rai
813 2921 851 2976 ad
873 2921 1017 2996 agendum
1042 2922 1222 2996 propositae,
1245 2920 1297 2977 sed

219 3007 315 3080 (cuius
338 3024 427 3062 causa
450 3005 501 3061 illa
523 3004 740 3078 requirebatur)
764 3024 924 3062 consensus
946 3006 1168 3081 disputantium,
1192 3016 1229 3075 et,
1253 3006 1296 3062 in·

219 3111 304 3148 verso
328 3091 439 3157 ordine,
463 3091 529 3147 ideo
552 3091 727 3165 postulatur,
750 3102 784 3147 ut
806 3090 972 3157 conveniat,
995 3101 1027 3148 nt
1044 3091 1218 3165 quibusdam
1236 3090 1297 3148 for-

220 3176 308 3234 mulis
335 3194 383 3233 res
410 3185 530 3250 agatur:
564 3174 640 3249 quae
668 3184 765 3233 autem
800 3175 860 3232 sint
892 3176 961 3232 illae
995 3179 1129 3250 quaedem
1150 3179 1297 3250 Jbrruulua

219 3263 326 3337 quibus
360 3280 407 3318 res
440 3271 559 3336 agatur,
593 3261 704 3318 frustra
737 3280 876 3336 quaeram
911 3262 1016 3318 deinde
1046 3264 1322 3337 comparationem*

219 3367 284 3404 cum
308 3345 444 3404 formulis
467 3346 741 3404 iurisconsultorum
766 3350 809 3418 (et
830 3357 928 3403 tamen
952 3346 1038 3412 otto,
1067 3347 1138 3404 baec
1161 3367 1297 3422 sequena,

220 3433 255 3489 de
279 3431 357 3491 Gaio
389 3432 531 3506 quaedam
560 3432 716 3508 descripsit
743 3433 780 3488 ab
804 3432 944 3505 Orellio);
978 3443 1127 3507 postremo
1155 3434 1297 3490 orationis

220 3519 453 3586 cohaerentiam3
477 3536 543 3574 nem
567 3528 634 3593 post
652 3520 838 3592 praescribere
860 3518 1057 3593 interponitur
1080 3529 1107 3575 ut
1131 3552 1170 3561 -
1189 3530 1297 3597 aptetur,

220 3615 369 3661 ettamen
393 3622 451 3659 non
475 3603 530 3659 hoc
553 3622 588 3659 eo
611 3602 747 3673 refertur,
770 3604 823 3660 sed
846 3613 874 3659 nt
898 3635 935 3645 —
960 3608 1103 3660 contremet.
1144 3606 1190 3661 De
1212 3623 1297 3680 prae-

220 3689 365 3746 scribendi
395 3689 485 3745 verbo
509 3697 539 3744 et
566 3689 630 3763 ipsa
657 3707 689 3744 re
718 3689 846 3745 nondum
870 3689 945 3745 dico.
990 3690 1135 3747 Viderunt
1162 3691 1219 3747 iam
1249 3709 1296 3746 sn·

219 3775 365 3849 periores,
394 3775 450 3830 hoc
473 3773 545 3839 dici,
574 3773 666 3844 idem,
695 3775 774 3848 quod
803 3775 831 3830 in
855 3773 990 3832 formulis
1013 3775 1186 3849 quibusdam
1210 3776 1296 3831 iuris·

220 3860 418 3916 consultorum
443 3859 539 3926 fieret,
565 3860 593 3914 in
617 3859 795 3935 disputando
818 3860 881 3916 fieri
905 3860 1025 3927 debere3
1055 3861 1106 3916 sed
1129 3880 1192 3917 cum
1213 3882 1296 3935 prue-

219 3947 333 4002 acribere
356 3944 471 4021 vulgari
494 3945 707 4019 significatione
735 3945 902 4020 acciperent
931 3965 983 4002 nec
1012 3947 1076 4021 ipsa
1104 3943 1297 4003 formularum

219 4031 311 4087 verba
339 4040 472 4089 nossent.
506 4030 696 4103 requirebant
724 4031 898 4088 sententiam
928 4032 1118 4107 pendentem:
1152 4053 1222 4106 quoe
1255 4052 1297 4089 ree

219 4127 318 4189 oputttr
340 4117 478 4190 (Manat.)
507 4128 572 4171 aut:
602 4137 657 4189 prro
685 4119 718 4172 de
745 4137 773 4173 re
800 4127 899 4190 apator
921 4117 1089 4191 (Lmnbin.).
1135 4118 1222 4174 Nunc
1250 4137 1297 4174 res

220 4201 397 4258 dubitationi
421 4211 559 4275 exempta
581 4212 634 4259 est.
681 4204 913 4277 Praesertptr'onea
942 4203 1018 4259 enim
1048 4204 1125 4278 apud
1154 4204 1295 4261 iuriscon-

221 4287 321 4351 sultos
345 4286 396 4360 qui
419 4286 507 4342 ctiam
526 4288 617 4342 verbo
632 4290 836 4361 praescribendi
857 4289 898 4345 sic
917 4298 1046 4346 utuntur.
1070 4289 1298 4363 appellabantur

220 4373 285 4448 ipsa
307 4373 369 4439 illa,
394 4390 469 4445 quac
492 4370 638 4428 formulae
655 4375 921 4449 praeponebantur.
945 4385 977 4431 ut
996 4394 1030 4429 ea
1048 4375 1182 4448 petitoris
1199 4394 1296 4443 causa,

221 4477 257 4514 ne
280 4458 408 4514 formula
431 4456 562 4524 caderet,
592 4458 629 4514 ad
652 4478 715 4516 eam
740 4480 816 4525 rem,
846 4479 920 4533 quae
944 4471 1093 4536 ageretur„
1118 4461 1226 4517 certius
1249 4479 1296 4516 ac-
