3030 5086
264 458 329 526 504
655 477 700 523 nn
713 476 854 525 amous
876 477 948 525 sos.

264 647 363 728 gitur,
396 646 471 727 quia
497 645 663 709 coniuncta
695 645 724 710 ei
750 645 851 711 virtus
878 650 941 724 est,
973 645 1004 710 in
1039 646 1212 727 sapientem
1239 646 1341 712 colum

266 749 359 825 cadit,
383 747 472 828 isque
494 745 565 811 finis
587 747 747 825 bonorum
770 753 805 812 nt
826 747 867 812 ab
888 748 966 829 ipsis
989 746 1100 814 Stoicis
1123 747 1274 830 scriptum
1295 749 1341 812 vi-

267 848 604 927 demussllenocrste
614 857 709 930 atque
720 848 759 913 ab
771 848 940 914 Aristotele
951 849 1139 914 constitutus
1150 856 1207 914 est
1230 852 1341 932 ltaque

266 950 306 1016 ab
328 951 366 1015 iis
389 951 569 1015 constitutio
591 950 645 1015 illa
666 950 768 1031 prima
789 959 934 1030 naturae,
963 969 1067 1033 aqua
1088 956 1123 1016 tu
1145 969 1268 1033 quoque
1289 969 1340 1016 or·

227 1050 405 1131 bdiebare,
428 1053 476 1117 hia
498 1070 599 1133 prope
621 1051 725 1117 verbis
748 1052 922 1133 exponitur.

355 1154 420 1219 Vll.
446 1155 495 1219 16.
527 1153 635 1217 Omnis
664 1161 777 1218 natura
799 1154 866 1218 vult
887 1172 957 1219 esse
979 1155 1191 1219 conservatrix
1214 1153 1277 1232 sui,
1307 1160 1343 1218 ut

341 1414 358 1454 l.
378 1425 400 1457 ει
397 1406 581 1456 ’σσαίαιιιισῐι
624 1416 657 1456 eat
676 1408 789 1457 virtuali
852 1415 874 1459 ι
893 1406 1343 1476 l131A1L0r.narora[s]sPR

266 1475 389 1526 ιισειισΟ
425 1475 553 1525 ordiebatr'a
568 1476 683 1541 propeE
720 1481 743 1526 5
764 1475 794 1542 [ia
812 1475 846 1544 A]

266 1698 345 1760 Oxx.
377 1709 490 1757 tantum
518 1718 556 1756 ex
584 1700 655 1776 Εχψ
683 1709 835 1758 annotant.
881 1700 974 1757 Miror
1004 1699 1139 1758 Beiernm
1168 1700 1205 1758 ad
1228 1697 1287 1757 Off.
1311 1701 1343 1758 II

265 1804 293 1861 p.
313 1785 375 1841 428
403 1785 480 1841 hanc
507 1785 624 1842 tertiam
652 1785 940 1862 interpretationem,
968 1784 999 1841 in
1027 1802 1086 1859 qua
1113 1785 1190 1842 ratio
1217 1785 1344 1843 habetur

266 1869 479 1928 desideriorum
502 1878 672 1927 naturarum
695 1870 893 1946 singularum,
921 1878 951 1927 et
973 1869 1046 1925 illud
1068 1870 1173 1941 etiam,
1202 1871 1281 1946 quod
1303 1871 1343 1941 V,

267 1956 306 2014 26
330 1954 447 2031 legitur,
470 1954 650 2012 confundere
673 1972 738 2012 enm
762 1955 929 2014 Stoicorum
952 1953 1096 2013 formulis.

351 2061 369 2097 a
390 2040 557 2136 Xenocrate)
580 2040 717 2098 Clemens
730 2039 818 2097 Alex
831 2040 1042 2115 Strom.IIp.
1061 2040 1221 2117 180sy1o.
1246 2031 1342 2100 Ξενο-

266 2112 377 2221 κράτης
405 2114 457 2218 τὴν
485 2116 682 2219 receptoriae
704 2116 868 2182 ἀποδίδωσι
897 2121 996 2220 acquir
1023 2123 1076 2200 τῆς
1104 2118 1215 2190 σιἰιειάς
1236 2113 1344 2200 ἀρετῆς

266 2227 315 2267 και
338 2204 390 2283 τῆς
411 2198 585 2304 ὑπηρετικῆς
606 2196 768 2303 &peripsam
802 2198 917 2265 Εἶτα
896 2227 936 2273 ως
953 2198 1007 2281 pir
1030 2204 1060 2266 ir
1082 2195 1107 2302 qi
1126 2200 1245 2304 γιίιται,
1268 2201 1341 2305 φαί-

266 2310 349 2351 retas
371 2286 460 2368 la'yarr
481 2282 534 2388 τὴν
556 2279 663 2389 ψυχήν·
686 2283 727 2358 ὥς
749 2283 812 2348 c‘
797 2294 857 2390 αφ’
867 2277 916 2361 ὧι,
940 2310 1133 2391 aucupatore
1155 2283 1237 2357 ὥςδ*
1257 2276 1343 2357 fficio

265 2395 307 2441 ως
328 2375 441 2450 μερῶν,
468 2365 525 2440 τὰς
551 2366 644 2439 aelric
665 2362 787 2475 πράξεις
809 2366 858 2434 καὶ
880 2367 936 2442 τὰς
958 2370 1126 2442 σπουδαίας
1148 2368 1219 2447 ἕξεις
1240 2393 1273 2434 τε
1294 2365 1343 2431 καὶ

266 2454 418 2526 διαθέσεις
439 2448 488 2517 καὶ
488 2446 630 2557 κινήσεις
646 2451 695 2518 uei
713 2454 832 2537 σχέσεις·
855 2452 896 2526 aie
917 2447 1031 2518 τούτων
1054 2451 1105 2516 οὐκ
1128 2448 1197 2518 ἄνευ
1220 2451 1259 2519 τὰ
1282 2476 1342 2515 σαι-

266 2534 376 2619 ματικά
393 2533 442 2601 uui
459 2533 499 2600 roi
516 2528 608 2610 istrie.
641 2545 796 2643 (Exttrema
813 2546 887 2605 haee
903 2547 1013 2604 nullam
1031 2544 1141 2604 habent
1157 2545 1343 2646 sententiam.

267 2628 460 2688 Scribendum
484 2638 543 2687 eat:
571 2617 610 2694 ὥς
632 2629 657 2686 c
681 2615 720 2686 alr
743 2623 795 2687 οὐκ
818 2620 903 2698 ἄνευ,
925 2621 965 2687 τὰ
987 2646 1141 2704 corporatam
1162 2649 1212 2687 και
1233 2620 1273 2687 τὰ
1296 2623 1342 2686 εἰι·

265 2698 333 2778 so'c:
356 2714 410 2784 Es,
433 2715 496 2772 sine
516 2714 623 2789 quibua
640 2715 734 2772 virtus
752 2717 884 2774 exerceri
902 2724 1037 2790 nequeat,
1057 2715 1144 2812 ponit
1160 2715 1292 2811 cqrporia
1314 2723 1345 2773 et

267 2807 391 2856 externa
413 2800 581 2869 commoda;
603 2800 770 2857 continetur
792 2801 839 2858 his
860 2801 938 2857 enim
955 2800 1008 2857 illa
1029 2789 1230 2875 oirepre‘,
1159 2784 1341 2900 uvaqqartxq'.

267 2883 419 2980 Frequens
447 2885 525 2960 apud
549 2883 682 2943 Graecos
711 2886 902 2961 philosophos
929 2884 1091 2961 appellatio
1119 2881 1202 2958 (coir)
1229 2902 1269 2941 err
1291 2902 1344 2940 otu

267 2954 360 3043 eirea)

352 3057 502 3112 conutitutio
523 3056 571 3112 illa
588 3057 681 3130 prima
703 3053 830 3134 naturae)
853 3055 897 3112 lia
920 3065 974 3126 est,
997 3072 1073 3129 quae
1090 3053 1159 3124 §32
1182 3054 1228 3112 hia
1245 3054 1344 3112 verbis
1407 3041 1413 3054 ⁸

267 3138 463 3216 significatur:
497 3159 567 3213 quae
595 3149 684 3197 autem
712 3151 813 3198 maturo
841 3159 907 3198 auae
928 3143 1036 3216 prirnm
1063 3142 1236 3197 institutionis
1262 3140 1344 3196 oblita

266 3232 325 3281 eat!
346 3236 376 3281 et
387 3225 424 3295 V,
438 3225 478 3281 24
497 3224 556 3282 his:
575 3225 644 3283 lianc
662 3229 738 3283 initio
753 3229 941 3284 institutionem
958 3224 1092 3300 (animal)
1109 3227 1248 3299 confusam
1265 3225 1345 3281 labet

267 3318 292 3366 ιι
313 3312 448 3380 incertam,
471 3327 605 3384 quaeque
629 3310 770 3386 aperitur,
794 3329 859 3369 cum
882 3311 1050 3386 exponitur,
1072 3310 1144 3383 quid
1167 3310 1261 3386 primo
1280 3309 1343 3366 ani·

267 3394 387 3452 maliunr
411 3404 478 3452 ortu
500 3404 606 3452 natura
628 3405 710 3471 petat
731 3406 762 3454 et
782 3395 891 3472 fugiat,
915 3396 969 3453 lroc
992 3404 1045 3465 est,
1068 3395 1215 3469 quomodo
1238 3402 1344 3451 natura

266 3478 406 3537 animalia
429 3478 574 3540 ab.initio
597 3481 765 3538 constituet.
799 3480 907 3554 (Gaius
924 3489 1008 3557 putat
1025 3480 1083 3537 dici
1104 3479 1343 3550 ,accommodate

266 3564 305 3621 arl
322 3575 470 3623 oratorum
489 3566 614 3640 primam
632 3567 872 3624 constitutionem
890 3584 1005 3637 causae,
1024 3565 1043 3622 i.
1056 3584 1091 3634 a,
1109 3565 1234 3641 primam
1251 3583 1342 3639 quae·

266 3649 393 3707 ationem
416 3668 526 3721 eorum,
550 3669 626 3725 quae
649 3651 686 3708 ad
704 3669 823 3709 causam
840 3651 1049 3724 referuntur“.)
1083 3651 1146 3708 Neo
1162 3668 1267 3726 reapse
1286 3648 1343 3707 dii·

266 3733 325 3791 fert
346 3737 474 3792 institutio
496 3736 609 3793 leminis
631 3740 645 3805 ξ
664 3738 714 3793 41.
750 3737 800 3796 Sic
821 3745 918 3794 sutem
943 3737 1128 3794 emendatum
1146 3745 1209 3793 eret
1226 3743 1343 3810 praeter

268 3819 292 3877 L
314 3820 403 3878 etiam
426 3819 455 3876 in
480 3820 543 3879 Pal.
568 3823 597 3891 2,
620 3821 806 3896 restituitque
828 3822 1004 3891 Lambinus,
1028 3832 1089 3879 tum
1107 3821 1258 3890 Davisius,
1281 3819 1343 3877 elii.

265 3906 301 3963 ln
331 3906 396 3965 cod.
426 3905 587 3983 archetypo
615 3916 679 3962 eret
706 3918 805 3964 natura
832 3907 874 3982 (in
903 3907 979 3964 Pall.
1006 3907 1126 3977 ceteris,
1161 3904 1342 3975 Davisianis,

266 3989 400 4060 Gzianis,
423 3988 495 4068 [B];
519 3991 598 4051 Oxx.
623 3999 738 4049 tantum
761 4011 777 4048 e
797 4011 816 4068 χ
836 3995 1003 4066 annotant).

351 4074 573 4153 cap.VI1,1e.
599 4077 692 4135 Omm's
713 4087 813 4134 nemra
834 4077 905 4153 cet.)
922 4077 1069 4151 Quoniam
1093 4076 1210 4133 eaedem
1234 4093 1281 4132 res
1304 4092 1342 4131 ex

265 4160 369 4218 eodem
398 4161 478 4218 lente
502 4162 623 4220 haustae
646 4162 766 4220 uberius
788 4172 977 4238 exponuntur
1000 4163 1051 4221 lib.
1076 4163 1113 4232 V,
1133 4162 1172 4218 24
1190 4179 1268 4235 sqq,
1297 4178 1342 4225 es,

265 4264 341 4321 quae
369 4246 407 4303 ad
430 4245 581 4305 Ciceronis
606 4247 698 4305 verba
726 4266 790 4305 cum
820 4247 1005 4307 Graecorum
1031 4246 1244 4323 exemplarium
1272 4245 1341 4303 reli·
1433 4277 1436 4280 ⁴

267 4331 344 4406 quiis
367 4333 566 4407 comparanda
587 4333 745 4408 pertinent,
769 4333 810 4391 ibi
833 4334 976 4392 dicentur.
