3030 5086
402 524 446 569 ar
469 524 550 570 uun.
572 523 635 570 mn.
658 524 680 569 n
704 523 777 571 one.
802 526 839 571 rs.
859 523 991 585 (rs-⁴⁷.)
1171 504 1234 570 223

157 689 217 754 soli
240 697 347 755 natum
369 691 557 771 meminerit,
587 692 643 757 sed
665 691 803 773 patriae,
827 692 883 756 sed
906 692 985 769 suis,
1008 698 1043 755 ut
1064 691 1235 773 perexigua

157 810 236 873 pars
257 793 318 874 ipsi
340 793 543 874 relinquatur.
587 794 638 858 46.
661 794 702 857 Et
717 793 865 874 quoniam
888 794 999 858 eadem
1017 803 1131 858 natura
1146 794 1233 876 cupi·

157 896 287 960 ditatam
303 895 444 976 ingenuit
459 896 576 961 homini
592 895 657 959 veri
674 896 810 973 videndi,
829 898 913 977 quod
930 894 1073 960 facillime
1089 902 1232 976 apparet,

157 1014 228 1062 eum
250 999 338 1063 vacui
366 999 449 1063 curis
477 1000 583 1077 etiam,
613 998 689 1079 quid
715 999 748 1061 in
774 997 861 1062 caelo
889 996 958 1075 dat,
987 997 1067 1062 scire
1094 1017 1232 1076 avemus,

155 1099 207 1165 bis
238 1100 334 1165 initiis
367 1100 484 1165 inducti
506 1100 622 1164 omnia
648 1119 723 1164 uera
757 1099 927 1180 diligimus,
961 1100 993 1163 id
1026 1108 1087 1179 est,
1121 1099 1273 1179 fidelia,5

156 1202 323 1283 simplicia,
346 1203 535 1281 constantia,
559 1209 624 1266 tum
646 1221 741 1279 vana,
763 1200 856 1280 falsa,
879 1200 1017 1266 fallentia
1039 1201 1176 1279 odimus,
1198 1209 1234 1266 ut

155 1302 310 1383 fraudem,
332 1303 514 1386 periurium,
537 1303 694 1380 malitiam,
717 1302 870 1367 iniuriam.
904 1304 1022 1368 Eadem
1040 1305 1121 1368 ratio
1139 1303 1234 1368 habet

154 1405 190 1470 in
213 1424 247 1470 se
269 1406 415 1487 quiddam
440 1406 576 1486 amplum
599 1414 694 1485 atque
717 1403 925 1487 magnificum,
953 1405 995 1469 ad
1015 1405 1231 1486 imperandum

155 1507 257 1588 magis
279 1526 372 1588 quam
395 1509 436 1571 ad
458 1508 632 1589 parendum
655 1508 937 1586 accommodatum,
967 1507 1070 1571 omnia
1097 1507 1234 1572 humana

155 1628 219 1674 non
242 1609 416 1674 tolerabilia
439 1609 548 1688 solum,
572 1610 628 1673 sed
651 1609 743 1673 etiam
766 1609 847 1673 levia
870 1610 1000 1687 ducem,
1023 1609 1118 1673 altum
1142 1610 1231 1690 quid·
1253 1609 1293 1674 10

155 1711 230 1776 dam
251 1719 284 1776 et
305 1711 473 1789 excelsum,
503 1711 578 1775 nihil
600 1711 725 1789 timens,
749 1711 863 1775 nemini
885 1712 1012 1789 cedens,
1041 1729 1164 1792 semper
1185 1711 1232 1775 in·

155 1813 279 1878 victum.
324 1814 375 1876 47.
398 1815 502 1893 Atque
520 1813 568 1877 his
585 1812 687 1876 tribus
704 1812 869 1892 generibus
886 1813 1088 1877 honestorum
1106 1812 1232 1892 notatis,

155 1922 302 1998 quartum
319 1916 461 1994 sequitur
478 1914 555 1978 etin
573 1915 682 1978 eadem
699 1912 929 1994 pulchritudine
945 1923 976 1979 et
993 1923 1100 1994 aptum
1118 1934 1155 1979 ex
1171 1914 1233 1978 illis

232 2125 250 2168 1.
269 2117 361 2167 sololl
396 2117 565 2167 meminisseL
602 2121 623 2165 ³.
644 2116 695 2166 veri
711 2116 978 2168 meens'endiLPMCR
1013 2117 1234 2181 accusetque!

156 2187 206 2235 r'am
224 2186 281 2235 1⁹er
315 2187 383 2235 sis
417 2185 652 2251 labemus[A]EPC
688 2190 710 2232 b.
721 2187 822 2248 sunnE
860 2189 881 2233 7.
901 2185 1016 2234 malitiam
1034 2186 1115 2234 omE
1150 2186 1232 2235 rudem

155 2256 218 2304 entire
235 2254 338 2304 rutroll
391 2258 415 2302 8.
434 2253 594 2317 quoddamE
652 2258 688 2304 10.
711 2253 811 2302 alterum
839 2253 952 2316 quiddam
979 2254 1094 2303 excelsum
1112 2254 1233 2304 LPmcss

160 2328 197 2372 ll.
218 2321 279 2373 nulli
294 2322 351 2389 (pro
368 2321 464 2383 nemini)
483 2323 505 2371 ll
543 2328 580 2373 13.
600 2330 622 2370 et
640 2331 720 2387 aptum
738 2331 759 2372 et
777 2339 806 2370 es
824 2322 846 2370 Ε

242 2515 292 2571 sed
313 2516 436 2588 patriae,
464 2514 513 2569 sed
538 2510 609 2590 ercis)
633 2513 712 2570 Rara
739 2512 818 2588 apud
840 2511 1013 2571 Ciceronem
1041 2513 1114 2570 haec
1142 2514 1232 2588 parti·

155 2598 242 2655 culae
271 2600 320 2656 sed
346 2599 512 2674 anaphora3
542 2599 643 2671 itaque
666 2599 768 2655 Lamb.
798 2608 823 2654 et
844 2601 915 2666 suis;
944 2598 995 2654 sed
1017 2597 1120 2654 eodem
1146 2598 1232 2656 modo

155 2684 206 2741 111
228 2684 317 2740 Tusc.
341 2684 396 2740 82:
425 2685 499 2757 quod
519 2704 570 2740 aon
593 2694 692 2741 notiora
714 2687 865 2744 emoriatur.
894 2684 943 2739 sed
964 2684 1076 2751 iudicio,
1106 2686 1156 2740 sed
1176 2687 1232 2759 opi·

152 2773 239 2837 aione,
261 2769 311 2825 sed
332 2770 453 2842 quadam
475 2771 627 2824 invitatione
648 2770 687 2824 ad
709 2770 859 2838 dolendum,
884 2766 986 2845 [Verr.
1006 2769 1063 2837 Ill,
1087 2769 1154 2831 169,
1177 2788 1231 2844 pro

152 2853 258 2911 Plane.
283 2851 348 2930 24].
394 2853 461 2910 Non
491 2852 584 2909 solum
614 2853 690 2927 apud
720 2861 820 2928 poetes
849 2854 896 2926 (de
925 2853 1032 2926 quibus
1061 2854 1119 2915 rid.
1148 2854 1231 2926 lem),

155 2937 296 2996 Ovidium
320 2938 457 3003 maxime,
481 2937 532 2993 sed
555 2938 643 2994 etiam
661 2939 738 3012 apud
756 2938 901 2996 Taciturn.
926 2939 1077 2997 Senecam.
1101 2940 1230 2996 eiusdem

153 3023 262 3081 aetatis
279 3023 361 3090 alios,
385 3023 435 3097 qui
453 3023 655 3078 vehementem
679 3032 717 3092 et,
740 3033 774 3079 ut
795 3024 837 3080 itu
859 3020 964 3092 dicam,
988 3024 1142 3080 motorium
1166 3043 1231 3080 ora·

154 3109 266 3169 tionem
289 3108 485 3170 sectabantur.
508 3106 647 3182 frequens
670 3117 726 3177 est,
752 3108 808 3164 rid.
832 3109 922 3165 Wolf.
945 3110 982 3165 ad
1005 3110 1077 3166 Tac.
1103 3111 1183 3168 Anu.
1207 3111 1231 3177 I,

158 3196 212 3263 10,
248 3194 350 3253 Senee.
374 3194 410 3249 de
433 3192 535 3252 Const.
560 3195 629 3267 Sap.
657 3194 708 3259 13,
733 3196 766 3261 4,
798 3193 832 3249 de
857 3194 959 3250 Benef.
983 3196 1011 3263 1,
1039 3198 1071 3262 l,
1097 3197 1130 3264 63
1158 3196 1187 3260 Ι,
1212 3196 1229 3251 7

154 3289 230 3336 extr.
275 3277 336 3337 Cir.
360 3277 510 3335 Drakenb.
534 3279 570 3333 ecl
594 3277 658 3334 Liv.
682 3278 738 3344 Ill,
767 3280 813 3344 11,
837 3280 865 3334 2.
1331 3281 1333 3284 ’

242 3365 292 3422 46.
316 3367 373 3420 verr¹
393 3362 515 3437 videndi)
539 3361 588 3421 Sic
611 3363 698 3419 etiam
718 3363 782 3419 Pal.
798 3366 811 3419 1
826 3373 855 3419 et
868 3363 944 3437 Spin.
958 3359 1020 3443 [B],
1043 3363 1231 3438 restituitque

153 3447 263 3516 Gzius3
286 3446 340 3504 cir.
363 3450 451 3505 Tusc.
474 3449 500 3517 Ι,
514 3450 553 3503 44
577 3448 640 3519 (ubi
662 3448 697 3503 de
720 3448 783 3505 cod.
805 3449 901 3506 Paris.
923 3449 1087 3505 Boulrerius
1110 3450 1232 3522 erravit)

151 3544 183 3589 et
207 3531 266 3590 Off.
288 3535 317 3603 Ι,
346 3535 392 3589 13.
437 3532 574 3592 Ceterum
602 3533 742 3589 notabilis
772 3546 816 3590 est
843 3534 890 3590 hie
913 3534 1079 3591 Stoicorum
1109 3544 1232 3591 conatus

105 3631 107 3634 ’
151 3618 285 3675 iustitiae
307 3619 474 3687 notionem,
497 3636 584 3691 quum
608 3618 670 3674 fere
692 3638 710 3673 a
733 3620 873 3675 societate
896 3627 1047 3692 repetunt,
1070 3638 1108 3674 ex
1131 3639 1231 3676 amore

151 3703 290 3760 veritatis
317 3703 452 3772 eruendi,
487 3702 516 3759 in
547 3722 605 3776 quo
634 3703 671 3758 ab
700 3703 758 3759 illis
787 3704 878 3760 initiis
912 3704 1099 3779 progreditur
1127 3704 1230 3762 Cicero

150 3789 217 3844 sive
241 3789 338 3863 potius
361 3788 559 3864 Chrysippus,
589 3807 664 3861 qnae
693 3807 812 3862 prorsus
835 3789 871 3844 ad
894 3789 987 3864 ipsam
1012 3808 1107 3844 rerum
1131 3789 1231 3864 cogni·

150 3873 264 3929 tionem
288 3881 317 3930 et
341 3873 559 3930 meditationem
583 3873 740 3946 pertinent.
775 3873 856 3929 Nihil
881 3874 958 3947 apud
982 3873 1114 3930 Graecos
1134 3874 1230 3930 simile

149 3957 222 4031 legi.
266 3959 348 4014 Initia
371 3969 468 4014 antem
492 3976 567 4031 quae
591 3958 670 4027 dicit,
693 3959 760 4032 ipsa
782 3968 850 4014 sunt
872 3958 952 4013 illius
975 3959 1144 4032 rupiditatis
1168 3959 1229 4014 veri

149 4042 273 4099 videndi
295 4043 471 4119 primordie,
501 4043 647 4116 equibus
670 4044 776 4098 sensim
800 4043 837 4098 ad
861 4043 939 4098 illurn
964 4043 992 4098 in
1016 4044 1130 4118 agendo
1153 4044 1231 4099 veri·

149 4138 245 4184 tatem
269 4127 449 4186 deducimur.
496 4124 582 4206 [Mox
605 4131 734 4183 vitalitium
757 4148 813 4185 om.
838 4129 924 4184 etiam
950 4124 997 4206 B.]

240 4215 324 4269 albim
351 4215 484 4288 quiddam
511 4214 548 4286 et)
572 4213 622 4271 Sic
650 4213 707 4269 iam
736 4215 766 4270 iu
790 4213 854 4268 edd.
879 4213 970 4269 Marsi
993 4223 1022 4269 et
1044 4212 1125 4271 Crat.
1151 4223 1228 4268 recto

150 4297 310 4367 scribitnr3
332 4300 446 4354 ubuum
468 4306 627 4355 annotetur
649 4317 685 4354 ex
707 4310 760 4373 χψ,
785 4299 924 4354 omissum
948 4298 1023 4353 etin
1047 4298 1111 4371 Uro.
1156 4299 1229 4354 For-

148 4382 310 4440 titudinem
335 4382 472 4458 describi,
498 4381 684 4439 menifestum
704 4391 756 4439 est.
791 4381 884 4459 [Nulli
900 4403 952 4458 pro
966 4385 1062 4439 rrauirn'
1077 4383 1165 4439 etiam
1181 4379 1228 4462 Β]

239 4469 289 4524 47.
312 4471 339 4524 iu
361 4470 454 4525 cadem
472 4467 686 4542 pulchritudine)
709 4469 765 4524 hoe
788 4479 840 4525 est.
864 4488 920 4525 uon
946 4468 1041 4537 minus
1065 4469 1228 4534 pulchrum,
