3030 5086
328 446 391 509 tue
720 464 763 507 nu
787 464 917 509 sinnius
941 464 1011 509 riou.

331 630 455 694 uisendi
478 631 648 710 cupiditate
671 631 786 695 incensi
804 648 911 694 ennrcs
929 650 1046 695 eunius.
1090 634 1139 697 st.
1158 633 1231 697 Hoc
1249 630 1335 696 mihi
1353 646 1430 693 curn

329 739 383 795 tuo
402 732 499 796 hatra
516 733 668 795 convenit.
703 738 809 811 Quare
826 732 883 795 hoe
899 733 1065 796 uidendum
1083 744 1139 807 est,
1156 733 1307 815 possitue
1328 728 1429 795 uobis

331 834 389 897 hoe
411 834 490 897 ratio
514 833 770 913 philosophorum
793 834 877 897 tlara
922 832 1089 899 Pollicetur
1111 846 1204 900 certe.
1240 833 1318 897 Nisi
1337 830 1427 896 enim

327 934 360 997 id
379 934 504 1012 haeret,
528 954 583 998 ctu·
600 935 688 998 l'lete
702 938 875 1013 Aegyptum
892 937 1079 1015 peragrarit,
1100 946 1136 1000 ut
1151 956 1172 1000 e
1187 933 1427 1001 sacerdotibus

287 1044 308 1103 5
330 1036 474 1099 barbaris
492 1055 637 1100 uulneres
656 1045 687 1098 et
704 1036 851 1099 caelestia
868 1036 1044 1117 acciperet?
1065 1056 1121 1101 cur
1141 1045 1215 1119 post
1233 1038 1426 1101 'l'arentum

329 1139 370 1201 tul
399 1138 592 1218 Archytam?
621 1157 676 1200 cer
703 1137 743 1201 ad
773 1136 909 1216 reliquos
936 1136 1163 1217 Pythagoreos
1192 1138 1424 1213 Echecrateur,

399 1344 419 1387 1.
441 1338 535 1387 elueush'
552 1367 577 1375 -
601 1339 706 1388 corruenti
725 1340 823 1388 Nouius
841 1356 863 1403 p.
877 1344 922 1387 271
952 1356 1032 1389 suntet
1050 1359 1127 1389 oruuee
1142 1343 1163 1391 ll
1189 1350 1265 1405 etque
1284 1342 1332 1391 hoc
1350 1340 1424 1393 Non.

330 1413 352 1457 3.
372 1407 430 1456 hacc
449 1406 511 1456 ratio
529 1408 575 1455 Lll
611 1412 633 1457 6.
653 1407 688 1455 ad
704 1416 792 1457 ceterae
811 1408 831 1456 C

329 1615 394 1652 nent
418 1597 565 1671 pertinere
589 1598 728 1654 iudicarit
753 1608 782 1653 et
804 1597 926 1670 omisit.)
966 1598 1044 1654 Illud
1067 1599 1181 1665 addant,
1205 1600 1235 1655 in
1261 1600 1323 1655 fine
1349 1616 1426 1655 een·

329 1683 487 1738 tentiorum
510 1683 588 1757 apud
610 1682 780 1741 Ciceronem
804 1682 882 1738 hunc
904 1682 1067 1758 legitimum
1090 1702 1154 1739 osse
1176 1684 1343 1741 verborum
1371 1702 1426 1741 or·

329 1766 442 1823 dinein:
473 1770 636 1824 irretituerula
659 1771 818 1837 acutiora,
847 1785 905 1824 non
929 1768 1019 1824 hunc:
1048 1770 1209 1825 instituenda
1236 1780 1280 1826 eet
1309 1772 1426 1837 oratt'03

329 1850 382 1909 cfr.
408 1856 422 1920 ξ
447 1853 465 1907 8
483 1854 563 1925 factu
586 1856 680 1909 lucretio
702 1863 749 1908 eet.
777 1853 812 1908 15
837 1856 944 1908 inuenta
968 1858 1035 1909 cetae
1058 1856 1099 1909 cia
1122 1864 1170 1923 cot,
1196 1856 1235 1911 46
1255 1872 1425 1929 proymea

330 1940 398 1991 ratio
420 1946 468 1999 cst,
493 1938 580 1993 Tusc.
593 1939 628 1997 V.
643 1940 660 1991 5
677 1940 793 2011 pctcrulu
805 1943 931 1993 correctio
946 1949 994 2005 est,
1022 1940 1057 1993 15
1076 1941 1196 1995 adducta
1218 1943 1348 2013 quaestio
1368 1948 1426 2003 eet,

329 2021 368 2079 N.
394 2021 431 2079 1),
459 2024 504 2089 11,
529 2022 547 2078 3
576 2025 698 2079 detracta
726 2026 812 2078 oreta>
838 2032 885 2079 eet.
930 2020 1006 2099 [cfr.
1031 2024 1168 2080 Wesenh.
1194 2023 1322 2081 Emend.
1347 2022 1421 2083 cic.

332 2105 427 2181 Epist.
453 2107 465 2162 l
490 2106 617 2183 pluth]

416 2192 465 2248 87.
493 2198 585 2259 (tractre
607 2194 655 2249 hoc
680 2194 821 2249 videtulum
843 2201 890 2247 cet.
910 2196 1031 2267 possitue
1053 2193 1126 2249 nodie
1148 2193 1210 2269 hoc)
1231 2193 1325 2251 Prius
1342 2212 1423 2269 pro-

330 2294 452 2345 nornen,
481 2277 559 2350 quod
582 2276 689 2334 Guium
713 2288 744 2333 et
765 2275 909 2333 Orelliuur
932 2276 1068 2340 offendit,
1098 2289 1177 2334 recte
1206 2289 1234 2334 et
1262 2297 1321 2335 suo
1345 2278 1422 2337 loco

329 2360 460 2417 additurn
485 2371 537 2419 est.
562 2371 592 2418 ut
616 2362 653 2431 ei,
677 2363 755 2435 quod
778 2362 949 2420 conveniat.
972 2380 1037 2418 cunr
1062 2363 1189 2437 pondere
1212 2363 1316 2436 aliquo
1339 2382 1419 2421 con-

330 2446 450 2502 trariurn
470 2456 596 2521 ponatur
613 2447 651 2503 id.
671 2447 750 2520 quod
767 2456 933 2520 quaeratur.
967 2448 1002 2503 In
1021 2448 1163 2521 proximis
1181 2448 1291 2522 duplex
1311 2448 1421 2505 forma

329 2531 471 2587 orationis
494 2532 705 2588 condicionalis
731 2532 760 2588 in
784 2550 870 2587 unani
894 2532 1020 2588 condeta
1042 2545 1087 2589 est
1109 2551 1166 2588 non
1189 2551 1313 2607 prorsus
1336 2534 1417 2609 legi·

330 2616 446 2683 thno1u;
470 2635 535 2672 narn
560 2627 611 2673 aut
633 2618 676 2673 sic
698 2617 754 2673 dici
780 2616 894 2673 ridetur·
917 2617 1067 2673 debuisse:
1090 2622 1142 2673 ruisi
1161 2650 1195 2659 υ
1214 2622 1336 2691 jaceret,
1360 2638 1418 2675 eur

328 2701 411 2755 Plato
430 2713 623 2775 perupraccet!
652 2713 703 2757 aut
727 2702 783 2757 sic:
812 2706 865 2757 uici
887 2734 924 2745 -
943 2706 1029 2775 Jhcc't.
1058 2723 1107 2759 cur
1128 2704 1210 2759 Pluto
1228 2709 1418 2777 pereffluunt!

329 2784 403 2843 Ctun
427 2787 554 2860 priorem
569 2788 674 2845 (icero
697 2787 882 2849 instituisset,
907 2788 977 2843 vicit
995 2787 1036 2843 rei
1055 2806 1123 2843 vere
1140 2787 1235 2844 sactae
1253 2789 1415 2863 cogitatio.

329 2870 499 2945 Zeugtnatis
527 2890 642 2945 citroque
665 2872 793 2947 specieru
817 2872 919 2938 hehet,
948 2873 1027 2945 quod
1055 2892 1091 2929 ex
1116 2877 1273 2947 peruprucd
1295 2874 1413 2931 deinde

328 2956 447 3012 auditur
467 2960 605 3031 projectae
627 2968 666 3013 eet
682 2958 844 3029 (durentiae
865 2959 904 3013 cul
922 2958 1090 3031 fta-lepram).
1125 2959 1201 3015 Turn
1219 2969 1321 3015 ‹eteroo
1339 2964 1414 3034 (pro

327 3044 455 3114 reluprec)
478 3060 515 3097 ex
539 3043 583 3098 ed.
606 3042 701 3117 prirna
723 3042 761 3097 ed
783 3043 878 3108 Mun,
904 3042 1021 3108 laurish,
1044 3043 1118 3099 alios
1142 3054 1337 3119 propagatum
1362 3054 1413 3101 est

327 3136 430 3182 contre
449 3127 532 3183 codd.
547 3128 637 3197 (Dav.
651 3136 720 3193 tres,
733 3126 822 3194 01111,
836 3126 913 3183 Gzii.
927 3124 997 3204 [ll])
1015 3137 1044 3183 et
1061 3128 1182 3185 elterenr
1200 3138 1310 3185 sectatu
1324 3138 1412 3186 vete·

326 3229 390 3267 runt
414 3212 584 3269 editiouunr.
631 3212 786 3269 Platonem
815 3212 940 3285 prirntun
969 3213 998 3268 in
1022 3215 1205 3289 Aegyptum,
1236 3213 1346 3271 deinde
1376 3214 1409 3271 in

326 3296 443 3351 Italiaru
470 3297 599 3363 venisse,
623 3297 728 3355 Cicero
751 3296 854 3353 scribit
876 3298 964 3353 etiarn
989 3298 1001 3353 l
1026 3298 1061 3354 de
1085 3299 1120 3354 ll.
1144 3298 1177 3355 P.
1206 3300 1257 3355 16.
1285 3299 1322 3354 de
1347 3318 1411 3373 qua

325 3381 405 3437 enini
429 3401 460 3437 re
483 3401 558 3454 (luae
581 3383 661 3439 varie
685 3402 737 3438 nec
761 3381 925 3439 certissima
947 3383 1003 3438 tide
1026 3401 1043 3438 a
1065 3383 1258 3458 scriptoribus
1280 3384 1407 3441 tradun-

327 3473 383 3533 tur,
408 3476 473 3540 post
496 3467 569 3523 alias
589 3468 707 3540 collegit
720 3467 824 3523 Aetius
847 3468 876 3523 in
900 3468 975 3523 libra
993 3468 1029 3523 de
1047 3468 1108 3524 ritu
1125 3479 1154 3524 ct
1171 3468 1254 3524 libris
1267 3468 1408 3527 Platonis

328 3567 355 3623 p.
377 3552 416 3606 22
435 3570 499 3624 sqq.
544 3552 602 3609 Sed
633 3552 693 3608 illic
722 3562 833 3608 tanturn
863 3553 1026 3628 Archytam
1055 3564 1084 3608 et
1112 3554 1265 3610 'l'iuraeuru
1295 3552 1408 3613 Cicero

325 3646 550 3703 cornrncnrorat3
580 3638 703 3694 Arionis
732 3656 767 3693 ne
791 3656 895 3693 nonren
919 3638 1036 3711 quiden]
1060 3639 1097 3695 ab
1121 3638 1187 3695 aliie
1209 3637 1408 3712 scriptoribus

325 3721 454 3793 ponitur,
478 3721 533 3777 nisi
557 3722 634 3796 (prod
661 3722 797 3778 Valerius
814 3723 895 3780 Max.
912 3723 1030 3785 vuar
1049 3724 1141 3779 ext.3
1164 3743 1182 3780 a
1204 3724 1350 3782 Cicerone
1374 3724 1406 3782 id

325 3806 466 3879 sunrpeit3
490 3806 667 3864 Echecrates
684 3807 843 3871 Phliasius,
862 3808 1076 3883 Pythagoreus,
1095 3808 1199 3884 Euryti
1222 3818 1252 3865 et
1271 3808 1406 3867 Philolai

325 3890 452 3949 auditor.
471 3891 638 3965 appellatur
655 3892 733 3967 apud
746 3892 833 3968 Diog.
847 3893 943 3949 Laert.
958 3894 1103 3961 vitute,
1122 3894 1207 3951 idern.
1228 3904 1256 3950 ut
1275 3893 1406 3959 videtur.

324 3975 374 4047 qui
399 3975 427 4031 in
452 3976 611 4033 Phaedone
630 3977 764 4033 Platonis
786 3978 942 4034 inducitur.
988 3979 1020 4035 ln
1046 3978 1172 4052 epistula
1194 3996 1271 4035 nona
1293 3997 1330 4035 ex
1355 3978 1407 4047 iis,

324 4078 399 4132 quae
429 4061 547 4117 Platoni
576 4063 746 4136 suppositae
774 4073 856 4127 sunt,
887 4050 1059 4119 adulescens
1087 4063 1195 4136 aliquis
1223 4063 1407 4121 Echecrates

324 4144 443 4201 Platoni
466 4147 686 4203 corurueudatue
709 4148 885 4203 nominatur.
919 4148 1313 4215 (111·11111111111111111111111.
1332 4168 1408 4224 pro·

324 4229 432 4299 ferens,
456 4251 472 4286 e
496 4232 573 4306 Spin.
597 4242 627 4287 et
648 4232 716 4289 Bas.
740 4233 813 4289 nihil
837 4233 971 4289 annotari
995 4235 1051 4298 ait3
1075 4232 1153 4291 Gud.
1172 4243 1295 4307 uterque
1308 4234 1407 4292 Attio·

324 4334 396 4383 irent,
429 4317 544 4372 hlanac.
568 4319 713 4391 ilc-thuere.)
747 4315 788 4394 [B
811 4328 843 4373 ut
868 4318 926 4375 Erl.
963 4319 1089 4375 [destitui
1113 4320 1168 4375 hec
1191 4336 1255 4375 curn
1281 4319 1408 4379 Baitero

324 4400 411 4457 etiarn
436 4420 472 4457 ex
497 4402 610 4458 Valerii
633 4403 716 4459 codd.
739 4403 859 4477 optimis
882 4423 935 4478 pra
959 4404 1076 4460 nornine
1096 4403 1221 4461 Graccis
1243 4404 1409 4484 inaudita]
