3030 5086
254 451 318 516 382
645 468 690 513 na
712 466 843 514 nmmos
865 467 937 514 non.

253 633 499 717 proficiscantur,
521 635 561 699 ab
581 635 692 700 iisdem
711 652 838 701 necesse
854 640 903 699 est
918 633 1073 715 proficisci
1088 635 1189 717 ipsam
1206 635 1334 716 sapien·

253 738 339 802 tiam.
374 736 437 802 Sed
458 736 720 818 quemadmodum
738 755 833 817 saepe
848 734 893 815 fit,
915 742 951 800 ut
966 736 1003 815 is,
1026 738 1079 817 qui
1096 737 1334 803 commendatus

254 841 297 904 sit
318 839 419 918 alicui,
441 838 541 918 pluris
563 857 633 903 eum
655 837 759 917 iaciat,
782 838 830 903 cui
852 838 1099 917 commendatus,
1121 857 1216 920 quam
1237 839 1335 916 illum,

253 960 273 1005 a
294 959 356 1021 quo
379 941 429 1018 sit,
452 940 496 1004 sic
512 939 638 1004 minime
654 940 767 1003 mirum
785 949 841 1018 est,
864 939 965 1020 primo
983 958 1041 1004 nos
1058 941 1231 1020 sapientiae
1248 958 1334 1004 com-

215 1042 396 1108 5mendari
424 1041 464 1105 ab
491 1041 587 1106 initiis
610 1048 755 1119 naturae,
785 1051 860 1122 post
887 1051 991 1106 autem
1018 1042 1118 1122 ipsam
1147 1042 1335 1122 sapientiam

254 1142 345 1208 nobis
368 1143 519 1208 cariorem
541 1142 618 1221 fieri,
640 1162 732 1224 quam
749 1143 803 1207 illa
820 1143 891 1222 sint,
915 1142 1065 1224 aquibus
1083 1144 1123 1208 ad
1142 1144 1221 1208 hano
1238 1160 1335 1207 vene-

254 1244 361 1310 rimus.
395 1247 500 1326 Atque
517 1251 552 1308 ut
573 1243 714 1310 membra
735 1245 825 1310 nobis
847 1245 892 1309 ita
913 1245 988 1310 data
1010 1253 1091 1324 sunt,
1113 1252 1149 1310 ut
1170 1246 1210 1310 ad
1233 1262 1334 1326 quau-

256 1346 329 1410 dam
357 1346 509 1411 rationem
538 1346 661 1411 vivendi
688 1347 765 1411 data
792 1364 863 1412 esse
889 1357 1079 1428 appareant,
1107 1347 1151 1411 sio
1179 1345 1335 1427 appetitio

328 1554 347 1597 l.
376 1548 459 1616 [eidem
483 1548 516 1616 A]
581 1555 605 1598 8.
629 1549 704 1598 altari
727 1578 756 1585 —
781 1549 955 1607 commendatur
980 1566 1027 1600 om.
1054 1551 1076 1599 F.
1103 1548 1279 1599 commendatus
1301 1550 1336 1598 rit

256 1617 419 1668 nnmcnor.
457 1624 508 1668 4.a
521 1635 567 1681 quo
580 1619 615 1667 er'c
633 1616 800 1684 mairimelffl
819 1634 836 1666 a
854 1635 899 1680 quo
916 1619 949 1668 ait
965 1618 1187 1668 mririmeLPMCR
1222 1623 1244 1669 ⁶.
1256 1617 1335 1682 ι’ρσαιιι

256 1686 374 1734 aalrmE
411 1690 433 1734 7.
453 1686 643 1735 dataaintER
678 1685 776 1736 8.dote
797 1684 866 1753 [Api

256 1860 332 1918 Nam
356 1859 443 1915 aliter
465 1859 564 1917 officia
585 1860 623 1916 ab
646 1859 738 1916 initiis
761 1868 884 1916 naturae
906 1859 1146 1934 proficiscuntur,
1177 1858 1265 1915 aliter
1286 1876 1334 1915 aa·

256 1945 383 2020 pientia,
413 1945 459 2001 cui
483 1945 571 2000 etiam
594 1944 793 2000 commendari
821 1945 859 2000 ab
887 1944 980 2001 initiis
1008 1955 1131 2001 naturae
1154 1943 1243 2019 paulo
1266 1953 1335 2018 post

256 2030 389 2097 dicimur,
412 2030 491 2103 quod
514 2029 586 2086 satis
609 2029 756 2085 diversum
780 2047 843 2085 esse
868 2030 992 2087 videtur.
1039 2029 1202 2104 Sapientia,
1226 2029 1256 2085 id
1279 2041 1334 2097 est,

255 2112 399 2190 perfectio
422 2133 457 2171 aa
479 2113 616 2181 rationis,
645 2133 721 2187 quae
749 2125 779 2170 et
800 2114 952 2171 scientiam
976 2133 1073 2171 rerum
1097 2125 1126 2170 et
1149 2133 1252 2171 omnes
1274 2113 1334 2171 vir·

256 2208 333 2256 tutes
356 2199 576 2274 complectitur,
605 2200 642 2255 ab
665 2199 751 2256 initio
774 2217 832 2257 non
855 2199 933 2256 inest
954 2200 984 2256 in
1008 2199 1140 2268 homine,
1164 2217 1218 2256 neo
1240 2199 1266 2255 ia
1287 2199 1333 2256 in·

254 2284 426 2359 tellogentia
448 2293 478 2340 et
500 2285 652 2341 voluntate
675 2284 744 2340 boni
769 2293 916 2355 movetur,
945 2285 997 2341 scd
1025 2294 1138 2341 tantum
1166 2284 1264 2341 studio
1287 2284 1334 2340 sui

256 2369 465 2438 conservandi3
482 2370 534 2426 sed
551 2379 649 2426 tamen
661 2387 698 2425 ax
710 2368 762 2425 illa
776 2369 871 2443 prima
882 2370 1089 2427 conciliatione
1101 2370 1232 2426 nescitur
1243 2369 1332 2426 etiam

255 2455 384 2511 studium
404 2454 510 2511 mentis
528 2466 557 2510 et
574 2453 698 2511 rationis
715 2454 894 2510 excolendae
912 2465 943 2511 et
958 2455 1135 2530 cognitionis
1152 2473 1234 2511 emor
1251 2459 1278 2524 (ς
1295 2455 1331 2511 17

256 2553 285 2596 et
313 2541 362 2611 18)
385 2550 414 2595 et
437 2539 537 2595 insunt
558 2539 588 2595 in
610 2538 709 2596 animo
732 2556 800 2604 cum
820 2539 1012 2597 adumbratae
1035 2539 1158 2596 notitiae
1180 2557 1293 2607 rerum,
1316 2557 1334 2596 a

256 2624 363 2699 quibus
385 2625 580 2699 cognoscendi
602 2623 717 2680 initium
742 2624 947 2698 progrediatur
965 2625 1013 2697 (dc
1033 2625 1333 2700 Legg.1,26at27),

255 2720 318 2766 tum
341 2709 522 2783 singularum
546 2709 688 2766 virtutum
712 2708 858 2765 elementa
880 2699 1043 2784 (ἀφορμαί,
1068 2709 1150 2768 Stob.
1173 2709 1237 2766 Ecl.
1262 2708 1331 2766 Eth.

256 2814 284 2870 p.
301 2795 359 2850 108
373 2794 484 2866 Heca).
507 2794 612 2868 Itaque
629 2793 783 2851 rationalis
800 2804 854 2860 est,
874 2804 907 2850 ut
923 2794 966 2850 ait
978 2794 1091 2852 Seneca
1103 2794 1170 2869 (Ep.
1189 2795 1333 2867 121,14),

256 2879 351 2955 prima
379 2878 550 2935 constitutio
578 2878 714 2936 hominis.
758 2879 841 2935 Haec
870 2897 923 2935 nos
951 2878 1035 2935 initia
1063 2879 1225 2954 sapientiae
1254 2897 1333 2936 com·

256 2964 404 3033 mendant,
423 2963 524 3032 idest,
546 2956 650 3020 οἰκειοῑ
663 2964 784 3037 eiusque
802 2965 975 3040 appetentes
992 2964 1114 3021 iaciunt.
1148 2965 1228 3035 (Non
1246 2964 1335 3022 aliter

255 3049 334 3106 huno
355 3048 452 3106 locum
469 3049 602 3106 Ritterus
619 3048 801 3105 intellexisse
819 3049 945 3118 videtur,
969 3043 1048 3108 Hist.
1063 3050 1139 3106 Phil.
1156 3050 1204 3107 III
1218 3070 1247 3125 p.
1262 3050 1334 3119 629,

255 3152 309 3190 nec
332 3145 429 3190 tamen
453 3134 618 3190 accuratius
641 3143 693 3189 aut
715 3133 740 3189 is
763 3144 815 3190 aut
838 3134 914 3190 alius
936 3134 1101 3207 quisquam,
1127 3135 1205 3207 quod
1228 3135 1333 3203 norim,

255 3218 364 3294 attigit.
410 3218 548 3276 Editores
576 3218 648 3274 talia
677 3236 734 3275 non
764 3220 890 3291 curant.)
935 3218 993 3276 Sed
1022 3219 1080 3275 alio
1109 3220 1195 3276 modo
1217 3219 1335 3276 intelle·

255 3314 364 3380 guntur
387 3303 533 3378 principia
554 3313 687 3373 naturae,
711 3321 776 3360 cum
800 3304 837 3359 ab
855 3304 892 3360 iis
909 3301 1005 3359 officia
1023 3304 1170 3378 proticisci
1187 3304 1335 3371 dicuntur,

255 3389 284 3446 id
308 3399 361 3455 ost,
384 3407 432 3444 res
455 3407 517 3459 eae,
540 3407 615 3462 quae
638 3388 751 3463 primae
768 3398 957 3463 appetuntur,
981 3389 1050 3461 quia
1069 3388 1228 3446 secundum
1248 3397 1334 3446 natu·

255 3492 318 3530 ram
341 3482 424 3542 sunt;
447 3472 550 3530 saltem
574 3493 611 3530 ex
634 3473 681 3530 his
704 3491 761 3530 una
784 3483 895 3530 tantum
915 3483 960 3530 cst
976 3473 1029 3530 illa
1045 3474 1140 3549 prima
1157 3474 1335 3550 cognitionis

255 3558 409 3634 appetitio.
445 3558 509 3614 Nec
532 3561 603 3616 haec
626 3559 790 3633 sapientiae
812 3557 957 3634 profectio
979 3559 1016 3615 ab
1039 3559 1131 3616 initiis
1151 3569 1274 3617 naturae
1292 3559 1337 3616 ita

256 3662 321 3700 cum
344 3642 507 3700 officiorum
526 3653 592 3700 ortu
612 3643 728 3699 videtur
745 3644 901 3700 coniuncta
918 3663 992 3711 esse,
1015 3654 1048 3700 ut
1064 3663 1153 3701 causa
1170 3645 1238 3701 hinc
1253 3656 1336 3702 recte
1368 3668 1372 3674 ·

255 3738 406 3803 repetatur
429 3731 511 3799 (arem
533 3761 574 3770 -
592 3730 811 3803 proficiscantur,
834 3732 1020 3804 precesserat).
1148 3722 1152 3728 ’

340 3834 358 3869 a
380 3833 433 3887 qao
455 3818 498 3881 sit,
521 3815 574 3887 aio)
597 3814 684 3887 Quod
707 3811 801 3871 Gaius
824 3832 926 3870 omnes
949 3833 1018 3871 suos
1041 3815 1124 3871 codd.
1148 3825 1199 3870 aut
1222 3818 1260 3871 sic
1282 3825 1336 3871 aut

255 3902 289 3955 sit
306 3899 442 3955 omittere
455 3900 506 3966 ait,
524 3900 613 3956 etiam
627 3899 663 3955 ad
675 3898 805 3972 reliquos
818 3899 959 3973 pertinot;
985 3897 1025 3980 [B
1036 3904 1078 3964 sit,
1096 3920 1153 3957 om.
1165 3903 1213 3967 alc,
1231 3909 1335 3956 contra

255 3986 284 4041 A
303 3993 332 4040 at
349 3980 434 4063 Eril.
474 3984 561 4058 Quod
581 3984 687 4054 editur,
711 3985 823 4059 primus
836 3985 998 4042 Lambinus
1016 3986 1132 4042 videtur
1155 3984 1282 4041 edidisse
1304 3994 1336 4041 et

254 4069 311 4126 fuit
335 4070 363 4126 in
383 4070 447 4126 Pal.
462 4071 490 4126 3.
524 4069 701 4129 Necessario
724 4070 772 4126 hic
794 4070 912 4127 additur
935 4079 977 4132 at,
1000 4071 1025 4127 si
1048 4067 1095 4150 [ut
1116 4069 1174 4126 ieci
1197 4087 1273 4126 nunc
1296 4069 1336 4125 ob

148 4157 158 4178 ⁴
255 4151 299 4233 A]
322 4164 389 4230 post
411 4158 608 4212 corrnuandatas
631 4155 786 4214 omittitur.

342 4242 408 4296 data
431 4260 487 4297 aare
509 4239 674 4315 appareant)
698 4241 767 4298 Iure
790 4241 945 4305 miramur,
969 4258 1021 4295 cur
1043 4240 1084 4296 sic
1107 4240 1163 4296 hoc
1186 4257 1245 4296 uno
1267 4238 1336 4296 loco

256 4323 360 4383 Cicero
389 4325 486 4382 dicore
514 4326 651 4383 maluerit
679 4345 766 4399 quam
795 4336 936 4400 appareat.
983 4325 1042 4383 Sed
1070 4343 1135 4381 cum
1158 4323 1260 4400 negari
1282 4320 1341 4381 ne!

256 4418 354 4483 queat,
377 4410 419 4467 sic
442 4411 585 4469 Senecam
608 4411 679 4467 item
703 4411 793 4467 semel
816 4411 970 4486 scripsisse
982 4411 1031 4482 (de
1042 4412 1132 4468 Prov.
1145 4410 1174 4478 d,
1191 4411 1223 4466 l:
1245 4427 1335 4485 appa·
