3030 5086
443 517 488 561 66
511 516 592 562 usit.
615 516 677 560 cra.
701 516 725 559 11
747 515 819 560 cnr.
845 518 880 564 rr,
902 515 965 575 (ss.)
1181 498 1244 562 237

165 685 305 749 iuratum
333 690 441 749 contra
469 702 539 748 eam
566 681 669 748 iacere
690 701 752 746 non
774 684 906 760 audere,
934 682 991 746 nisi
1020 684 1112 748 aliter
1139 683 1245 747 amicis

167 787 340 851 rideretur.
384 787 560 850 Aderamus
588 803 646 849 nos
675 785 799 866 quidem
822 784 1051 863 adulescentes,
1081 787 1137 850 sed
1159 784 1247 849 multi

167 887 353 970 amplissimi
374 887 442 965 viri,
464 905 596 968 quorum
619 905 709 951 nemo
732 887 854 951 censuit
874 886 945 967 plus
962 887 1077 951 Fadiae
1099 887 1246 964 dandum,

168 1008 264 1072 quam
285 997 396 1071 posset
417 990 459 1054 ad
482 1009 550 1053 earn
572 989 639 1069 lege
657 988 798 1053 Voconia
821 989 993 1069 pervenire.
1038 990 1152 1053 Tenuit
1174 1007 1246 1069 per·

168 1111 317 1174 magnam
335 1091 479 1156 Sextilius
496 1090 710 1169 hereditatem,
733 1091 825 1168 unde,
848 1090 876 1154 si
892 1099 1018 1154 secutus
1037 1099 1122 1154 esset
1139 1108 1247 1154 eorum
1264 1093 1285 1159 5

168 1194 372 1272 sententiam,
400 1193 451 1274 qui
480 1193 613 1258 honesta
642 1199 673 1256 et
695 1198 782 1256 recta
804 1191 1020 1256 emolumentis
1047 1192 1189 1256 omnibus
1217 1197 1249 1255 et

1317 1247 1332 1282 β

161 1466 208 1529 Ν·
240 1397 333 1515 2111εᾶἱίι
343 1405 365 1446 et
382 1395 448 1445 multi
464 1397 510 1445 La
526 1396 571 1446 sed
587 1396 656 1445 etiam
674 1395 742 1444 malti
759 1395 876 1447 PMCOr.
922 1402 944 1446 3.
967 1394 1021 1460 plus
1044 1413 1073 1444 ea
1092 1395 1168 1444 dieL
1194 1394 1248 1459 pius

197 1483 238 1515 rae

171 1665 271 1713 mento
300 1655 373 1731 legis
396 1655 473 1729 apud
498 1654 685 1711 Hauboldum
710 1655 840 1710 Monum.
864 1655 964 1729 Legal.
989 1674 1016 1728 p.
1036 1656 1074 1710 74
1098 1652 1250 1730 [hlomms.

171 1742 261 1816 Corp.
284 1740 379 1797 Inscr.
402 1740 468 1798 Lat.
493 1759 520 1795 n.
547 1741 605 1797 197
630 1759 657 1813 p.
672 1737 736 1815 45].
760 1739 876 1796 etiamsi
899 1739 956 1813 legi
976 1739 1129 1795 Voconiae
1151 1738 1252 1794 addita

171 1826 292 1897 fuisset,
321 1825 403 1882 cuius
426 1825 468 1881 rei
492 1825 520 1880 in
544 1825 608 1899 lege
631 1823 792 1880 factionum
816 1824 1026 1881 certaminibus
1054 1843 1111 1880 non
1140 1823 1252 1899 agitata

160 1930 262 1969 causa
284 1911 365 1967 nulla
388 1919 461 1979 erat,
485 1919 581 1966 tamen
606 1910 656 1965 rix
680 1910 716 1965 ad
739 1910 941 1984 posteritatem
967 1929 1002 1965 ea
1025 1910 1065 1965 ita
1089 1919 1251 1984 propagata

174 2007 260 2065 esset,
283 2007 316 2052 ut
338 2017 356 2053 a
378 1995 525 2051 communi
548 1995 610 2051 iure
633 1995 757 2051 iurando
780 1995 993 2070 seiungeretur.

259 2083 309 2138 sed
336 2081 425 2156 mulir)
449 2080 600 2137 Edebatur
629 2082 678 2135 sed
704 2083 782 2136 ctiam
810 2082 848 2153 (et
875 2099 892 2135 a
915 2080 1049 2137 Manutio
1073 2079 1109 2136 ad
1133 2077 1251 2147 Gaium,

175 2168 224 2243 qui
252 2169 332 2224 etiam
360 2165 512 2222 revocavit
540 2184 577 2220 ex
606 2165 700 2221 tribus
729 2166 803 2235 suis,
838 2165 918 2224 Oxx.
949 2160 1030 2241 Εξχ).
1082 2164 1251 2223 Cedendum

174 2252 231 2311 fuit
253 2251 369 2308 meliori
392 2250 561 2307 auctoritati
583 2248 686 2326 [etiam
710 2252 740 2307 A
763 2260 792 2306 et
814 2248 865 2326 B].

257 2339 332 2412 plue,
355 2356 437 2410 qaam
455 2346 547 2410 posset
569 2337 608 2392 ud
629 2355 687 2391 eum
710 2338 764 2407 lepe
782 2337 895 2391 Voconia
909 2332 1062 2412 perrem're)
1081 2334 1255 2391 Perizonius

175 2423 223 2498 (de
246 2422 311 2498 lege
334 2420 480 2494 Voconia)
503 2431 621 2495 etpost
645 2440 710 2477 eum
733 2420 784 2476 alii
807 2421 863 2477 hoe
885 2421 1094 2477 intellexerunt
1117 2420 1152 2476 de
1175 2430 1256 2475 certa

176 2506 302 2583 quadam
332 2517 468 2575 summa,¹
494 2525 581 2579 quarn
612 2506 677 2582 lege
705 2506 839 2562 Voconia
868 2506 984 2562 licuerit
1012 2505 1138 2562 feminae
1166 2505 1255 2561 relin-

177 2612 278 2669 quere.
324 2591 530 2662 Recentiores,
562 2591 747 2665 maximeque
773 2591 910 2649 Savinius
934 2591 975 2664 (in
999 2591 1116 2665 scriptis
1139 2590 1256 2646 Acade·

177 2679 253 2735 ariae
278 2677 373 2734 Berol.
398 2696 425 2735 a.
443 2678 520 2733 1821
547 2696 574 2751 p.
588 2678 672 2749 229),
695 2685 775 2732 recte
798 2677 958 2751 disputant,
983 2676 1101 2732 omnino
1124 2675 1256 2731 sublatas

176 2762 354 2820 feminarum
387 2763 566 2818 hereditates
600 2781 637 2818 ex
671 2781 771 2817 eorum
806 2761 1005 2817 testamentis.
1040 2761 1089 2833 qui
1123 2762 1187 2835 lege
1222 2778 1257 2815 ea
1288 2797 1289 2800 =

177 2857 357 2905 tenerentur.
402 2847 440 2903 Et
463 2865 548 2918 sane,
583 2848 698 2904 etiarnsi
726 2847 791 2921 lege
820 2847 913 2902 Fadio
941 2846 1073 2902 licuisset
1100 2845 1188 2901 filiam
1219 2863 1256 2900 ex

177 2934 279 3007 aliqua
300 2943 384 3008 parte
407 2933 543 2988 heredem
567 2941 743 2989 testamento
762 2932 938 3004 relinquere,
961 2931 990 2987 id
1008 2931 1063 2986 hoe
1081 2940 1257 2986 testamento

176 3037 237 3075 non
260 3017 381 3087 fecerat,
405 3036 463 3091 quo
482 3014 619 3073 heredem
637 3037 726 3074 unum
746 3017 902 3076 Sextilium
923 3016 1088 3090 scripserat.
1112 3025 1256 3090 rogatum,

177 3113 213 3160 ut
240 3104 277 3159 ad
304 3103 395 3159 filiam
424 3103 522 3159 omnia
550 3103 747 3177 pervenirent.
798 3101 941 3160 Sextilius
974 3101 1064 3175 igitur
1097 3120 1134 3156 ex
1169 3108 1257 3156 testa-

177 3198 280 3245 mento
302 3196 353 3245 aut
375 3188 474 3244 omnia
497 3189 612 3244 tradere
636 3189 762 3243 debebat
784 3196 835 3242 ant
858 3187 930 3242 nihil
954 3187 1034 3242 dare.
1081 3187 1185 3258 Itaque
1204 3184 1258 3243 Sa-

177 3274 278 3331 vinius
306 3273 396 3329 verba
425 3273 577 3331 Ciceronis
605 3274 647 3329 sic
675 3273 833 3347 intellegit,
868 3282 901 3327 ut
928 3281 1012 3346 putet
1038 3271 1132 3346 legem
1162 3272 1258 3328 Voco-

178 3359 260 3415 niam
282 3359 419 3415 universe
443 3359 554 3415 serrari
577 3359 671 3415 iuberi
696 3377 760 3414 cum
786 3357 929 3414 eiusmodi
952 3358 1078 3430 quadam
1102 3357 1259 3413 verborum

179 3444 395 3512 moderatione,
427 3453 460 3499 ut
487 3444 570 3518 qnasi
599 3444 742 3500 incertum
766 3444 963 3517 relinquatur,
988 3442 1119 3516 possitne
1148 3441 1259 3516 aliquid

178 3529 219 3586 ad
235 3529 358 3586 Fadiam
382 3531 546 3605 pervenire,
570 3530 626 3586 etsi
649 3537 759 3584 eertum
777 3528 877 3597 fuerit,
901 3527 975 3583 nihil
992 3528 1146 3601 pervenire
1165 3546 1259 3602 posse.

133 3629 135 3632 ’
178 3615 292 3672 Nescio
314 3625 427 3671 tamen.
455 3633 492 3670 an
516 3615 545 3671 id
569 3614 673 3672 Cicero
697 3615 742 3670 his
765 3613 863 3669 verbis
887 3613 1052 3688 significare
1076 3633 1134 3669 uon
1157 3622 1260 3687 potue·

177 3700 235 3769 rit3
264 3708 293 3756 et
320 3700 447 3757 occurrit
475 3710 628 3774 praeterea
657 3700 745 3756 aliud.
794 3699 958 3754 Praeterita
981 3698 1057 3754 enim
1082 3709 1145 3754 erat
1168 3698 1262 3753 Fadia

179 3785 235 3841 illo
255 3793 438 3841 testamento.
463 3786 541 3858 quod
555 3785 587 3840 *in
607 3785 666 3840 lilia
683 3785 832 3859 praetorio
850 3784 913 3839 inre
930 3802 988 3840 non
1006 3783 1122 3839 licebat.
1156 3784 1261 3855 Itaque

180 3869 277 3927 Fadia
304 3871 333 3926 in
362 3870 513 3926 dirmidium
539 3869 665 3927 Sextilio
696 3888 861 3925 accrescere
885 3870 1002 3925 ridetur
1025 3869 1175 3935 debuisse,
1204 3867 1261 3923 nisi

181 3955 255 4030 quid
282 3955 483 4030 impedimenti
511 3955 596 4011 nobis
624 3955 717 4030 ignoti
740 3955 838 4012 fuerit.
882 3955 927 4011 Ea
950 3972 1017 4029 pars
1040 3953 1181 4009 hactenus
1203 3952 1262 4008 dici

181 4048 300 4116 poterat
321 4041 385 4116 lege
410 4041 544 4098 Voconia
566 4043 603 4098 ad
627 4061 689 4097 earn
715 4041 879 4114 pervenire.
903 4040 991 4112 quod,
1015 4057 1079 4094 curn
1105 4046 1262 4094 testamen·

182 4136 246 4182 tum
269 4126 342 4201 legis
366 4135 395 4181 et
416 4123 488 4181 iur'is
511 4126 626 4182 iurandi
649 4126 791 4201 religione
814 4125 957 4184 Sextilius
980 4134 1124 4186 tueretur,
1154 4133 1262 4190 tamen,

182 4211 249 4286 lege
283 4229 340 4267 uon
374 4212 565 4285 prohibente,
600 4212 677 4267 filiae
711 4212 882 4267 debebatur.
938 4208 1115 4266 Huiusmodi
1149 4208 1263 4282 aliquid

183 4296 366 4372 significasse
390 4297 460 4352 mihi
484 4297 588 4355 Cicero
612 4297 743 4366 videtum
767 4297 817 4352 sed
841 4295 942 4351 timide
965 4295 1037 4349 haec
1060 4294 1188 4369 atting0,
1213 4293 1264 4367 qui

182 4381 258 4438 iuris
290 4381 383 4438 nodos
417 4391 446 4437 et
474 4383 642 4457 aenigmata
674 4401 732 4438 non
766 4381 870 4438 norim.
925 4378 1026 4460 [Nunc
1060 4379 1158 4454 potius
1191 4389 1264 4454 puto

183 4466 326 4536 Fadium,
355 4467 410 4524 etsi
434 4466 591 4526 Sextilium
614 4476 761 4543 rogasset,
792 4474 825 4522 ut
853 4466 952 4522 omnia
980 4465 1017 4521 ad
1045 4464 1136 4521 filiam
1160 4483 1264 4540 perre-
