3030 5086
217 487 291 554 LVI
652 491 855 552 Pnansnnro.

223 677 264 741 ad
297 675 399 756 ipsam
431 671 616 756 philologiae
643 671 844 756 dignitatem,
876 675 1048 755 prudenter
1074 677 1173 756 magis
1200 693 1301 758 quam

225 784 421 862 indulgenter
453 781 575 847 laudari
608 780 754 863 antiquos
787 782 956 864 scriptores
989 790 1021 848 et
1047 783 1188 864 exempla
1216 783 1301 848 bene

225 891 380 958 scribendi
402 891 543 971 proponi.
852 881 856 892 '

313 999 440 1077 Deinde,
458 998 484 1062 si
496 1004 558 1079 qua
569 1005 659 1063 erant
674 998 705 1062 in
718 997 867 1063 orationis
878 997 979 1062 forma
989 1008 1044 1063 aut
1055 998 1219 1064 verborum
1232 998 1300 1080 sig·

226 1105 402 1172 nificatione
413 1111 468 1169 aut
479 1104 611 1170 obscura
629 1112 685 1170 aut
700 1106 802 1170 minus
813 1105 964 1187 vulgaria,
982 1106 1073 1171 etiam
1090 1113 1178 1171 extra
1194 1105 1299 1188 scrip·

227 1222 318 1280 turae
335 1212 560 1278 dubitationem
574 1213 714 1280 studiose
725 1212 882 1292 annotari,
900 1219 931 1278 et
947 1233 985 1277 ex
995 1213 1055 1278 hoc
1071 1232 1185 1296 genere
1195 1214 1302 1279 multa

224 1323 255 1387 in
282 1321 341 1386 hos
363 1320 602 1385 commentarios
624 1321 741 1401 rettuli,
769 1340 849 1402 quae
877 1322 920 1387 ad
941 1321 1098 1387 Ciceronis
1125 1322 1301 1388 aliorumve

224 1429 411 1510 scriptorum
433 1427 517 1493 locos
540 1427 750 1494 emendandos
773 1429 1009 1509 explicandosve
1030 1414 1236 1510 pertinerent,
1263 1429 1301 1495 in

225 1537 356 1602 dicendo
385 1535 582 1615 brevitatem,
613 1542 762 1618 quantum
788 1536 890 1617 potui,
918 1543 1050 1602 secutus.
1094 1537 1301 1602 Alibronrm

227 1645 445 1725 hominumque
462 1644 636 1708 nominibus
652 1644 804 1709 iactandis
821 1651 934 1709 notura
946 1654 1016 1709 mea
1026 1643 1188 1725 abhorret3
1206 1643 1299 1710 testi·

224 1753 331 1818 monia
353 1751 552 1833 rationesque
573 1770 636 1816 non
658 1753 769 1832 opinor
791 1750 1003 1817 desideratum
1025 1751 1073 1816 iri.

311 1858 409 1925 Multo
438 1859 508 1940 plus
536 1859 609 1939 loci,
637 1878 731 1941 quam
753 1859 877 1939 vellem,
905 1859 936 1923 in
964 1860 1191 1926 commentariis
1218 1859 1301 1926 meis

224 1979 356 2050 occupat
387 1967 518 2033 aliorum
552 1965 696 2032 refutatio
729 1973 822 2048 abque
854 1966 946 2031 ctiam
974 1967 1182 2048 reprehensio.
1231 1967 1300 2034 Sed

226 2076 390 2141 scribimus
412 2094 513 2157 neque
535 2073 741 2165 peritis'solis
763 2092 864 2155 neque
885 2074 932 2153 iis,
955 2075 1007 2156 qui
1024 2075 1156 2141 libenter
1171 2082 1204 2141 et
1219 2076 1299 2141 sim-

226 2184 348 2266 pliciter
370 2183 533 2248 veritatem
555 2182 734 2261 admittant,
760 2181 927 2263 potiusque
953 2181 1041 2247 multi
1064 2182 1176 2264 effugia
1197 2201 1299 2266 quaa·

225 2298 299 2357 runt
320 2298 505 2371 veteresque
527 2308 651 2356 errores
679 2289 768 2372 quasi
792 2307 873 2354 nova
894 2289 1020 2356 inventa
1042 2288 1189 2356 referunt
1234 2293 1298 2356 Ac·

124 2430 127 2434 “
224 2400 317 2466 cessit
339 2398 507 2480 singularis
529 2399 683 2480 quaedam
706 2415 801 2463 causa
822 2414 860 2462 ac
881 2398 1060 2463 necessitas.
1096 2399 1191 2464 Dedit
1213 2399 1299 2465 enim

224 2507 298 2573 mihi
326 2507 465 2585 fortuna,
498 2506 562 2585 cui,
594 2507 621 2570 si
648 2524 767 2571 summa
800 2523 851 2570 res
880 2512 1054 2586 spectatur,
1087 2507 1298 2586 succederem,

224 2614 439 2692 Goerenzium,
462 2632 553 2695 quem
575 2633 641 2696 ego,
664 2633 701 2679 ex
724 2632 785 2695 quo
801 2613 936 2694 primum
955 2612 1111 2678 Ciceronis
1133 2615 1173 2678 de
1194 2613 1298 2695 philo·

225 2722 342 2804 sophia·
359 2722 455 2786 libros
477 2721 589 2786 studiis
611 2721 687 2786 meis
709 2721 808 2802 attigi,
830 2720 934 2786 nescio
957 2732 1061 2785 utrum
1082 2721 1214 2786 miratus
1237 2722 1298 2786 sim

224 2831 324 2912 magis
351 2849 391 2894 an
421 2829 599 2911 indignatus
620 2829 725 2910 aliquo
753 2829 833 2893 inter
859 2827 1034 2911 philologos
1060 2828 1126 2894 loco
1154 2828 1297 2894 habitum

225 2957 294 3004 esse
322 2945 353 3004 et
379 2954 461 3002 nunc
482 2955 604 3018 quoque
631 2935 828 3001 anonnullis
851 2935 973 3015 haberi3
1000 2937 1078 3001 adeo
1107 2935 1181 3001 mihi
1210 2944 1297 3002 totus

224 3065 261 3112 ex
290 3045 484 3128 neglegentia
511 3050 543 3108 et
570 3042 764 3122 confusione,
798 3061 835 3108 ex
861 3042 965 3108 Latini
994 3045 1145 3110 sermonis
1173 3063 1299 3110 summa

223 3153 402 3236 ignorantia
424 3158 456 3217 et
476 3150 655 3218 foedissima
677 3152 837 3232 barbaria,
865 3171 902 3216 ex
929 3151 1043 3234 ingenii
1065 3158 1192 3234 torpore
1213 3152 1297 3217 iudi·

223 3261 323 3342 ciique
345 3259 552 3341 perversitate
574 3277 644 3323 cum
666 3256 838 3324 incredibili
860 3260 994 3340 quadam
1017 3259 1171 3326 oblivione
1187 3261 1297 3343 (quam

224 3368 336 3433 Graeci
358 3363 521 3445 μετεωριάν
543 3357 592 3425 καὶ
616 3361 763 3445 detector
785 3367 968 3448 appellant),
991 3367 1124 3450 denique
1147 3386 1185 3432 ex
1206 3386 1297 3433 arro·

225 3476 332 3558 gantia
349 3475 461 3540 nnxtus
478 3474 649 3539 videbatur.
683 3473 758 3556 [Sed
775 3474 922 3556 quoniam
938 3475 1009 3555 plus
1026 3475 1086 3539 iam
1103 3475 1156 3541 illc
1176 3475 1209 3540 in
1225 3465 1297 3542 meo

224 3583 303 3649 libro
323 3582 439 3647 obtinet
455 3581 523 3660 loci,
545 3599 637 3663 quam
655 3581 773 3660 vellem,
796 3582 935 3647 omittam
953 3600 1042 3661 nunc,
1064 3602 1145 3664 quac
1166 3583 1240 3648 olim
1256 3583 1297 3649 de

222 3698 290 3756 tota
306 3690 373 3754 eius
390 3707 487 3772 opera
505 3689 651 3755 universe
667 3689 969 3770 comprehenderam,
986 3708 1173 3772 quamquam
1192 3691 1297 3756 omnia

222 3817 298 3863 vera
321 3805 418 3876 erant,
441 3803 667 3879 contentusque
689 3816 743 3862 ero
765 3803 892 3879 praeter
913 3816 959 3874 eo,
982 3785 1116 3879 quaein
1139 3815 1295 3863 commen·

223 3906 304 3971 tario
334 3905 476 3986 plurimis
502 3904 579 3970 locis
606 3904 711 3969 notavi
739 3923 839 3986 paene
865 3905 1055 3970 incredibilia
1077 3914 1220 3988 peccata,
1247 3906 1296 3988 iis,

221 4033 305 4097 quac
322 4032 419 4094 supra
430 4014 474 4094 (p.
487 4013 561 4077 XVI
572 4013 655 4094 sqq.)
672 4012 711 4077 de
727 4031 789 4077 uno
806 4032 918 4092 genere
936 4013 1148 4095 neglegentiae
1169 4020 1201 4078 et
1221 4032 1295 4095 per·

223 4121 381 4187 versitatis
404 4120 544 4201 exempla
565 4119 682 4202 posui]
728 4119 804 4184 Post
821 4120 1025 4185 Goerenzium
1046 4120 1180 4186 Orellius
1201 4140 1296 4203 prae·

223 4229 302 4295 stitit
313 4228 387 4307 fere,
405 4247 485 4308 quac
496 4227 654 4308 expectari
671 4227 701 4291 in
715 4227 866 4293 eiusmodi
884 4246 957 4292 curo
975 4234 1006 4293 et
1022 4228 1135 4293 tahbus
1147 4229 1296 4295 subsidiis

221 4344 377 4417 poterant,
400 4354 456 4400 nec
474 4354 591 4417 paucos
609 4335 773 4401 Goerenzii
791 4345 885 4416 atque
902 4336 996 4400 ctiam
1018 4326 1147 4401 aliorum
1171 4355 1297 4403 errores

222 4444 332 4509 vitavit
354 4443 524 4524 prudenter
547 4453 578 4508 et
599 4442 746 4522 correxit,
775 4443 927 4524 quaedam
950 4461 1032 4507 nova
1054 4444 1177 4509 addidit
1198 4451 1254 4509 aut
1274 4464 1296 4510 a
