3030 5086
283 455 345 519 236
673 473 718 519 aa
740 445 872 520 ruimus
895 473 966 519 sou.

283 639 399 705 amicos
421 640 466 703 ita
489 639 634 717 deferret,
648 604 692 704 ‘se
714 659 784 706 esse
805 641 951 706 heredem
975 644 1012 721 Q.
1032 641 1130 705 Fadio
1148 641 1248 721 Gallo,
1271 643 1363 707 cuius

282 743 313 807 in
336 749 523 806 testamento
546 743 695 822 scriptum
718 749 815 821 esset,
839 762 873 808 se
895 744 934 807 ab
956 763 993 808 eo
1016 752 1174 825 rogatum,
1202 751 1237 808 ut
1259 744 1364 809 omnis

284 844 445 910 hereditas
472 844 514 907 ad
542 843 636 907 fillam
664 844 850 925 perveniret.
895 846 932 909 Id
956 845 1099 910 Sextilius
1126 842 1241 910 iactum
1265 863 1363 926 nega·

284 947 352 1024 bat;
375 954 500 1027 poterat
521 955 625 1009 autem
647 945 787 1027 impune;
811 947 881 1028 quis
904 947 986 1012 enim
1004 947 1227 1026 redargueret?
1260 947 1363 1011 Nemo

245 1049 265 1114 b
283 1059 425 1113 nostrum
448 1048 601 1124 credebat,
624 1055 753 1128 eratque
771 1049 836 1113 reri
853 1049 992 1126 similius,
1014 1047 1096 1112 hunc
1118 1049 1250 1127 mentiri,
1272 1047 1363 1113 cuius

283 1151 464 1227 interesset,
487 1168 579 1230 quam
601 1149 702 1226 illum,
725 1150 831 1230 quiid
854 1169 887 1214 se
910 1169 1039 1230 rogasse
1062 1150 1252 1231 scripsisset,
1276 1145 1363 1231 quod

284 1253 445 1317 debuisset
472 1269 592 1331 rogare.
636 1251 784 1316 Addebat
810 1251 918 1331 etiam,
948 1271 981 1317 se
1009 1253 1040 1316 in
1068 1251 1166 1332 legem
1190 1252 1363 1317 Voconiam

357 1461 376 1504 l.
404 1455 504 1504 derencle
531 1455 552 1502 F,
604 1457 680 1506 Fabio
707 1454 854 1523 [nultius
883 1454 935 1520 {sed
962 1453 1030 1504 inira
1053 1457 1101 1504 ΑΒ
1122 1455 1228 1515 Paene,
1256 1452 1362 1572 Fadius&

285 1530 308 1574 3.
320 1523 439 1586 Jiliurnl'
465 1526 562 1587 sactum
582 1523 691 1574 Sexti]
728 1533 751 1571 t.
774 1521 908 1589 [redarguet
926 1522 975 1590 w]
1016 1530 1037 1571 5.
1056 1523 1115 1572 enim
1134 1527 1190 1588 (pro
1208 1529 1325 1587 nostrum)

285 1595 387 1658 armabat
407 1592 503 1641 PblCll
538 1593 600 1640 hunc
619 1595 640 1641 E
677 1598 697 1639 6⁴
720 1591 745 1639 t'd
762 1594 851 1642 omi]
890 1597 910 1644 7.
928 1610 1025 1656 rogasse
1046 1594 1066 1640 R
1262 1616 1265 1625 =

284 1786 322 1839 ita
345 1783 402 1839 dici
427 1783 557 1849 videtum
586 1780 650 1860 [sed
681 1783 811 1857 ineptum
835 1785 882 1839 iste
905 1801 1081 1857 pronomen,
1110 1790 1249 1855 reeteque
1272 1781 1364 1856 Pluy-

284 1868 397 1944 gersius
418 1869 613 1943 (blnemosyn.
637 1869 693 1933 XI,
717 1887 744 1942 p.
763 1868 832 1938 152)
855 1870 893 1923 ita
915 1868 1004 1923 scribi
1027 1867 1156 1924 voluisse
1175 1864 1318 1943 videtur}

376 1952 408 2020 Q.
439 1953 537 2025 terra)
569 1954 658 2021 „Mss
690 1953 781 2008 nostri
817 1952 864 2008 hic
897 1971 998 2009 omnes
1026 1963 1145 2009 servant
1173 1953 1276 2020 Fabio,
1311 1950 1366 2008 sed

284 2037 362 2096 inira
386 2048 482 2093 tumen
506 2037 639 2113 plerique
663 2038 752 2095 filiurn
779 2048 884 2093 vocant
908 2038 1186 2096 FadiumfGrut.
1212 2037 1291 2096 Oxx.
1316 2037 1366 2094 hie

286 2123 388 2192 Fadio,
423 2122 500 2179 infra
524 2123 597 2198 Uptp
619 2125 710 2196 filiae,
741 2117 783 2191 Εξ
799 2125 872 2191 filim
908 2142 964 2199 mg.
992 2123 1071 2181 Crat.
1106 2135 1136 2179 et
1164 2121 1233 2181 Gaii
1262 2139 1367 2178 omnes

286 2209 408 2274 Fadiae,
438 2208 493 2264 nisi
523 2208 601 2282 quod
625 2206 702 2265 Gud.
728 2210 745 2264 2
771 2208 906 2264 Ilrtr'rlr'ne.
953 2208 1078 2272 Fadius,
1109 2208 1187 2281 quod
1215 2207 1279 2283 lege
1303 2207 1365 2262 Vo-

286 2293 371 2349 conia
394 2293 551 2349 vetabatur
574 2293 736 2363 mulierem,
760 2293 847 2349 etiarn
872 2293 961 2349 filiam
986 2304 1015 2349 et
1038 2293 1163 2353 unicam.
1188 2301 1367 2349 testamento

286 2379 422 2435 heredem
447 2378 609 2447 instituere,
634 2398 703 2435 usus
726 2387 789 2435 erat
812 2397 846 2434 ea
870 2392 941 2447 arte,
966 2397 1041 2452 quae
1065 2390 1125 2435 tum
1150 2388 1268 2453 praeter
1289 2377 1367 2433 alias

286 2464 323 2520 ad
346 2463 513 2519 evitandam
544 2463 637 2538 legem
667 2483 730 2519 earn
760 2464 880 2520 inventa
903 2474 980 2534 erat,
1010 2473 1041 2520 ut
1069 2463 1251 2520 fiduciarium
1280 2462 1368 2518 hera·

287 2548 350 2606 dem
375 2547 551 2617 institueret,
576 2548 625 2621 qui
649 2549 726 2605 filiae
744 2549 822 2605 bona
838 2549 983 2618 redderet,
1007 2549 1094 2623 idque
1112 2567 1176 2605 eum
1195 2566 1214 2603 a
1230 2566 1261 2604 se
1278 2565 1368 2622 roga-

287 2643 358 2699 tunr,
384 2633 523 2707 scriptum
547 2633 717 2707 reliquerat.
764 2633 838 2707 Cogi
862 2633 1005 2692 Sextilius
1028 2653 1085 2690 non
1110 2642 1235 2708 poterat.
1281 2631 1368 2704 Quae

286 2719 377 2776 luerit
399 2737 496 2788 causa,
521 2737 572 2775 cur
590 2719 699 2776 Fadius
722 2719 914 2775 hereditatem
938 2719 1001 2775 siue
1025 2726 1200 2776 testamento
1218 2718 1256 2774 ad
1273 2716 1367 2773 filiam

287 2803 441 2880 pervenire
470 2803 562 2860 nollet
589 2815 640 2860 aut
673 2805 702 2861 id
736 2804 853 2861 efficere
881 2824 940 2860 non
970 2816 1082 2879 posset,
1117 2803 1195 2877 quod
1223 2820 1277 2860 nec
1311 2802 1368 2859 hac

287 2891 350 2965 lega
374 2907 427 2945 nec
451 2888 517 2945 aliis
541 2889 677 2945 universe
701 2890 870 2957 vetabatur,
902 2909 917 2945 e
941 2887 1092 2947 Ciceronis
1115 2888 1283 2945 narratione
1306 2905 1369 2944 nou

286 2983 411 3050 apparet
433 2992 486 3030 nec
509 2975 546 3030 ad
570 2994 633 3031 eam
658 2975 884 3051 intellegendam
904 2975 1006 3048 quaeri
1025 2993 1098 3049 opus
1116 2983 1168 3029 est.
1202 2973 1242 3030 Et
1259 2990 1370 3048 magna

286 3060 315 3117 in
340 3059 394 3115 hac
417 3069 501 3133 parte
525 3059 597 3134 legis
616 3060 777 3129 Voconiae,
802 3079 866 3116 cum
891 3060 953 3117 eius
976 3070 1179 3135 argumentum
1203 3077 1269 3115 cum
1293 3057 1368 3133 legi·

286 3144 422 3202 timarunr
452 3145 647 3202 hereditatum
678 3146 740 3202 iure
769 3156 973 3220 comparatur,
1006 3145 1169 3202 obscuritas
1203 3153 1249 3201 est
1274 3143 1368 3200 etiarn

287 3239 354 3305 post
377 3229 492 3288 Savinii
515 3238 544 3286 at
568 3230 651 3287 Hasii
675 3231 900 3305 disputationes.
935 3231 1016 3303 (Vid.
1039 3230 1122 3287 Rein.
1140 3230 1227 3288 Rom.
1246 3229 1368 3286 Privat-

286 3315 369 3372 recht
392 3334 420 3389 p.
442 3315 501 3370 367
526 3334 589 3389 sqq.
618 3334 750 3390 quosque
779 3316 910 3391 appellat
939 3315 1067 3380 Walter,
1097 3313 1206 3373 Gesch.
1234 3314 1261 3372 d.
1290 3322 1367 3371 rbm.

286 3401 396 3458 Rechts
419 3404 433 3468 ξ
454 3400 538 3472 639.)

372 3484 508 3558 credebat)
533 3484 581 3545 Sic
605 3486 735 3560 (praeter
757 3485 822 3543 Pal.
840 3488 853 3541 1
871 3485 985 3556 ctErl.)
1009 3483 1086 3559 Spir.
1111 3482 1176 3561 [B],
1201 3502 1257 3560 mg.
1271 3482 1367 3550 Crat,
1459 3550 1466 3560 ι

287 3570 370 3628 codd.
396 3571 471 3627 Illor.
495 3580 524 3626 et
548 3570 634 3640 Scal,
660 3571 705 3628 El.
726 3572 753 3636 2,
777 3565 829 3639 Εξ.
876 3570 1016 3627 Restituit
1040 3569 1189 3626 Davisius.

373 3656 514 3720 Addebat,
544 3677 572 3712 se
599 3660 624 3712 in
654 3659 734 3728 lepern
764 3657 903 3713 Voconium
931 3654 1062 3728 iuratum)
1087 3654 1212 3728 Quando
1235 3671 1270 3709 ea
1293 3652 1367 3709 iuris

286 3741 402 3798 iurandi
432 3741 574 3816 religione
598 3741 740 3800 Sextilius
769 3741 906 3797 astrictus
935 3741 987 3803 sit,
1017 3740 1099 3797 cuius
1128 3737 1274 3796 calumnia
1303 3747 1366 3794 tum

285 3844 357 3883 risus
380 3836 438 3886 est,
467 3826 643 3902 interpretes
671 3845 728 3882 non
757 3834 912 3900 quaerunt.
965 3825 1110 3899 Equidem
1139 3824 1213 3880 nihil
1240 3823 1368 3898 reperio,

286 3911 344 3969 nisi
368 3911 524 3970 Sextilium
550 3913 752 3987 magistratum
775 3911 902 3985 gessisse
926 3911 1057 3967 dicamus
1081 3920 1110 3966 et
1133 3920 1193 3967 tum
1217 3907 1368 3965 communi

287 4015 368 4052 more
392 3997 419 4052 in
445 3997 523 4071 leges
547 3997 675 4052 iurasse:
699 4016 734 4052 eo
758 3997 820 4052 iure
844 3996 967 4052 iurando
990 3997 1078 4052 etiam
1099 3994 1264 4053 Voconiam
1287 4002 1366 4050 cete·

287 4100 392 4155 rasquo
421 4081 552 4156 singulas
575 4081 802 4156 comprehensas
824 4100 897 4137 esse.
941 4082 1018 4138 Narn
1042 4080 1199 4154 singularis
1223 4077 1368 4135 eiusmodi

287 4166 409 4235 sanctio,
434 4167 548 4239 qualem
573 4166 740 4241 Appuleius
762 4166 895 4241 agrariae
924 4166 982 4242 legi
1004 4166 1112 4223 adiecit
1135 4165 1277 4240 (Appiam.
1300 4162 1366 4222 civ.

286 4251 317 4315 Ι,
343 4253 397 4319 29,
434 4251 511 4313 I‘lut.
542 4253 617 4309 liar.
644 4254 711 4328 29),
746 4250 778 4309 C.
810 4251 920 4309 Caesar
950 4271 1019 4307 suae
1049 4252 1084 4307 de
1112 4270 1184 4326 agro
1213 4249 1367 4323 Campano

287 4337 358 4410 (vid.
383 4336 440 4393 Dio
464 4336 546 4394 Cass.
570 4337 755 4401 XXXVIII,
781 4338 808 4405 7,
832 4337 911 4393 Plut.
936 4336 1000 4395 Cat.
1026 4337 1097 4393 Min.
1122 4337 1170 4392 32.
1194 4336 1274 4410 App.
1299 4333 1366 4393 Civ.

288 4423 328 4492 11,
346 4423 391 4492 12,
416 4421 478 4481 Cic.
499 4423 535 4479 ad
548 4425 612 4481 Att.
628 4424 668 4493 11,
691 4423 737 4487 18,
756 4422 796 4495 2),
820 4430 849 4478 at
871 4423 953 4479 cuius
977 4422 1144 4497 exemplum
1168 4429 1213 4478 est
1235 4420 1265 4476 in
1288 4419 1369 4495 frag·
