3030 5086
422 513 465 557 ur
489 511 569 558 nan.
592 512 655 556 ma.
679 512 701 557 v
723 511 796 557 cnr.
816 513 890 560 s-r.
906 510 1004 572 (s-a)
1055 585 1065 604 ο
1188 496 1248 558 617

177 681 231 761 qui
253 688 284 744 te
305 681 337 744 id
358 682 462 761 ipsum
485 680 615 760 rogavi?
648 680 737 759 Tum,
761 679 895 759 Quintus
917 689 948 744 et
970 679 1160 759 Pomponius
1182 698 1252 745 cum

177 783 259 846 idem
282 801 317 847 se
338 782 417 846 velle
439 782 599 859 dixissent,
622 781 694 845 Piso
717 799 847 846 exorsus
870 787 931 860 est3
954 782 1041 845 cuius
1065 782 1181 858 oratio,
1203 790 1251 846 at·

179 886 286 962 tende,
315 903 446 964 quaeso,
474 884 587 962 Brute,
615 883 733 948 satisne
754 883 898 948 videatur
919 882 1064 947 Antiochi
1091 883 1253 965 complexa

178 1005 247 1050 esse
270 985 470 1063 senteutiam,
500 1003 594 1064 quam
617 985 687 1064 tibi,
709 984 763 1066 qui
784 983 914 1049 fratrem
937 986 1004 1050 eius
1027 986 1166 1050 Aristum
1188 987 1252 1051 fre·

178 1097 309 1168 quanter
330 1087 478 1165 audieris,
500 1086 634 1150 maxime
655 1087 820 1167 probatam
843 1087 992 1151 existimo.
1269 1087 1291 1154 5

264 1190 318 1253 IV.
341 1189 391 1253 Sic
412 1195 462 1252 est
483 1188 578 1269 igitur
594 1188 724 1253 locutus.
758 1190 786 1252 9.
811 1192 955 1269 Quantus
972 1197 1100 1254 omatus
1117 1191 1148 1254 in
1165 1190 1253 1254 Peri·

178 1291 383 1373 pateticorum
397 1290 559 1370 disciplina
571 1290 619 1354 sit
638 1291 716 1354 satis
729 1298 778 1355 est
794 1310 881 1370 ame,
898 1301 933 1354 ut
948 1291 1130 1356 brevissime
1141 1291 1253 1372 potuit,

177 1393 272 1474 paulo
300 1403 373 1456 ante
396 1393 521 1456 dictum.
565 1392 627 1456 Sed
655 1400 702 1457 est
730 1392 828 1457 forma
857 1393 923 1458 eius
950 1393 1145 1474 disciplinae,
1173 1393 1254 1458 sicut

179 1494 244 1560 iere
266 1502 455 1573 ceterarum,
484 1495 611 1575 triplex:
640 1514 703 1558 una
729 1513 805 1574 pars
833 1502 882 1559 est
903 1503 1049 1572 naturae,
1078 1495 1253 1560 disserendi

178 1597 285 1676 altera,
309 1596 429 1660 vivendi
453 1596 554 1659 tertia.
599 1596 721 1660 Natura
743 1596 788 1661 sic
809 1597 850 1661 ab
871 1597 909 1661 iis
930 1597 1117 1676 investigata
1139 1606 1196 1676 est
1217 1603 1254 1661 ut
1273 1599 1314 1663 lo

169 1700 263 1762 nulla
279 1717 355 1779 pars
373 1697 467 1774 caelo,
490 1698 577 1774 mari,
595 1707 681 1762 terra
692 1700 741 1778 (ut
757 1699 878 1779 poetice
893 1700 1018 1779 loquar)
1030 1699 1254 1780 praetermissa

178 1803 227 1865 sit.
272 1801 353 1879 Quin
377 1802 480 1877 etiam,
503 1817 571 1863 cum
595 1800 634 1862 de
657 1818 761 1864 rerum
783 1800 880 1865 initiis
903 1801 1048 1881 omnique
1069 1801 1185 1864 mundo
1206 1800 1253 1864 lo-

178 1904 240 1967 cuti
263 1910 381 1981 essent,
411 1911 446 1964 ut
472 1901 569 1964 multa
596 1920 657 1964 non
681 1904 772 1966 modo
795 1901 947 1983 probabili
975 1901 1254 1982 argumentatione,

178 2006 235 2069 sed
258 2004 350 2068 etiam
374 2003 551 2067 necessaria
572 2003 860 2068 mathematicorum
884 2004 1004 2067 ratione
1026 2004 1255 2082 concluderent,

179 2108 343 2170 niaximum
367 2105 529 2169 materiam
558 2124 594 2168 ex
617 2105 710 2169 rebus
732 2124 790 2187 per
811 2104 1064 2194 seinvestigatis
1085 2107 1126 2169 ad
1149 2123 1254 2169 rerum
1273 2108 1314 2174 lh

251 2298 271 2343 l.
291 2291 356 2340 estad
373 2291 447 2356 rpsnm
462 2291 483 2339 L
519 2297 542 2342 3,
562 2291 705 2356 complexam
720 2291 765 2340 EC
801 2299 823 2342 ⁴.
834 2294 976 2356 frequenter
993 2291 1098 2341 audieris
1113 2290 1254 2340 Aratum?

179 2367 201 2413 b.
218 2361 354 2425 probotaE
396 2365 417 2409 7.
435 2359 504 2423 potui
521 2359 610 2410 LPCR
646 2364 668 2408 9.
685 2361 766 2423 purE
802 2368 891 2408 natura
902 2360 992 2409 ELPR
1030 2365 1067 2408 10.
1086 2359 1123 2408 lte
1141 2358 1255 2410 uicor.

181 2435 219 2479 15.
237 2446 283 2493 pro
301 2429 365 2477 seL
400 2427 584 2478 remmomL

179 2586 234 2642 hoc
263 2586 327 2660 ipso
356 2585 474 2658 quidem
502 2603 591 2659 opere
613 2585 660 2653 11,
685 2585 724 2641 79
748 2584 803 2657 (Ne
830 2589 857 2640 r'u
884 2587 975 2642 odium
1001 2589 1105 2642 aeru'am
1127 2586 1196 2658 cet.)
1224 2603 1256 2641 ne

178 2670 379 2745 superioribus
402 2668 489 2726 facile
512 2669 632 2744 adiungi
655 2679 762 2744 potest,
785 2681 818 2726 ut
840 2670 977 2726 audiatur
998 2666 1136 2749 retinebo]

257 2759 377 2829 fratrem
399 2758 455 2811 eiua
477 2753 614 2831 Aristum)
637 2753 698 2812 cfr.
712 2755 794 2810 Brut.
808 2755 879 2824 332,
898 2755 992 2812 Acad.
1013 2756 1037 2824 Ι,
1056 2757 1101 2812 12.
1138 2755 1255 2811 Plutar-

177 2842 249 2898 chus
273 2841 386 2896 Brut.2
410 2832 497 2909 otior
519 2827 567 2893 καὶ
590 2825 757 2914 συμβιωτήν
779 2840 856 2896 hunc
879 2841 963 2896 Bruti
986 2838 1077 2897 fuisse
1100 2851 1210 2897 narrat.

264 2925 337 3000 Cap.
351 2926 404 2994 IV,
419 2924 447 2980 9.
472 2934 500 2978 at
523 2923 674 2979 breciam
690 2927 793 2998 potuit)
817 2924 867 2983 Sic
890 2943 943 2999 pro
962 2929 1041 3000 potui
1055 2924 1149 2983 Gaius
1166 2925 1254 2981 etiam

178 3030 193 3066 e
217 3011 295 3086 Spir.
319 3009 389 3087 [B]‚
413 3008 464 3065 sed
484 3012 573 3082 potuit
594 3019 712 3063 enarrat
727 3010 794 3082 fieri
810 3014 911 3083 potuit;
942 3010 1060 3066 auditur
1081 3013 1136 3066 dica'
1157 3028 1172 3065 e
1195 3010 1255 3085 pri·

178 3097 271 3152 mario
284 3096 383 3151 verbo.
417 3094 513 3151 Paulo
531 3103 597 3167 post
615 3092 644 3148 in
663 3093 727 3150 cod.
746 3095 826 3151 arch.
841 3095 898 3151 fuit
915 3105 1024 3162 natura,
1042 3104 1074 3151 ut
1092 3095 1182 3151 estin
1201 3090 1254 3164 ξψ,

177 3181 245 3239 Gaii
270 3181 414 3245 omnibus,
438 3179 515 3253 apud
539 3177 630 3246 Crat,
650 3177 738 3245 vict,
763 3181 851 3242 Man„
875 3179 963 3238 Grut.
998 3180 1122 3236 Naturae
1144 3178 1254 3254 postO

177 3267 281 3323 Lamb.
294 3277 323 3322 et
336 3267 412 3323 Dav.
426 3276 574 3337 tamquam
593 3282 609 3318 e
621 3262 698 3322 CCC
710 3265 753 3335 (at
764 3265 789 3321 is
801 3276 845 3322 est
857 3261 893 3338 ξ),
906 3266 1005 3321 ceteri.
1029 3264 1090 3342 [De
1103 3266 1127 3321 B
1140 3265 1256 3322 dubitat

177 3350 341 3428 Baiterus.]
382 3352 453 3407 Mox
476 3350 510 3405 ab
533 3350 575 3404 hia
592 3347 685 3406 Gaius
708 3368 724 3405 e
748 3350 841 3407 tribus
863 3351 937 3416 suis;
962 3351 1111 3425 praecedit
1133 3354 1190 3407 eius
1212 3353 1253 3407 di-

177 3439 314 3511 scr'plirrue.
340 3435 456 3513 [Verba
472 3445 501 3490 at
515 3438 615 3508 pottice
632 3436 729 3508 loquar
745 3436 782 3491 ab
800 3436 858 3492 alio
871 3436 1000 3510 ascripta
1010 3434 1123 3492 Bahius
1135 3436 1254 3504 iudicat,

178 3522 214 3578 ad
233 3520 294 3579 Cic.
309 3521 399 3596 Legg.
413 3540 441 3594 p.
457 3520 528 3576 451.
563 3519 720 3576 Mirificum
737 3520 819 3576 illum
838 3521 985 3577 bominem
1002 3521 1094 3578 fuisse
1112 3518 1255 3598 oportet]

263 3626 323 3663 com
351 3640 390 3648 -
420 3608 500 3662 locati
525 3615 612 3661 esseut
639 3637 694 3674 -‚
724 3610 869 3662 mactatum
896 3610 1036 3663 materiam
1059 3605 1131 3679 cet.)
1154 3606 1255 3663 Minus

178 3693 332 3768 perspicue
344 3711 405 3748 rem
419 3691 583 3766 siguificare
596 3691 726 3760 videtur3
749 3710 844 3765 neque
861 3693 949 3761 enim,
969 3692 1105 3749 absoluta
1122 3692 1158 3747 de
1176 3690 1255 3746 omui

179 3778 288 3833 mundo
312 3776 523 3851 explicatione,
553 3786 613 3830 tum
638 3775 764 3849 denique
792 3795 839 3833 res
861 3777 996 3834 sensibus
1018 3787 1048 3832 et
1070 3776 1255 3832 animadver-

178 3862 266 3919 tendo
289 3861 499 3936 investigantes
522 3860 675 3916 materiam
698 3861 735 3917 ad
758 3862 857 3918 nescio
874 3881 997 3936 quarum
1015 3861 1139 3918 aliarum
1156 3879 1254 3917 rerum

177 3948 357 4003 occultarum
385 3945 582 4020 cognitionem
611 3945 759 4015 attulisse,
788 3948 839 4003 scd
868 3947 898 4003 in
926 3947 979 4004 illa
1006 3947 1071 4022 ipsa
1098 3947 1135 4002 de
1162 3945 1255 4002 initiis

177 4043 207 4089 et
240 4033 318 4088 omui
353 4031 462 4087 mundo
496 4030 709 4105 disputatione,
744 4050 801 4105 qua
835 4051 882 4088 res
912 4031 1043 4088 occultae
1072 4031 1254 4106 aperiuntur,
1285 4100 1287 4103 Ι

177 4119 229 4174 illa
258 4117 381 4173 materia
408 4116 453 4172 usi
481 4134 546 4172 esse
569 4115 713 4173 videntur.
760 4117 819 4174 Sed
842 4118 913 4174 Piso
940 4117 1065 4191 primum
1088 4115 1254 4191 (usquead

176 4206 373 4275 conscinderent)
407 4202 499 4258 libros
532 4218 597 4267 eos,
628 4193 683 4273 'qui
716 4201 830 4277 physici
859 4202 1060 4276 appellantur,
1093 4201 1254 4278 significat,

176 4290 281 4346 deinde
299 4308 358 4351 eos,
382 4288 432 4362 qui
449 4286 601 4342 historiam
620 4287 782 4342 naturalem
801 4287 993 4343 describendo
1010 4286 1253 4361 complectuntur.

177 4374 261 4451 [Ern.
286 4379 324 4431 ita
346 4385 414 4430 aute
436 4383 466 4429 ut
487 4370 632 4428 excidisse
656 4371 787 4445 putabat,
811 4390 868 4427 non
891 4369 1151 4449 improbabiliter]
1195 4372 1254 4428 aa·

178 4463 245 4515 tione
261 4469 327 4533 post
345 4459 590 4514 irrothemoh'corum
607 4453 648 4532 [B
664 4460 692 4512 in
708 4455 956 4534 achademicorum]
973 4457 1123 4514 exciderat
1139 4457 1168 4514 in
1188 4457 1253 4516 cod.
