3030 5086
211 487 301 553 tum
631 471 637 483 ¹
654 495 854 550 Panararto.

220 673 405 739 Academiae
432 671 555 737 nomine
582 673 804 751 constituerat,
833 672 940 738 Cicero
967 673 1154 754 tripertitam
1184 673 1301 756 dispu-

220 781 370 845 tationem
398 778 486 859 iecit,
518 777 722 862 expositaque
754 780 888 862 primum
916 779 1043 860 Epicuri
1076 782 1202 847 decreta
1237 799 1301 863 op·

221 886 374 971 pugnavit
394 888 462 969 ipse
483 887 515 952 in
538 887 617 953 libro
640 888 776 953 seeundo
799 887 971 953 Stoicorum
992 888 1073 967 telis,
1096 889 1145 954 hic
1166 889 1300 972 quidem

222 1014 259 1062 ex
281 994 374 1060 animi
391 995 546 1060 sententia
562 1013 675 1075 agens;
698 994 810 1060 deinde
822 994 945 1061 Stoicae
962 995 1144 1078 disciphnae
1162 995 1302 1078 opponit

220 1104 252 1168 in
274 1102 354 1169 libro
376 1110 489 1184 quarto
506 1103 651 1169 Antiochi
674 1104 925 1184 disputationem,
948 1103 1070 1169 Stoicos
1092 1122 1205 1186 reapse
1222 1120 1299 1170 cum

220 1209 379 1276 veteribus
395 1211 589 1276 Academicis
608 1217 640 1276 et
655 1211 880 1292 Peripateticis,
902 1209 935 1274 id
958 1216 1015 1290 est,
1038 1228 1107 1276 curn
1129 1230 1168 1277 ea
1189 1212 1299 1277 torma
1403 1220 1406 1227 '

220 1319 425 1397 decretortmr,
451 1338 543 1400 quam
567 1319 738 1384 Antiochus
760 1318 884 1383 illorum
906 1336 976 1384 esse
998 1319 1140 1399 docebat,
1161 1337 1297 1386 consen·

220 1427 288 1505 tire,
310 1432 431 1491 tantum
453 1426 556 1491 verbis
578 1427 646 1491 aliis
669 1427 727 1506 uti;
756 1436 916 1508 postremo
938 1427 970 1491 in
991 1426 1071 1492 lihro
1093 1427 1216 1508 quinto,
1237 1434 1297 1492 ex·

221 1534 334 1615 plicata
351 1532 493 1598 Antiochi
511 1534 683 1616 disciphna,
705 1552 806 1615 pauca
828 1535 981 1616 quaedam
1003 1536 1047 1600 ita
1064 1539 1174 1600 contra
1190 1534 1297 1600 disse-

221 1647 346 1721 runtur,
373 1652 408 1707 ut
429 1640 523 1706 Stoici
546 1642 646 1723 magis
668 1642 727 1707 sihi
749 1649 893 1707 constare
916 1641 1093 1721 videantur,
1115 1642 1164 1707 cui
1186 1651 1296 1707 tamen

219 1747 422 1831 disputationi
448 1767 507 1830 pro
530 1748 682 1814 Antiocho
710 1750 960 1831 respondetur.¹)
1003 1750 1039 1815 In
1066 1748 1125 1815 hac
1152 1746 1296 1830 decomp-

219 1857 303 1922 tione
324 1857 458 1937 primum
480 1863 623 1939 apparet,
644 1856 676 1921 in
698 1856 778 1923 libro
800 1864 913 1939 quarto
936 1863 967 1923 et
989 1857 1097 1938 quinto
1119 1874 1232 1937 magna
1254 1872 1296 1921 ex

219 1972 310 2046 parte
337 1965 464 2030 easdem
497 1984 548 2031 res
581 1965 709 2030 tractari
743 1964 850 2031 ethis
877 1964 965 2046 poni,
998 1965 1132 2047 primurn
1159 1973 1195 2029 ut
1221 1981 1295 2029 cum

219 2071 331 2138 Stoicis
363 2072 440 2137 haec
472 2080 707 2153 comparentur,
741 2072 853 2138 deinde
885 2091 943 2153 per
975 2091 1019 2138 se
1061 2072 1182 2138 Deinde
1213 2071 1296 2137 haec

219 2180 318 2245 omnis
352 2180 432 2245 ratio
465 2179 510 2245 sic
542 2199 561 2245 a
589 2180 736 2246 Cicerone
764 2184 931 2259 tractatur,
964 2189 999 2244 nt
1025 2180 1124 2261 magis
1151 2196 1296 2245 summae

219 2288 393 2354 sententiae
414 2294 609 2368 exponantur
636 2294 668 2352 et
688 2287 879 2369 argumentis
901 2287 1120 2353 concludendis
1147 2286 1228 2352 inter
1257 2304 1294 2352 sa

220 2403 453 2477 comparentur,
480 2414 574 2477 quarn
597 2394 672 2460 illud
694 2400 878 2476 quaeratur,
901 2395 1057 2476 quomodo
1078 2394 1182 2476 prima
1202 2393 1295 2459 initia

220 2502 378 2568 notionum
407 2502 577 2568 ethicorum
609 2503 641 2569 in
675 2502 803 2585 singulis
836 2502 949 2568 scholis
982 2503 1124 2567 oriantur
1156 2508 1188 2568 et
1220 2519 1292 2567 cum

219 2609 347 2692 reliquis
369 2610 502 2675 decretis
531 2612 570 2675 de
592 2610 651 2676 deo
673 2617 705 2675 et
726 2610 841 2675 mundo
863 2610 1059 2675 cohaereant
1103 2610 1149 2673 idn
1172 2627 1234 2690 quo
1256 2606 1295 2672 fit

219 2718 322 2798 etiam,
346 2726 381 2782 ut
402 2718 626 2784 sententiarum
649 2719 696 2783 vis
713 2716 814 2800 ¹atque
835 2718 1012 2799 proprietas
1036 2717 1067 2782 in
1090 2717 1143 2782 illa
1165 2732 1293 2798 compa·

219 2826 338 2890 ratione
370 2843 432 2890 non
466 2825 543 2891 satis
575 2825 855 2905 animadvertatur;
889 2824 974 2891 velut
1004 2826 1037 2890 in
1071 2825 1177 2906 quinto
1211 2823 1293 2888 libro

218 2934 369 2998 Antiocho
403 2933 550 3012 obicitm,
583 2934 777 2998 constantius
805 2932 927 2998 Stoicos
959 2933 1131 3014 sapientem
1167 2950 1293 3014 semper

218 3040 344 3105 beatum
367 3059 436 3106 esse
458 3041 570 3120 dicere,
593 3041 646 3124 qui
668 3041 743 3106 nihil
765 3049 891 3122 praeter
912 3041 1020 3106 vitium
1042 3041 1073 3105 in
1089 3039 1180 3106 malis
1196 3039 1292 3106 relin-

217 3154 324 3229 quant,
347 3154 440 3229 atque
456 3148 487 3212 in
505 3148 563 3213 hac
580 3149 775 3213 constantiae
792 3148 1085 3214 commemoratione
1102 3148 1202 3212 omnis
1218 3165 1292 3212 oon-

217 3255 351 3320 sumitur
373 3255 488 3335 oratio;
517 3255 607 3335 illud,
630 3257 712 3337 quod
735 3265 829 3337 caput
850 3264 931 3333 erat,
959 3274 1020 3320 non
1044 3256 1221 3337 attingitur,
1251 3255 1293 3320 de

217 3363 288 3445 ipsa
314 3361 388 3428 boni
416 3363 555 3442 notione,
582 3382 676 3446 quam
698 3363 793 3428 Stoici
821 3368 917 3428 totam
944 3363 976 3427 in
1003 3361 1158 3428 humanae
1180 3361 1291 3427 volun·

216 3469 291 3535 tatis
313 3468 514 3536 dmdamento
537 3466 771 3551 constituerant,
793 3471 894 3553 deque
916 3469 1027 3536 beatae
1048 3470 1137 3535 vitae.
1172 3469 1291 3535 Verum

216 3578 296 3643 haee
323 3578 437 3658 partim
466 3578 527 3643 ianr
561 3598 581 3644 a
607 3577 821 3659 superioribus
853 3578 955 3643 minus
982 3576 1127 3643 distincte
1154 3576 1291 3658 explica-

216 3685 346 3763 bantur,
374 3685 426 3766 qui
454 3685 630 3750 scholarum
652 3687 791 3764 decreta,
818 3692 853 3750 ut
875 3685 970 3750 semel
996 3693 1088 3749 erant
1109 3685 1291 3766 composita,

217 3793 393 3872 servabant,
418 3791 532 3874 partim
554 3794 594 3858 ah
616 3791 769 3857 Antiocho
792 3791 918 3858 confusa
941 3799 1038 3857 erant.
1082 3793 1193 3875 Itaque
1215 3792 1292 3857 haec

217 3919 237 3964 a
259 3900 421 3979 Cicerone,
450 3901 502 3983 qui
525 3919 582 3966 suo
605 3900 727 3981 ingenio
750 3899 971 3981 philosophari
986 3901 1097 3978 noluit,
1121 3919 1160 3965 ne
1182 3918 1291 3965 severe

246 4201 267 4266 ¹)
285 4204 323 4253 Ad
348 4204 456 4254 eandem
484 4205 591 4254 {ormam
615 4205 735 4267 descripti
761 4209 821 4253 aurat
847 4204 904 4253 tthri
931 4203 962 4252 do
986 4209 1076 4255 natura
1097 4203 1218 4263 deorum,
1242 4202 1289 4252 scd
1381 4208 1389 4218 ·

284 4289 352 4352 quod
378 4289 520 4338 Antiochus
543 4289 610 4338 hano
632 4294 731 4352 partem
756 4289 934 4352 philosophiae
962 4302 1028 4337 novo
1053 4293 1146 4339 vestitu
1170 4301 1222 4337 non
1246 4291 1286 4338 tn·

285 4374 386 4431 durrat,
412 4374 536 4436 Epicurea
560 4380 659 4424 tantum
683 4381 708 4424 et
728 4371 813 4423 Stoica
837 4373 936 4422 decreta
960 4380 1122 4436 exponuntur
1146 4378 1170 4422 at
1189 4373 1287 4422 Acade·

285 4462 352 4508 mica
371 4459 530 4508 dubitatione
549 4462 739 4523 impugnantur.
