3030 5086
468 498 510 542 nr
535 496 615 543 man.
639 497 701 542 nra.
727 498 746 544 v
770 497 842 542 enm
862 498 1049 551 soum-esp
1231 478 1294 544 765

188 659 191 662 ’
217 684 274 728 nee
295 664 393 743 magis
416 666 635 744 expetendam,
663 665 719 728 sed
747 664 847 745 magis
870 665 1052 729 sumendam
1075 672 1119 743 et,
1144 664 1175 728 ‚si
1203 663 1289 745 optio
1331 702 1336 707 -

216 774 307 842 esset,
330 766 502 846 eligendam
525 765 648 843 Metelli,
672 766 782 847 Reguli
805 765 1006 843 reiciendam3
1029 783 1102 847 ego,
1126 784 1218 847 quam
1242 765 1292 830 ille

217 867 473 949 praeponendam
495 874 527 932 et
549 867 647 945 magis
665 868 847 949 eligendam,
872 867 1041 931 beatiorem
1062 867 1141 930 banc
1158 867 1290 947 appello,

149 954 152 960 ’
216 988 273 1034 nee
295 968 357 1032 ullo
380 969 505 1032 minimo
528 978 683 1032 momento
706 968 776 1048 plus
799 967 827 1032 ai
849 968 932 1031 vitae
954 968 1056 1031 tribuo
1075 986 1167 1048 quam
1186 968 1290 1033 Stoici.

216 1072 267 1134 89.
291 1071 373 1149 Quid
396 1071 534 1147 interest,
558 1069 617 1134 nisi
640 1070 723 1150 quod
741 1087 798 1149 ego
816 1088 867 1132 res
891 1079 981 1132 notas
1003 1069 1085 1132 notis
1108 1069 1211 1134 verbis
1234 1072 1330 1151 api>

217 1171 308 1252 pello,
331 1172 374 1234 illi
396 1172 522 1234 nomina
544 1190 625 1235 nova
647 1179 809 1252 quaerunt,
832 1170 944 1250 quibus
966 1171 1048 1235 idem
1070 1171 1196 1234 disant?
1234 1173 1292 1249 Ita,

217 1273 479 1354 quemadmodum
497 1273 528 1336 in
547 1281 659 1338 senatu
675 1290 800 1352 semper
816 1279 865 1335 est
880 1271 1001 1352 aliquia,
1019 1272 1071 1352 qui
1087 1273 1289 1352 interpretem

217 1373 362 1454 postulet,
380 1374 424 1437 sie
441 1373 495 1438 isti
511 1375 599 1438 nobis
616 1392 684 1437 oum
701 1374 873 1455 interprete
890 1373 1037 1459 audiendi
1053 1382 1134 1437 sunt..
1169 1373 1291 1438 Bonum

216 1475 349 1557 appello,
367 1474 517 1555 quidquid
529 1476 699 1538 seeundum
711 1484 856 1538 naturam
867 1482 923 1549 est,
936 1475 1019 1555 qnod
1031 1483 1148 1551 eontra,
1160 1476 1291 1555 malnm;

217 1596 273 1641 nec
295 1594 352 1654 ego
376 1576 474 1653 solus,
496 1577 552 1640 sed
575 1585 609 1639 tu
632 1576 740 1654 etiam,
764 1574 1000 1657 Chrysippam
1023 1573 1109 1654 foro,
1132 1578 1230 1656 domi;
1259 1578 1290 1642 in
1313 1582 1353 1645 10

216 1678 322 1742 schola
349 1677 474 1743 desinis
526 1677 610 1756 Quid
637 1678 734 1759 ergo?
766 1677 857 1741 aliter
886 1676 1041 1754 homines,
1069 1677 1160 1743 aliter
1190 1679 1291 1759 philo-

216 1779 333 1860 sophos
360 1779 444 1860 loqui
472 1788 565 1860 putas
593 1779 762 1859 oportere?
806 1779 921 1858 Quanti
950 1779 1087 1859 quidque
1116 1780 1170 1859 sit,
1200 1780 1291 1844 aliter

286 1954 309 1997 2.
332 1947 445 1997 reiciendi
462 1947 548 2012 Raeti
568 1949 589 1998 C
624 1957 646 1997 et
671 1962 726 2012 tpro
749 1954 802 2011 epoi
824 1950 845 1996 F.
899 1956 921 1998 t.
945 1946 993 1998 ullo
1016 1949 1107 1998 ornabo
1131 1958 1243 1998 promente
1268 1951 1289 1997 E

217 2022 241 2067 6.
259 2016 302 2065 itta
320 2015 442 2081 appellant
461 2018 517 2080 (pro
535 2015 595 2064 idem
612 2016 704 2077 dicant)
723 2018 744 2064 tt
798 2021 820 2067 8,
840 2033 890 2065 cuin
909 2017 1056 2081 interpretem
1073 2017 1117 2066 ΕΡ
1171 2023 1194 2066 9.
1219 2034 1290 2080 quam

216 2087 339 2134 conboE
392 2090 429 2132 lt.
448 2083 531 2144 definis
551 2083 662 2148 tdisfims)
680 2084 770 2134 LPCR
821 2089 858 2134 li.
876 2094 943 2148 putes
962 2084 1051 2135 Lt’cu
1087 2085 1172 2149 quaesti
1187 2085 1289 2149 quidque

216 2153 247 2201 ait
265 2169 322 2202 cum
341 2153 413 2202 uueis
432 2152 474 2201 Or.
496 2151 620 2216 (quicquid
637 2152 669 2214 C)

215 2309 334 2364 reduxit
356 2309 487 2365 ordinem
512 2309 676 2371 verborum,
700 2308 736 2363 de
759 2326 817 2382 quo
835 2309 871 2364 ad
890 2311 914 2378 I,
928 2311 967 2365 57
986 2310 1057 2366 dixi.
1092 2309 1207 2365 Deinde
1225 2327 1290 2365 curn

218 2393 278 2448 Erl.
303 2393 380 2467 Spir.
404 2391 459 2470 [B]
487 2412 533 2449 aree
561 2394 614 2448 ullo
642 2396 746 2448 omnino
774 2404 914 2463 momeot03
943 2394 995 2450 sed
1023 2404 1134 2450 tantam
1158 2395 1292 2468 proprie·

215 2487 307 2534 tatem
324 2477 395 2548 (vid.
407 2478 444 2533 ad
461 2478 519 2543 ΙΙΙ,
534 2479 564 2548 3)
584 2486 701 2551 tamque
718 2485 817 2552 aptam
842 2479 1017 2553 gravitatem
1035 2480 1129 2535 altera
1146 2479 1292 2553 scriptura

218 2563 315 2631 habet,
341 2572 373 2618 ut
390 2562 437 2618 bie
449 2572 501 2618 aaut
516 2562 545 2618 in
561 2563 664 2618 borum
676 2562 799 2618 duorum
817 2571 867 2618 aut
885 2564 1004 2621 omuino
1022 2564 1051 2619 in
1072 2562 1224 2619 meliorum
1244 2582 1292 2620 eo·

217 2647 313 2703 dieum
336 2647 468 2722 principe
488 2647 624 2703 mendum
643 2645 733 2703 fuisse
756 2656 870 2721 putem;
894 2667 982 2722 quam
999 2648 1095 2705 facilis
1114 2649 1292 2722 permutatio

218 2732 265 2799 sit,
289 2733 482 2807 praecedente
506 2731 678 2806 praesertim
701 2751 724 2787 o.
749 2742 880 2805 apparet.

304 2818 353 2872 89.
381 2818 478 2890 quibam
500 2818 571 2872 idem
593 2817 697 2886 dicant)
721 2816 806 2873 Adeo
836 2828 904 2891 apte
931 2818 1060 2873 inanitas
1090 2828 1119 2875 et
1147 2818 1291 2874 inutilitas

218 2901 388 2957 mutationis
400 2901 555 2957 verborum
568 2900 760 2975 significatur,
777 2910 810 2957 nt
821 2902 906 2958 valde
919 2901 1016 2965 mirer,
1033 2903 1110 2959 unde
1127 2903 1157 2959 in
1171 2902 1291 2959 meliore

218 2985 332 3042 familia
349 2985 423 3056 (Erl.
443 2985 488 3063 [et
505 2984 545 3062 B]
563 2997 593 3042 et
615 3004 672 3060 mg.
685 2984 781 3058 Crat.)
798 2986 861 3042 sine
884 2987 954 3053 ulla,
978 3005 1053 3060 quae
1072 2996 1223 3063 appareat,
1247 3006 1292 3043 er·

218 3070 302 3126 randi
324 3088 413 3126 eatrsa
436 3071 595 3127 substituta
617 3070 654 3126 sit
677 3071 779 3144 putida
802 3079 830 3126 et
850 3071 946 3128 inanis
963 3072 1171 3146 appendicula:
1194 3073 1292 3146 quibas

216 3157 264 3211 illa
280 3158 419 3230 appellant
431 3156 493 3211 sive
505 3157 639 3230 appellent
650 3155 705 3224 (sie
717 3156 794 3211 euim
809 3174 865 3230 mg.
877 3147 973 3225 Crat.,'
986 3168 1104 3213 servata
1120 3157 1184 3233 lege
1196 3175 1292 3232 gram

218 3241 334 3309 metica,
353 3239 477 3296 fortasse
495 3239 755 3305 contro'eodieem;
774 3241 824 3296 aad
843 3241 930 3312 etiam
943 3243 1006 3297 illos
1017 3240 1126 3298 iactum
1139 3242 1291 3317 oportuit).

218 3323 319 3402 [Quod
343 3326 396 3381 snb
419 3326 465 3382 his
488 3324 648 3381 involueris
671 3325 762 3381 latere
780 3325 872 3381 videri
890 3326 999 3400 possit:
1022 3328 1119 3399 paribus
1142 3329 1189 3383 illo
1210 3328 1292 3401 (nota

219 3410 310 3465 verba
332 3410 409 3479 loeo)
429 3412 547 3485 pellant,
576 3428 671 3484 neque
699 3418 778 3466 reete
806 3412 854 3466 ida
881 3429 934 3485 pro
958 3421 1045 3467 uetera
1068 3411 1175 3468 dicitur
1197 3430 1292 3485 neque

217 3495 403 3553 instrumenti
426 3496 507 3552 notio
530 3496 559 3550 in
582 3496 681 3569 quibus
702 3503 772 3569 apta
794 3493 865 3570 est]
909 3496 1085 3571 Interpretis
1102 3514 1182 3553 usus.
1205 3515 1291 3571 quem

217 3579 289 3635 Piso
311 3588 532 3637 commemorat.
561 3580 590 3635 in
620 3589 723 3637 senatu
754 3579 791 3635 ad
819 3580 933 3656 legatos
956 3581 1088 3638 Graecos
1110 3581 1292 3638 introductos

218 3664 354 3738 pertinet.

303 3753 329 3804 in
357 3751 449 3805 sabelo
476 3751 588 3819 desinis)
612 3748 662 3807 sie
690 3767 706 3804 e
735 3749 884 3806 veteribus
912 3749 996 3806 libris
1024 3751 1200 3820 Lambinus,
1230 3760 1291 3806 tum

218 3833 294 3889 Dav.
319 3853 334 3889 e
358 3835 441 3890 Parr.
468 3838 481 3891 l
508 3834 555 3906 (de
583 3853 642 3908 quo
671 3833 741 3889 mihi
765 3833 838 3890 nihil
860 3837 991 3907 notat-ur)
1015 3848 1044 3892 et
1067 3836 1100 3904 33
1130 3843 1159 3891 et
1187 3835 1291 3891 confir·

220 3929 300 3973 mant
322 3928 381 3975 tres
405 3918 507 3992 optimi
525 3918 602 3977 Gaii.
625 3916 690 3996 [B].
736 3918 804 3975 Non
827 3918 1029 3976 definitionum
1052 3938 1146 3979 usum.
1169 3920 1220 3976 sed
1240 3938 1292 3974 no·

218 4002 328 4058 minum
352 4003 477 4060 aliorum
500 4003 530 4059 in
552 4022 584 4059 re
607 4004 708 4060 eadem
732 4004 803 4060 Piso
826 4004 1023 4079 reprehendit.

304 4091 378 4162 lopni
397 4099 480 4163 putas
501 4096 640 4163 oporteret
675 4087 779 4157 Quanti
799 4090 918 4163 quidque
939 4093 989 4153 sit,
1011 4092 1092 4146 aliter
1113 4090 1186 4146 docti
1206 4098 1230 4145 et
1251 4092 1292 4144 in·

218 4175 305 4238 domi;
338 4176 386 4229 sed
412 4193 471 4229 euin
500 4176 659 4231 eonstiterit.
688 4172 759 4247 cet.)
783 4173 915 4229 Primum
939 4184 1038 4249 putas,
1072 4173 1150 4248 quod
1178 4172 1290 4248 pridem

218 4257 379 4314 Lambinus
403 4259 491 4314 tacite
513 4258 692 4325 restituerat,
717 4257 891 4317 Schuetzius
914 4268 942 4314 et
964 4257 1094 4317 Orellius
1116 4277 1154 4315 ex
1177 4258 1239 4317 Erl.
1263 4268 1293 4314 et.

221 4341 297 4417 Spir.
309 4341 365 4419 [B]
382 4338 584 4418 sumpserunt3
607 4342 666 4399 vid.
689 4342 727 4399 ad
743 4343 784 4405 ΙΙ,
803 4344 852 4400 76.
887 4343 1001 4400 Deinde
1021 4343 1136 4417 reliqua
1153 4343 1195 4400 sie
1213 4343 1292 4400 edidi

220 4428 305 4500 (docti
325 4439 349 4485 et
370 4430 481 4501 indocti)
504 4437 533 4485 et
555 4427 687 4499 distinxi,
710 4438 743 4485 nt
764 4427 878 4503 pridem
893 4428 1054 4486 Lambinus
1070 4427 1191 4499 fecerat,
1214 4428 1294 4486 eodi-
1400 4432 1404 4439 '
