3030 5086
300 470 365 535 270
669 490 734 535 vnn
756 488 887 536 rrrrnus
911 488 983 535 non.

299 655 437 720 futuram
459 657 573 737 putas?
618 657 735 721 Eamne
763 656 916 722 rationem
943 655 1038 735 igitur
1066 674 1210 737 sequere,
1240 676 1304 738 qus
1331 667 1378 724 te·

311 879 313 882 ¹
373 831 393 875 l.
413 833 487 890 putor
510 826 551 883 M,
580 827 750 890 superscripto
773 842 797 886 c:
818 835 887 890 putes
906 827 993 883 ceteri,
1017 825 1060 876 Or.
1101 826 1236 890 1'91'trrrom.
1258 827 1378 879 LPMCR

299 911 401 957 sequare
420 893 606 945 ELPMCROr.
683 909 686 914 ·

299 1033 377 1108 apud
401 1040 503 1108 poetas
526 1042 556 1090 et
578 1044 735 1109 argenteae
758 1033 863 1091 aetatis
886 1033 1044 1109 scriptores
1068 1035 1256 1108 reperiuntur
1278 1036 1379 1109 (imaqo

299 1121 392 1186 nostra
412 1121 546 1191 pronitate
567 1121 619 1188 sai,
643 1121 721 1193 longa
743 1123 787 1176 sui
806 1119 943 1188 absentio,
968 1122 1046 1175 tertio
1064 1129 1145 1194 ports
1167 1122 1211 1177 sui
1231 1122 1314 1194 cet),
1339 1120 1378 1177 ad

300 1202 471 1262 Ciceronem
496 1203 569 1260 nihil
592 1204 755 1280 pertinent,
784 1203 833 1260 sed
858 1222 894 1260 ne
918 1222 952 1260 ea
974 1203 1092 1277 quidem
1115 1222 1180 1261 cum
1203 1223 1302 1262 cossas
1325 1223 1377 1263 no·

299 1289 376 1344 mine
399 1288 485 1344 valde
514 1289 671 1346 coniuncta
698 1299 775 1345 sunt.
821 1288 886 1362 Quo
917 1307 975 1346 uno
1003 1289 1068 1345 loco
1096 1290 1173 1363 apud
1202 1288 1376 1349 Ciceronem

298 1373 328 1429 iu
356 1384 459 1449 aperta
481 1373 695 1448 significatione
718 1374 887 1448 possessiva
909 1378 949 1431 toi
969 1373 1091 1450 legitur,
1120 1375 1158 1431 ad
1181 1375 1263 1431 Fam.
1287 1375 1333 1445 11,
1358 1376 1376 1432 6

299 1468 391 1527 extu,
421 1458 462 1515 ibi
484 1458 589 1517 Cicero
618 1459 680 1515 sinc
704 1458 792 1515 dubio
815 1458 933 1534 scripsit
955 1467 987 1515 ut
1009 1458 1197 1533 saepissime:
1225 1463 1305 1517 unius
1332 1470 1378 1517 tuo

299 1545 402 1610 studio:
433 1541 535 1620 [atque
564 1543 606 1600 ita
629 1543 707 1601 Med.
738 1562 756 1600 a
779 1543 874 1618 prime
896 1542 1010 1620 manu].
1044 1544 1081 1600 In
1104 1545 1149 1602 IV
1172 1544 1260 1604 Catil.
1286 1547 1303 1603 7
1325 1565 1378 1620 pro

299 1631 342 1685 soi
363 1630 504 1701 dt'qudcte,
534 1627 612 1702 quod
641 1628 670 1685 in
695 1629 794 1685 multis
817 1629 900 1685 codd.
925 1639 984 1696 est,
1015 1646 1101 1686 nemo
1124 1629 1270 1704 probavit.
1314 1628 1377 1708 [De

299 1713 443 1788 proximis
467 1713 565 1769 verbis
588 1733 665 1787 quem
687 1716 829 1771 clamorem
851 1723 905 1771 cet.
929 1713 987 1770 vid.
1011 1713 1049 1770 ad
1071 1715 1108 1780 V,
1134 1713 1200 1791 61]

378 1800 504 1871 Jirturom
523 1799 622 1873 patos)
646 1798 713 1856 Non
738 1798 830 1874 magis
859 1799 889 1854 in
918 1799 973 1855 hac
996 1798 1123 1874 simplici
1145 1799 1378 1875 interrogatione

298 1883 334 1939 de
353 1883 461 1940 iudicio
478 1882 600 1939 alterius
617 1884 833 1940 coniunctirnm
847 1882 999 1940 ferendum
1013 1884 1125 1959 putavi,
1145 1903 1232 1958 quam
1246 1884 1379 1942 tulerunt

298 1968 457 2043 prudentes
479 1968 606 2025 editores
630 1969 658 2024 in
682 1977 737 2025 act.
757 1970 771 2025 1
789 1969 818 2025 in
832 1970 918 2025 Verr.
931 1970 986 2026 40:
1014 1967 1073 2037 Quo
1095 1988 1135 2026 me
1157 1970 1266 2026 taudem
1287 1972 1377 2026 calmo

291 2055 356 2127 fore
373 2057 492 2128 putetis?
525 2052 657 2123 Correptiv
673 2073 708 2110 eo
731 2053 881 2124 fidentius,
910 2054 989 2127 quod
1012 2055 1049 2124 V,
1074 2055 1112 2110 89
1136 2054 1214 2111 idem
1238 2054 1376 2111 mendum

298 2138 403 2213 optimi
420 2138 536 2195 codices
554 2138 660 2195 tollunt
677 2147 707 2194 et
724 2157 813 2214 supra
832 2142 846 2208 ξ
861 2140 900 2195 60
918 2139 1110 2211 sustulerunt,
1133 2148 1259 2213 utroque
1276 2148 1375 2196 sutem

298 2223 363 2279 loco
397 2223 558 2279 scribarum
590 2223 729 2281 iudicium
758 2231 890 2298 apparet.
949 2224 1006 2281 Hic
1034 2232 1133 2281 tamen
1162 2225 1230 2281 Bas.
1258 2241 1376 2299 quoque

298 2307 407 2364 codicis
431 2316 578 2364 corrector
596 2319 681 2383 potos
703 2327 793 2383 supra
815 2307 941 2383 scripsit.
986 2307 1079 2366 Gzius
1102 2309 1266 2385 optativum
1289 2327 1375 2366 suum

298 2402 407 2468 crepat.
441 2395 477 2450 In
490 2393 577 2450 Tusc.
591 2394 628 2462 V,
646 2394 702 2450 119
724 2393 862 2451 vitiosum
881 2393 910 2449 in
928 2392 984 2450 hoc
1000 2412 1108 2470 genere
1120 2413 1190 2451 sane
1203 2403 1280 2451 erat:
1301 2393 1377 2463 uoto

298 2479 405 2534 tondeo
427 2479 568 2535 oSocrote
590 2488 614 2535 st
636 2481 750 2536 Platone
770 2482 898 2554 prosectis
917 2479 1085 2554 philosoplis
1100 2481 1258 2554 faciendum
1277 2486 1378 2555 pates?

298 2562 366 2619 Non
380 2562 475 2620 minus
487 2563 626 2621 vitiosum
644 2572 689 2620 est
705 2564 735 2620 in
753 2564 817 2640 ipso
830 2564 930 2632 verbo,
944 2563 1028 2637 ¹quod
1045 2583 1082 2620 ex
1095 2565 1214 2641 optimis
1225 2564 1377 2622 codicibus

297 2648 450 2705 revocavit
461 2648 605 2719 Klotzius,
618 2648 820 2705 crudelitatem
835 2648 1003 2705 criticorum
1012 2646 1165 2707 'accusans
1188 2649 1285 2706 Nemo
1297 2649 1376 2706 enirn

196 2766 198 2770 ι
297 2731 340 2789 sic
363 2734 536 2790 sententiam
561 2733 633 2803 sius,
656 2734 774 2806 quicum
798 2734 937 2808 loquitur,
961 2734 1104 2807 exquirit:
1132 2734 1376 2808 Quidsaciendum

297 2819 391 2874 videet
424 2817 510 2891 Quod
528 2819 662 2875 Moserus
680 2818 812 2894 scripsit:
839 2818 914 2886 Quid
930 2821 1037 2876 taudem
1055 2852 1092 2862 -
1105 2821 1271 2893 faciendum,
1292 2821 1375 2888 uides,

298 2902 360 2958 sine
379 2902 620 2979 interrogatione,
643 2921 738 2977 neque
761 2908 796 2961 sit
817 2903 920 2960 abesse
943 2912 1042 2979 potest
1064 2913 1093 2961 et
1115 2904 1374 2981 interrogationem

297 2987 428 3062 postulat
445 2990 560 3045 taudem.
595 2988 678 3045 Nihil
701 2989 789 3063 plane
811 2988 849 3045 ad
872 2988 947 3044 hanc
969 3007 1031 3045 rem
1049 2989 1177 3064 pertinet
1191 2989 1270 3047 Livii
1292 2989 1376 3048 locus

299 3072 359 3141 lx,
385 3072 440 3142 34,
467 3074 519 3142 12,
550 3072 600 3128 ubi
623 3073 658 3132 P.
684 3072 876 3148 Sempronius
899 3074 1028 3131 secunda
1048 3092 1176 3149 persona
1204 3075 1239 3131 de
1262 3075 1376 3132 incerto

297 3157 430 3214 subiecto
452 3158 545 3214 utitur
568 3154 635 3237 [Gr.
659 3159 725 3216 Lat.
750 3163 765 3227 ξ
790 3155 880 3237 370]:
913 3158 997 3226 Quem
1026 3170 1053 3215 tc
1075 3179 1162 3233 reqcm
1184 3161 1376 3233 somyitr'orum

297 3250 388 3298 crees?
416 3241 479 3315 (Sic
501 3242 780 3319 interpungendum
805 3254 850 3300 est
872 3243 964 3300 enim:
987 3262 1079 3301 creare
1101 3247 1234 3318 audeaut)
1269 3246 1306 3302 Ut
1327 3248 1378 3320 qui

297 3332 394 3401 optimo
416 3331 474 3384 turs
496 3347 544 3384 res
567 3328 670 3385 Romae
691 3338 798 3385 creatus
820 3332 864 3397 sit,
887 3338 1005 3385 creatum
1027 3349 1055 3387 se
1077 3331 1153 3387 dicet.
1198 3329 1262 3402 (Sic
1282 3329 1375 3387 inter·

297 3412 500 3487 pungendum:
523 3412 700 3487 quicumque
717 3421 833 3470 creatus
851 3414 916 3482 erit,
937 3414 1026 3471 simili
1043 3415 1192 3472 calumnie
1207 3424 1315 3484 utetur,
1339 3431 1375 3471 ac

297 3514 374 3553 nunc
397 3497 426 3554 in
449 3516 573 3555 censure
585 3497 751 3571 Claudius.)
789 3497 873 3566 Quen
895 3502 1015 3555 semestri
1030 3501 1175 3569 dictatura,
1199 3519 1276 3573 quem
1292 3501 1374 3556 inter·

297 3601 377 3655 ceptro
399 3586 517 3657 quinque
538 3585 642 3640 dierum
665 3592 812 3641 contentum
827 3585 892 3657 sore
910 3591 1009 3658 potest
1038 3594 1091 3640 cet.
1137 3584 1253 3641 Deinde
1275 3593 1373 3642 autem

297 3667 334 3723 ad
356 3667 506 3725 auditores
529 3676 704 3725 convertens
727 3668 890 3725 orationem
913 3676 991 3725 recte
1011 3668 1096 3726 dicit:
1123 3668 1212 3737 Quom
1234 3672 1280 3726 isti
1299 3671 1375 3727 stoli·

297 3754 346 3808 doe
368 3772 400 3809 oc
422 3755 546 3810 socordes
569 3755 657 3810 videri
677 3756 773 3810 credi
778 3757 822 3810 tis
844 3773 888 3810 eos
911 3761 985 3810 cett

382 3839 488 3894 Euoras
511 3841 639 3895 rationem
661 3842 743 3911 iqttor
764 3837 887 3916 sequere)
910 3839 998 3912 Iqitur
1025 3847 1142 3913 praeter
1166 3839 1226 3895 Erl.
1249 3839 1375 3896 accessit
1476 3888 1479 3893 .

296 3940 312 3977 e
335 3922 411 3980 Pall.
431 3925 455 3993 1,
470 3923 497 3992 3,
523 3919 677 4002 Spir.[B]‚
701 3933 850 3998 receptum
869 3942 886 3980 a
904 3924 1042 3992 Davisio;
1066 3924 1094 3980 in
1119 3924 1164 3988 El.
1178 3925 1206 3992 2,
1230 3919 1272 3992 Εξ
1295 3931 1373 3981 erat:

296 4025 386 4063 eumue
408 4010 489 4079 ἱρέων
511 4011 648 4066 rationem.
695 4006 828 4085 [Sequere
851 4028 905 4084 pro
928 4028 1042 4083 sequare
1064 4027 1140 4064 nunc
1163 4027 1228 4067 cum
1253 4008 1374 4067 Baitero

296 4109 334 4164 ex
357 4093 395 4160 Α,
419 4093 466 4148 cui
489 4093 659 4168 adiungitur
678 4093 739 4151 Ox.
763 4094 802 4162 Ε,
826 4094 939 4168 recepi;
970 4112 1064 4167 neque
1087 4095 1165 4150 enim
1188 4094 1261 4150 haec
1283 4093 1374 4150 inter·

296 4177 410 4252 rogatio
428 4196 464 4234 cx
483 4178 534 4234 illo
552 4178 718 4235 vehementi
735 4197 842 4254 genere
857 4175 913 4247 est,
936 4179 964 4235 in
984 4198 1042 4253 quo
1060 4179 1178 4236 additur
1195 4196 1373 4253 pronomen:

296 4271 323 4318 tu
346 4265 450 4335 delipos
477 4283 510 4320 eo
537 4269 608 4320 omni
630 4266 732 4338 populo
753 4267 852 4320 osnicos
875 4274 933 4321 tuos
956 4274 1010 4320 cet.
1041 4275 1070 4320 et
1098 4264 1144 4321 hic
1173 4264 1262 4339 paulo
1291 4272 1373 4337 post:

296 4348 376 4403 umbo
398 4357 426 4403 tu
441 4349 534 4421 fiuqas
556 4357 620 4417 cet,
644 4348 680 4404 de
703 4367 761 4422 quo
779 4348 854 4405 dixit
868 4349 1035 4405 Wunderus
1052 4349 1089 4405 ad
1107 4357 1181 4406 oret.
1200 4366 1254 4424 pro
1267 4348 1370 4406 Planc.

296 4432 351 4499 403
381 4451 447 4489 nam
477 4433 506 4488 in
536 4451 570 4489 eo
594 4451 664 4489 sane
687 4433 891 4491 coniunctivus
914 4434 1002 4509 longe
1024 4433 1288 4508 frequentiormet,
1319 4450 1373 4490 nec
