3030 5086
488 500 596 547 mnux
616 500 733 547 annun
755 500 799 545 uu
821 498 1010 545 vennocus.
1224 482 1288 549 863

212 671 367 747 Participii
390 680 420 729 et
442 669 620 729 substantivi
642 671 724 729 notio
774 669 965 727 Philodemus
989 668 1151 745 Epicureus
1176 670 1245 728 336.

254 758 400 814 fluctuans
424 758 499 825 6863
535 755 721 832 participium
774 754 968 830 Philosophia
979 756 1059 811 vitae
1078 756 1181 813 beatae
1198 753 1285 811 effec-

254 843 284 899 in
307 841 516 918 interrogando
539 842 615 909 761;
638 859 723 917 prae·
817 840 877 896 trix
902 841 976 909 1163
1007 839 1070 897 eius
1098 840 1204 898 divisio
1232 839 1284 897 tri-

254 927 345 985 sentia
383 928 510 984 activum
550 926 724 984 neutraliter
817 924 926 1000 pertita
948 925 1019 983 483.

253 1013 380 1087 positum
405 1012 464 1069 129
483 1022 512 1068 et
532 1012 607 1081 1983
630 1011 722 1086 parti·
774 1011 910 1068 Phoenica
933 1011 1004 1069 562.

254 1097 361 1171 cipium
391 1096 517 1173 simplex
546 1104 575 1152 et
597 1096 722 1154 ablativi
772 1094 902 1170 Physica
934 1095 1028 1152 virtus
1061 1095 1139 1170 apud
1169 1094 1286 1154 Stoicos

253 1181 380 1239 absoluti
403 1181 531 1256 copulati
556 1181 627 1239 804.
816 1180 887 1239 469.

210 1269 316 1324 Partim
333 1267 420 1324 aliter
431 1264 615 1323 conformato
626 1266 721 1324 altero
772 1265 888 1338 Pinpere
910 1273 939 1321 et
960 1266 1101 1340 depinpere
1124 1266 1195 1324 259.

253 1351 382 1408 membro
406 1351 476 1409 797.
771 1349 926 1407 Pinoteres
949 1350 1022 1408 454.

209 1435 466 1518 Partuslancillae
490 1435 539 1503 30.
771 1434 852 1504 Piso,
875 1435 927 1504 ht,
953 1435 1022 1505 604,
1047 1436 1117 1492 607.

208 1522 313 1577 Panem
337 1521 409 1579 769.
772 1521 861 1592 Plcqc
884 1520 932 1591 (de
954 1520 1087 1595 regione)
1112 1520 1182 1578 156.

208 1605 333 1663 Passiva
356 1617 386 1663 at
408 1605 506 1662 activa
528 1605 623 1663 oratio
646 1606 718 1663 mire
770 1605 886 1660 Plantae
908 1623 966 1661 non
984 1605 1172 1680 appellant-ur
1193 1622 1283 1680 gene·

250 1690 344 1747 mixte
367 1692 438 1748 225.
811 1689 914 1746 raliter
934 1680 973 1745 aci
997 1671 1078 1762 perd
1102 1692 1174 1748 496.

208 1777 325 1832 Paulum
347 1776 454 1851 aliquid
476 1775 546 1832 769.
769 1774 904 1832 Pluralis
926 1782 1039 1831 tantum
1064 1775 1134 1832 593.

206 1859 334 1917 Peccata
345 1858 718 1936 periaapudstoicosoot.
769 1861 838 1916 Plus
867 1879 920 1936 pro
949 1852 1035 1934 napis
1060 1859 1114 1929 153
1140 1862 1207 1936 plue
1229 1862 1280 1918 ali·

207 1944 388 2013 Peducaeus,
413 1946 494 2013 Sex..
519 1947 589 2003 242.
811 1947 879 2019 quid
901 1945 973 2003 770.
1112 1987 1116 1994 .

206 2032 324 2098 Pellere,
347 2032 491 2106 depellere,
515 2031 641 2105 repellere
665 2031 715 2089 72.
768 2029 1093 2106 Plusquamperfectum
1141 2029 1280 2087 coniunc-

205 2117 367 2189 Percqrctio
388 2115 522 2173 absolute
547 2115 617 2172 327.
810 2116 864 2172 tivi
895 2133 949 2190 pro
977 2113 1150 2189 imperfecto
1180 2115 1280 2192 negle-

204 2201 364 2276 Perceptio
388 2202 459 2270 367,
483 2201 554 2258 741.
809 2200 910 2276 gentia
948 2200 1073 2274 quadam
1104 2200 1180 2270 233;
1225 2219 1280 2276 pro

204 2287 347 2361 Perorpere
368 2307 419 2343 usu
443 2285 513 2344 348.
810 2284 941 2366 perlecto
965 2286 1037 2344 728.

204 2371 350 2445 Perfoen'h's
377 2381 402 2428 et
419 2370 626 2446 pereepeditus,
650 2389 715 2446 per-
767 2371 864 2437 Poeni,
887 2370 917 2427 id
940 2381 993 2439 est,
1017 2371 1162 2427 Phoenices
1186 2371 1256 2427 561.

239 2458 335 2528 facilis
358 2466 382 2512 et
403 2457 544 2530 expeditus
563 2457 637 2513 406.
767 2455 936 2512 Polemonis
969 2454 1076 2512 summi
1105 2455 1173 2513 boni
1208 2455 1278 2512 deli·
1338 2461 1340 2468 '

203 2539 370 2597 Perfectum
404 2540 549 2597 coniunct.
586 2548 654 2614 post
686 2550 715 2597 ut
809 2540 881 2596 nitio
905 2540 976 2609 499,
1001 2540 1071 2610 502.

245 2625 322 2694 250;
340 2624 493 2682 indicativi
510 2633 579 2700 post
594 2643 662 2694 curn,
680 2628 713 2695 si,
765 2623 934 2701 Polyaenus
957 2625 1123 2700 Epicureus
1146 2627 1195 2681 46.

243 2709 369 2766 relativa
391 2710 426 2765 de
448 2709 565 2766 actione
587 2709 714 2785 repetita
765 2709 932 2785 Polycratis
954 2710 1060 2767 anulus
1083 2711 1100 2767 7
1105 2709 1154 2768 73.

246 2795 305 2851 679
329 2812 405 2868 sqq.¹
429 2794 507 2861 6833
530 2796 600 2851 455.
765 2793 936 2868 Pompeius,
960 2793 1007 2867 Ω,
1033 2795 1103 2852 235.

93 2951 96 2956 Χ
201 2879 346 2935 Perlibere
363 2897 416 2953 pro
430 2880 517 2936 dicere
528 2877 711 2935 rarissimum
764 2879 869 2935 Ponere
880 2880 897 2935 7
903 2878 951 2948 33;
965 2897 1065 2954 ponere
1077 2879 1188 2935 hurbem
1202 2880 1273 2938 253.

243 2963 321 3039 apud
345 2961 406 3022 Cic.
430 2963 502 3021 162.
764 2962 888 3020 Porcius
912 2963 1030 3021 Licinus
1056 2964 1104 3021 15.

200 3049 465 3123 Peripateticorum
489 3065 611 3104 acumen
635 3047 711 3105 desi·
763 3048 929 3119 Porr07433
947 3048 978 3105 in
991 3048 1191 3106 concludendo
1203 3050 1274 3109 189.

219 3133 377 3191 'denatum
409 3135 487 3202 412,
522 3133 599 3202 780;
643 3150 709 3189 cum
763 3133 941 3190 Posidonius
966 3137 1014 3193 18.

243 3218 431 3275 Academicis
454 3235 613 3276 consensus
634 3219 711 3287 485;
763 3220 857 3287 Posse,
875 3218 973 3289 idest,
991 3238 1077 3294 aequo
1092 3221 1181 3274 animo
1194 3238 1276 3294 posse

242 3305 404 3360 sententiae
422 3304 458 3360 de
470 3304 549 3360 vitae
561 3303 711 3379 degendae
807 3305 884 3373 2573
914 3314 1017 3379 potest,
1048 3303 1077 3360 id
1100 3313 1159 3371 eat,
1185 3315 1276 3378 potest

241 3388 398 3464 generibus
423 3389 497 3458 620;
521 3388 557 3445 de
579 3388 711 3462 corporis
798 3391 863 3461 fieri
878 3390 895 3446 7
900 3390 954 3455 55;
977 3390 1044 3446 nihil
1061 3399 1150 3465 potest
1168 3390 1273 3447 brevius

242 3483 271 3530 et
294 3474 424 3530 externis
443 3473 528 3530 bonis
546 3474 618 3541 417,
638 3474 709 3543 652,
806 3475 877 3531 553.

242 3560 318 3626 749;
346 3559 464 3615 virtutis
492 3558 598 3615 divisio
621 3576 710 3633 quae·
762 3559 837 3629 Pon.
861 3559 891 3615 id
914 3567 966 3626 est.
989 3568 1061 3616 retro
1085 3561 1156 3618 668.
1185 3613 1189 3620 ,

241 3644 306 3700 dam
330 3645 392 3703 484
416 3653 446 3701 et
467 3644 527 3700 alia
545 3644 620 3712 669;
644 3645 709 3702 An·
761 3645 912 3718 Postquam
945 3661 1010 3700 cum
1039 3644 1270 3719 plusquampcri.

241 3729 350 3786 tiochia
366 3729 492 3801 (Stoica)
512 3748 566 3804 pro
585 3728 707 3805 Peripa·
804 3738 832 3785 et
855 3728 987 3804 perfecto
1009 3729 1117 3786 iunctis
1141 3731 1201 3788 807
1206 3773 1212 3785 .

240 3814 337 3871 teticis
352 3814 537 3872 habita413.
550 3815 622 3881 452,
635 3815 707 3883 494,
759 3815 856 3870 Potius
883 3833 965 3888 quarn
999 3825 1066 3889 post
1093 3814 1270 3871 infinitivum

241 3899 311 3966 496,
337 3901 407 3967 666,
431 3899 501 3956 847.
803 3917 868 3955 cum
880 3899 1025 3956 infinitivo
1042 3899 1272 3957 etconiunctivo

197 3984 332 4057 Persequi
352 3993 383 4040 et
400 3987 532 4059 prosequi
554 3984 613 4041 697
619 4028 625 4041 .
804 3987 874 4042 511.

197 4068 327 4138 Persius,
350 4067 394 4133 C..
418 4069 467 4127 20.
759 4069 948 4139 Praesentem,
963 4080 1142 4143 praecantare
1159 4078 1188 4125 et
1202 4087 1272 4126 con·

196 4155 347 4229 Perspicua
369 4153 534 4212 Stoicorum
558 4153 630 4211 491.
801 4154 902 4211 iuncta
925 4154 995 4212 301.

196 4239 292 4296 Pereto
308 4242 404 4312 secere
427 4240 497 4297 323.
759 4239 944 4314 Praepositio
972 4239 1080 4296 omissa
1108 4249 1176 4296 ante
1202 4258 1277 4315 pro·¹

196 4325 348 4398 Perucqcri
369 4334 399 4381 et
415 4327 575 4400 puuuhcri
592 4325 662 4385 162.
801 4344 906 4381 nomen
930 4325 1014 4381 relat.
1039 4325 1089 4397 71,
1109 4325 1163 4396 97;
1186 4343 1269 4401 repa·

195 4409 352 4467 Phaedrus
375 4409 541 4484 Epicureus
562 4410 612 4467 36.
801 4410 856 4467 tita
873 4411 890 4467 7
896 4413 928 4480 6;
951 4410 1112 4486 repetenda
1133 4418 1200 4487 post
1219 4413 1272 4468 nisi
