3030 5086
439 488 484 534 ur
507 488 587 536 unu.
611 489 673 535 nm.
696 489 720 536 11
742 488 815 536 cnr.
838 493 875 543 m.
891 492 1024 555 (ro-ro.)
1204 473 1269 540 215

191 657 257 722 sire
277 675 340 721 nou
363 657 532 729 dolentem,
559 663 596 722 ut
617 658 678 738 hio,
706 659 764 723 sed
785 662 906 740 agendo
928 659 1045 740 aliqttid
1067 658 1267 724 bonsideran·

189 761 271 825 dore
293 777 489 840 quaeramus,
533 761 584 824 42.
608 762 697 839 Quae
718 767 852 841 possunt
870 761 983 826 eadem
1000 767 1112 826 eontra
1129 760 1266 826 Oemea-

189 864 282 928 deum
296 860 371 925 illud
383 879 536 925 summum
547 861 663 926 bouum
675 861 744 942 diei,
761 863 885 944 quodie
898 868 1045 943 nontam,
1063 869 1098 927 ut
1108 862 1268 944 probaret,

190 1120 193 1125 .
263 1086 283 1132 l.
301 1099 348 1132 noa
365 1080 466 1132 dolendo
485 1082 581 1133 Polou
616 1087 639 1135 2.
656 1081 788 1147 pouiutc
826 1083 1020 1137 comedente
1057 1083 1232 1136 Camerino

189 1301 224 1350 ut
250 1300 302 1348 eut
322 1291 441 1364 pendeat
468 1300 520 1347 aut
540 1310 592 1347 uon
614 1291 711 1348 debat.
755 1291 889 1348 Primum
917 1310 971 1366 pro
999 1293 1128 1350 dolentem
1155 1290 1267 1349 factum

188 1387 236 1436 eat
257 1378 385 1443 dolendo,
407 1384 523 1434 retento
543 1378 717 1449 pandentem,
740 1385 774 1433 ut
796 1376 825 1433 in
849 1377 1067 1447 Lambinianie,
1096 1377 1174 1437 Pell.
1199 1377 1267 1434 reli·

189 1464 266 1539 quis,
289 1461 348 1521 Ox.
372 1461 416 1531 U;
438 1461 544 1518 deinde
566 1462 655 1519 etiem
676 1463 820 1536 pandendo
842 1457 951 1538 (Εξχψ,
975 1461 1059 1521 Gud:
1078 1467 1103 1533 1,
1123 1464 1163 1537 2).
1208 1461 1267 1536 Qui

190 1549 314 1606 haberet
343 1548 486 1620 pandendo
519 1578 560 1590 ··-
587 1567 639 1603 rroa
671 1549 814 1618 doleamne,
848 1547 928 1605 solus
961 1547 1036 1605 vidit
1064 1547 1157 1606 Gaius
1186 1547 1267 1619 Bae„

191 1634 295 1692 eodem
317 1651 426 1701 errore,
450 1650 508 1706 quo
531 1632 560 1688 id
583 1632 613 1689 in
637 1632 681 1688 ed.
705 1631 786 1691 Cret.
810 1650 875 1690 esse
899 1632 1022 1707 putarit.

278 1718 327 1775 42.
361 1737 411 1773 non
439 1726 508 1788 tam,
537 1727 566 1775 ut
589 1718 732 1792 probaret)
755 1719 801 1775 De
824 1717 925 1775 eadem
949 1737 981 1774 re
1003 1717 1099 1776 Aoad.
1123 1718 1165 1788 Π,
1193 1717 1266 1776 131:

191 1803 382 1861 Introdueebot
404 1806 482 1860 etiam
508 1803 677 1874 Carneadeo,
700 1823 751 1859 uon
774 1822 827 1878 quo
845 1803 983 1877 probaret,
1005 1805 1055 1860 eed
1075 1813 1105 1859 ut
1126 1815 1268 1879 opponeret

191 1890 304 1955 Stoicis,
337 1907 469 1945 eamrnum
492 1889 587 1945 bonam
609 1908 666 1945 esee
686 1890 751 1963 frui
770 1892 804 1947 ile
825 1889 919 1959 rebar,
949 1907 1020 1963 quae
1038 1892 1146 1964 primae
1168 1899 1267 1946 notura

188 1977 390 2033 conciliavisset.
434 1975 540 2048 Itaque
563 1974 610 2030 bie
632 1993 749 2048 quoque
772 1975 848 2031 Dav.
877 1984 905 2031 ut
933 1992 986 2049 pro
1009 1992 1062 2048 quo
1089 1973 1160 2049 poni
1183 1984 1268 2050 putat

190 2061 222 2118 iu
245 2078 333 2117 cauea
355 2058 512 2116 indicanda
533 2060 620 2133 (quod
640 2063 697 2134 ipre
722 2062 753 2117 id
771 2060 920 2134 probaret).
963 2059 1033 2117 Non
1062 2059 1173 2134 petitur
1199 2079 1267 2136 par·

187 2146 299 2202 riculae
322 2153 442 2213 natura,
473 2162 539 2202 cum
568 2145 739 2220 praesertim
769 2145 917 2202 contraria
943 2144 1003 2201 eint
1029 2155 1159 2206 nontam
1180 2155 1210 2203 at
1238 2154 1266 2202 et

191 2250 274 2305 quom
301 2241 339 2286 ut.
383 2227 460 2307 [cfr.
494 2230 530 2287 ad
554 2231 618 2286 Art.
641 2231 689 2298 11,
714 2229 768 2299 25,
795 2233 826 2287 l:
854 2250 905 2287 uon
933 2249 987 2304 quo
1007 2232 1127 2304 faceret,
1162 2232 1212 2288 eed
1239 2240 1267 2288 ut

183 2313 315 2393 faceret]
360 2316 464 2389 ltaque
492 2315 586 2374 Gziua
613 2316 678 2371 vult
705 2333 783 2373 ease:
812 2333 864 2371 non
892 2325 947 2371 tom
975 2325 1003 2371 ut
1030 2318 1115 2372 aliie
1136 2317 1267 2391 probaret

192 2401 259 2475 (etsi
288 2419 345 2458 uon
374 2400 420 2458 hia
443 2401 541 2457 verbis
564 2400 671 2471 utitur,
705 2400 756 2457 sed
785 2401 827 2457 uti
857 2400 972 2471 debuit,
1002 2400 1027 2457 ei
1056 2400 1127 2475 quid
1149 2399 1266 2458 efficere

191 2487 303 2558 vellet).
336 2486 383 2543 Ne
400 2486 456 2542 hoe
473 2486 591 2559 quidem
609 2484 750 2561 procedit,
773 2504 831 2542 non
851 2486 951 2543 solum·
964 2486 1043 2559 quod
1059 2485 1131 2543 alibi
1149 2505 1266 2562 quoque

188 2570 295 2631 Cicero
323 2571 353 2627 in
376 2572 432 2627 hac
453 2589 485 2627 re
508 2571 601 2646 ipsius
624 2570 786 2644 Carneadis
808 2589 907 2628 veram
931 2579 1057 2627 mentem
1080 2589 1098 2628 a
1120 2572 1267 2629 sententia

189 2656 360 2732 disputandi
378 2674 467 2713 eausa
483 2656 637 2731 proposita
654 2656 810 2731 distinguit
826 2655 932 2729 (Aoad.
950 2656 991 2724 11,
1013 2657 1094 2729 139),
1118 2656 1169 2713 sed
1188 2657 1266 2732 quod

190 2742 258 2798 aliis
280 2742 406 2817 probare
428 2761 493 2798 earn
510 2741 695 2812 sententiam,
717 2740 820 2808 idest,
842 2741 872 2797 in
892 2740 1069 2816 disputando
1087 2741 1266 2817 probabilio-

189 2846 252 2884 rem
285 2836 316 2884 et
348 2827 529 2902 superiorem
563 2825 681 2883 efficere
709 2825 878 2884 Carneadea
904 2844 976 2883 eene
1004 2826 1137 2894 volebat;
1169 2835 1266 2902 ‘neque

187 2912 268 2975 enim
291 2912 378 2969 aliter
393 2920 513 2969 noceret
530 2910 648 2981 Stoicis,
667 2911 848 2987 ‘adversariis
870 2911 941 2970 euie.
975 2912 1081 2986 Itaque
1103 2911 1160 2969 hoe
1176 2911 1268 2988 signi·

190 2997 278 3054 beatu
301 2995 482 3055 Carneadem
505 2996 610 3056 Cicero
633 2996 676 3053 ait
697 2998 745 3065 (de
768 2996 905 3061 Oretll,
921 2998 993 3068 161)
1015 2998 1117 3053 aulbam
1139 3016 1266 3072 umquam

187 3090 219 3139 r'n
234 3085 288 3140 illie
303 3085 360 3138 eurio
377 3082 601 3157 disputationibus
617 3100 672 3138 rem
690 3083 849 3156 defendisse,
869 3101 951 3156 quam
968 3101 1020 3138 nou
1034 3083 1173 3157 proberit;
1196 3101 1267 3160 ergo

191 3168 266 3225 hanc
289 3185 406 3241 quoque
428 3167 495 3224 aliie
518 3167 671 3242 probabat,
694 3166 798 3223 saltem
821 3176 1059 3242 argumentorum
1077 3167 1185 3243 speeie.
1208 3187 1265 3225 non

190 3253 337 3329 probabat
352 3253 416 3327 ipse
433 3253 511 3327 apud
529 3271 570 3310 ae.
605 3251 684 3325 Quid
707 3252 837 3309 dicemus
853 3249 963 3328 igitur?
996 3251 1109 3323 Cicero,
1133 3253 1267 3311 trahente

189 3338 387 3395 membrorum
411 3338 604 3411 aequalitate,
633 3338 663 3394 in
692 3337 790 3412 priore
818 3337 950 3394 membro
978 3337 1094 3395 consilii
1117 3338 1267 3396 notionem

190 3423 287 3481 minue
310 3422 428 3498 proprie
452 3423 603 3479 substituit
626 3440 741 3492 causae,
765 3422 820 3479 hae
836 3421 899 3480 fere
915 3423 1075 3481 sententia:
1098 3443 1150 3480 non
1168 3433 1223 3481 tom
1239 3433 1268 3481 at

190 3509 299 3565 baberet
320 3513 391 3584 lpse,
415 3510 488 3582 quod
506 3509 635 3582 probaret
657 3519 681 3564 et
702 3511 729 3564 in
751 3527 805 3582 quo
826 3499 1013 3582 acquiesceret.
1060 3508 1146 3582 Quod
1169 3517 1267 3566 eutem

191 3593 332 3652 Davisius
360 3593 396 3650 ad
425 3593 505 3650 illem
534 3592 777 3668 significationem
807 3593 968 3667 particulae
996 3603 1026 3650 ut
1054 3592 1266 3651 defendendam

191 3679 318 3737 advocat
333 3678 369 3735 de
386 3679 461 3735 Fato
475 3679 529 3735 35:
551 3698 603 3735 nou
625 3688 654 3735 ut
677 3696 723 3735 eae
744 3698 787 3734 ree
809 3697 921 3736 cerream
944 3683 1071 3754 offerrent
1092 3686 1203 3750 amorio,
1225 3679 1267 3736 ibi

191 3774 220 3821 ut
247 3764 364 3821 modum
388 3763 535 3839 signifieat
563 3783 627 3820 oum
657 3762 802 3820 brevitate
830 3764 930 3839 aliqua
957 3764 1100 3822 orationis
1123 3765 1193 3838 (non
1216 3764 1267 3827 ita,

192 3868 227 3907 eo
244 3868 341 3918 senen,
364 3859 397 3905 ut
413 3867 465 3904 eae
482 3867 529 3905 ree
546 3867 664 3906 eausam
682 3846 788 3905 efferre
806 3852 1006 3923 paterentur);
1030 3847 1097 3929 [cfr.
1115 3848 1197 3907 Orat.
1218 3848 1267 3917 31,

191 3935 265 3993 Hor.
282 3938 319 3992 A.
332 3935 366 3990 Ρ.
381 3930 466 4013 257].
501 3935 550 3990 Ad
568 3934 660 3991 Attio.
685 3934 773 3990 etiarn
794 3934 882 4003 XIV,
904 3937 951 4004 17,
970 3937 990 3992 4
1009 3936 1131 4006 (Eorum
1147 3936 1268 4010 eaeruple

190 4021 239 4077 tibi
258 4022 327 4085 miei,
350 4039 401 4076 nou
423 4030 452 4076 ut
474 4020 657 4088 deliberarem,
680 4021 867 4076 reddendaene
883 4029 969 4077 errent
988 4051 1037 4090 -,
1060 4021 1110 4076 eed
1126 4021 1200 4094 quod
1215 4039 1266 4076 non

188 4105 281 4162 drrbito
303 4107 371 4176 oet.)
393 4105 547 4162 retinenda
569 4114 615 4163 eet
631 4105 747 4161 consilii
765 4104 940 4180 significatio
957 4105 1008 4177 (at,
1031 4106 1127 4162 audite
1144 4115 1190 4161 tea
1207 4124 1266 4162 eeu·

190 4193 281 4256 teatio,
304 4190 499 4264 deliberarem),
523 4191 589 4260 aed,
613 4197 647 4246 ut
668 4208 771 4266 saepe,
795 4189 950 4247 eonsilium
973 4189 1060 4246 simul
1083 4207 1201 4248 caueam
1224 4191 1266 4248 rei

189 4274 330 4332 eontinet.
363 4276 424 4333 Pro
446 4287 588 4351 opponeret
610 4293 675 4332 eum
697 4275 728 4332 in
751 4292 839 4332 unam
862 4285 891 4332 et
908 4274 1031 4333 alteram
1049 4275 1119 4333 edit.
1138 4276 1268 4333 venisset

185 4370 374 4436 opponeretur,
397 4379 499 4417 verum
518 4362 548 4418 in
567 4380 624 4437 mg.
637 4359 718 4420 Crat.
741 4370 771 4418 et
793 4379 809 4416 e
831 4360 895 4418 cod.
918 4361 995 4419 Mor.
1018 4368 1191 4419 annotatum
1214 4368 1267 4418 eet.
