3030 5086
664 499 860 547 1111111111.
1226 487 1301 551 xlx

219 664 322 746 ipsius
345 666 600 732 diiudicatioueur
623 667 699 732 nihii
716 670 887 751 pertineret
903 670 990 748 scire,
1014 680 1164 751 quantum
1182 673 1301 737 erroris

219 774 348 839 veritati
370 775 594 839 admiscuisset.
607 777 636 856 ¹)

308 883 375 947 Iam
398 889 471 947 ante
493 882 699 948 Goerenzium
719 884 751 946 F.
770 883 802 947 C.
822 883 917 960 Alter,
940 902 1008 947 eum
1031 884 1089 948 hos
1109 885 1207 950 libres
1230 905 1298 950 eum

220 988 427 1067 Academicis,
451 990 647 1070 Tusculanis,
669 990 771 1055 libelle
795 993 834 1055 de
856 989 1299 1082 iato'Vindobonaea.1786

220 1097 339 1174 ederet,
361 1097 392 1162 in
415 1098 501 1162 libris
524 1100 563 1163 de
584 1096 698 1162 finibus
715 1104 922 1162 annotaverat
939 1098 1180 1179 discrepantiam
1197 1101 1297 1181 serip-
1329 1149 1332 1157 .

220 1212 313 1269 turae
335 1224 352 1269 e
374 1206 733 1270 codiceViudoboneusi.
778 1206 856 1269 Eam
879 1205 1046 1270 editionem
1070 1224 1130 1269 uon
1153 1206 1218 1270 vidi
1240 1224 1298 1271 nce
1358 1209 1361 1214 '

220 1311 329 1377 ridere
350 1314 471 1391 curavi,
494 1331 563 1377 cum
586 1333 623 1379 ex
645 1314 692 1391 iis,
715 1330 795 1394 quae
817 1311 1009 1377 Goerenzius
1031 1313 1103 1378 iude
1125 1311 1297 1395 transcripl

221 1428 316 1497 serat,
337 1420 547 1502 intellegerem
570 1420 707 1485 codicem
724 1440 761 1483 ex
783 1419 888 1484 infimo
907 1439 1022 1500 genere
1038 1407 1312 1501 interpolatorum¹

220 1545 292 1591 esse
314 1535 345 1592 et
367 1527 508 1592 Alterum
531 1536 689 1593 constaret
716 1529 746 1592 in
778 1527 934 1593 codicibus
962 1525 1157 1592 conferendis
1184 1547 1296 1609 parum

219 1634 401 1714 diligentem
423 1635 528 1700 misse.
602 1643 606 1650 ’
822 1674 823 1677 =

308 1743 341 1806 F.
354 1742 401 1807 W.
414 1746 489 1808 Otto
501 1745 613 1825 11881)
625 1743 761 1808 codicem
780 1741 1067 1823 Guelferbytanum,
1086 1742 1217 1807 antehac
1233 1759 1294 1807 non

219 1848 380 1927 collatum,
410 1852 574 1929 ,maium“,
601 1860 723 1914 tantum
753 1850 801 1922 ,iu
825 1849 1011 1915 difficillimis
1034 1850 1109 1914 iocis
1130 1849 1295 1931 inspexit“,

218 1956 251 2020 iu
276 1958 387 2037 quibus
410 1960 460 2022 vel
480 1958 611 2022 maxime
633 1958 823 2022 removenda
845 1964 918 2021 suut
933 1958 1129 2021 librariorum
1148 1958 1295 2022 recentis·

219 2064 369 2129 simonem
392 2065 536 2141 ludibria.

307 2173 506 2238 Manifestum
529 2182 577 2237 cst
594 2192 632 2237 ex
649 2174 695 2251 iis,
719 2192 799 2253 quae
822 2172 893 2250 dixi,
916 2173 947 2235 in
967 2178 1083 2252 quanta
1099 2172 1295 2253 ignoratione

218 2288 276 2341 aut
297 2279 492 2344 dubitatione
519 2288 575 2344 aut
602 2281 693 2343 etiam
721 2281 752 2344 in
781 2290 897 2359 quanto
925 2297 1032 2343 errore
1054 2280 1089 2351 ii,
1119 2280 1172 2360 qui
1194 2280 1296 2344 adhuc

218 2386 377 2451 codicibus
400 2388 448 2450 usi
470 2395 555 2465 sunt,
585 2406 692 2451 eomrm
721 2387 908 2468 scripturam
937 2386 1040 2450 multis
1063 2386 1138 2450 locis
1161 2387 1294 2468 relique·

220 2494 292 2571 rint,
314 2512 351 2557 ac
373 2513 473 2576 prope
495 2495 594 2574 magis
617 2495 768 2558 bonorum
791 2513 883 2574 qnam
907 2494 1068 2571 maiorum,
1093 2513 1224 2574 quorum
1247 2500 1293 2559 te-

218 2601 397 2665 stimouium
419 2602 524 2683 aliquo
547 2603 639 2666 modo
658 2620 695 2665 ex
713 2602 941 2665 Oxouieusibus
959 2603 1102 2682 cognosci
1120 2609 1252 2682 poterat
1264 2601 1295 2683 1)

216 2709 331 2789 ltaque
352 2708 423 2773 huic
445 2710 526 2774 malo
549 2718 622 2774 ante
644 2710 748 2773 omnia
770 2709 1014 2773 subveniendum
1036 2717 1113 2773 erat.

306 2818 370 2898 §2
404 2818 478 2897 Ipse
500 2817 595 2897 igitur
616 2818 760 2898 primum,
783 2819 866 2897 quod
890 2817 979 2897 quasi
996 2816 1229 2880 fundamentum
1247 2823 1296 2881 est

218 2922 312 2988 huius
332 2924 486 3000 editionis,
505 2944 580 2989 usus
598 2944 666 2989 sum
684 2924 847 3004 scripturis
865 2924 978 2987 codicis
991 2921 1191 3004 Erloopcasr's
1206 2930 1295 2988 tanta

218 3030 389 3112 diligentia,
407 3033 458 3097 rix
476 3044 511 3097 ut
523 3034 623 3096 maior
634 3032 737 3113 optari
752 3031 899 3112 potuerit,
917 3033 1059 3105 enotatis,
1077 3042 1207 3111 rogante
1224 3050 1295 3095 mea

216 3155 314 3202 causa
332 3139 542 3218 Doederiiuio,
565 3140 605 3204 ab
625 3140 748 3220 optimis
764 3138 936 3215 iuuenibus
961 3138 1099 3203 Sertorio
1122 3145 1153 3202 et
1169 3138 1292 3202 Fritzio.

217 3248 347 3309 Omnem
365 3247 445 3310 euim
464 3248 511 3311 vei
529 3247 686 3311 minimam
704 3236 955 3327 discrepantiam,
978 3254 1126 3310 annotate
1145 3248 1248 3325 etiam,
1265 3247 1290 3310 sl

218 3353 293 3434 quid
316 3361 385 3418 erat
405 3355 437 3417 iu
459 3354 651 3434 compendiis
674 3354 776 3431 dubii,
801 3363 1023 3435 expresserunt
1044 3355 1075 3416 iu
1100 3355 1239 3435 margine
1262 3362 1294 3418 et

216 3461 298 3525 inter
321 3481 429 3527 versus
453 3461 583 3541 exempli
602 3462 992 3543 Nobbiani(iips.18·28).
1027 3461 1104 3524 Eam
1123 3480 1179 3542 ego
1197 3461 1291 3525 colla-

217 3569 331 3632 tionem
354 3577 452 3633 totam
476 3577 594 3650 quauta
615 3569 703 3649 potui
726 3570 860 3633 maxima
877 3588 952 3632 cura
974 3569 1005 3631 iu
1026 3570 1105 3632 lianc
1124 3568 1290 3633 editionem

216 3677 371 3754 transtuli,
389 3687 424 3740 ut
433 3676 590 3741 iudicandi
603 3679 711 3741 eadem
724 3677 844 3754 ceteris,
862 3676 1037 3757 quaemihi,
1055 3676 1186 3740 facultas
1199 3683 1290 3740 esset.

216 3784 352 3847 Tantum
374 3803 420 3860 ea,
443 3803 522 3864 quae
541 3786 581 3848 ad
606 3802 714 3848 vocum
733 3785 966 3848 scribendarum
984 3785 1135 3847 rationem
1153 3783 1290 3864 pertiue-

244 4023 547 4081 ι),1111111111111111111111111
572 4030 624 4078 est,
653 4028 677 4072 iu
704 4037 754 4085 qno
778 4029 890 4072 erratum
911 4023 973 4074 ridi.
1006 4023 1095 4079 ,binos
1120 4021 1194 4070 iiloa“
1220 4023 1287 4083 apud

285 4111 455 4158 Goercnaium
475 4109 525 4158 dici
547 4108 596 4158 Eri.
617 4114 640 4155 et
660 4110 734 4170 Spin,
756 4107 861 4166 ,1111101ιι
883 4109 946 4156 duos
967 4107 1096 4169 quoslibet
1114 4105 1287 4169 11111,1,111.).

285 4192 432 4255 Elegantius
451 4194 500 4242 boc
521 4196 605 4242 risum
625 4199 664 4242 cst
682 4206 758 4255 quam
779 4202 847 4242 recte
867 4194 931 4242 duos
951 4192 1043 4240 dicere.

242 4276 265 4340 ι1)
284 4277 439 4340 Saepissime
464 4277 589 4335 Oreiiina,
615 4292 674 4326 cum
699 4281 775 4326 ctiam
800 4280 829 4326 nd
856 4279 954 4325 tiruteri
983 4283 1056 4325 netas
1079 4285 1104 4325 et
1127 4277 1286 4325 oxonienses

284 4367 371 4413 minua
390 4365 544 4420 attenderet,
570 4377 599 4412 ex
618 4376 669 4411 una
688 4363 798 4412 editione
820 4363 922 4411 Victorii
941 4365 1085 4419 cruentavit,
1111 4363 1178 4423 quod
1198 4365 1242 4409 aut
1261 4364 1286 4408 iu

283 4448 406 4499 omuibus
425 4447 558 4498 codicibus
578 4454 621 4497 aut
640 4451 664 4496 in
685 4447 807 4496 omuibus
827 4446 997 4496 deterioribus
1017 4453 1062 4496 est.

1054 4547 1079 4583 B.
