3030 5086
207 477 270 543 518
592 498 638 544 nn
660 497 790 546 nmmos
812 499 884 547 sor.

206 665 268 731 isto
290 665 465 746 populeris.
509 667 559 732 25.
583 666 643 732 Sed
660 666 797 748 positum
818 667 861 732 sit
880 668 1023 748 primum,
1046 667 1277 748 nosmetipsos

206 769 437 833 commendatos
459 786 530 834 esse
551 768 640 833 nobis
656 769 854 850 primamque
875 788 911 834 ex
933 777 1048 834 nature
1065 770 1145 835 hono
1161 768 1278 834 hebere

206 870 438 952 oppetitionem,
459 877 495 934 nt
516 888 735 936 conservemus
757 882 879 936 nosmet
900 872 994 953 ipsos.
1034 873 1102 937 Hoc
1120 871 1277 949 convenit;

207 973 347 1053 sequitur
367 972 457 1052 illud,
478 980 515 1044 nt
535 973 832 1052 animadvertamus,
855 972 908 1054 qui
930 974 1027 1039 simus
1049 974 1124 1056 ipsi,
1151 979 1187 1037 ut
1209 991 1277 1052 nos,

167 1073 314 1156 bquules
326 1081 461 1163 ‚oportet
482 1094 565 1153 esse,
592 1093 761 1140 servemus.
805 1075 917 1140 Sumus
938 1076 1034 1157 igitur
1055 1076 1211 1154 homines;
1239 1094 1278 1141 ex

206 1178 309 1244 animo
337 1183 515 1243 constamus
542 1185 574 1243 et
601 1195 745 1258 corpore,
778 1195 858 1258 quoe
887 1184 960 1242 sunt
992 1179 1152 1243 cniusdam
1184 1178 1277 1255 modi,

205 1298 325 1362 nosque
346 1284 479 1362 oportet
501 1286 536 1343 ut
556 1279 658 1361 primo
678 1279 830 1361 appetitio
852 1279 1003 1344 naturalis
1026 1280 1178 1361 postulat,
1200 1280 1278 1344 hoec

206 1383 335 1463 diligere
350 1381 598 1462 constituereque
615 1401 652 1447 en
668 1381 717 1446 his
733 1380 824 1446 finem
847 1381 933 1446 illum
956 1383 1067 1447 summi
1089 1383 1161 1447 boni
1183 1391 1277 1463 atque

205 1485 320 1563 nltimi;
342 1503 442 1566 quem,
464 1484 491 1549 si
513 1485 614 1566 prima
635 1503 711 1549 vero
733 1494 813 1563 sunt
835 1483 881 1547 ita
902 1484 1047 1549 constitui
1071 1503 1199 1550 necesse
1220 1491 1277 1563 est

149 1587 311 1653 loearum
333 1605 447 1664 rernm,
469 1605 549 1668 quse
571 1586 634 1650 sint
655 1587 822 1650 secundnm
846 1594 1003 1665 naturam,
1026 1605 1118 1667 quom
1142 1586 1278 1667 plurime

207 1696 238 1756 et
255 1707 349 1770 quem
365 1688 500 1753 maxime
515 1688 654 1769 adipisci.
699 1688 748 1753 26.
770 1686 862 1752 Hunc
883 1688 979 1770 igitur
1000 1688 1092 1754 finem
1109 1688 1152 1754 iili
1169 1695 1277 1753 tenne·

206 1801 293 1871 runt,
321 1792 466 1873 quodque
487 1809 544 1872 ego
567 1790 709 1872 pluribus
730 1789 848 1866 verbis,
875 1790 918 1854 illi
941 1790 1080 1869 brevius,
1108 1792 1277 1856 secundnm

206 1899 350 1959 naturum
372 1892 484 1971 vivere,
506 1892 566 1957 hoc
586 1891 625 1956 iis
648 1893 799 1957 bonorum
821 1892 989 1957 videbatur
1010 1901 1190 1957 extremum.

279 2105 298 2149 1.
318 2097 419 2163 primum
439 2096 539 2160 positum
564 2096 595 2144 m't
618 2105 662 2150 tert
685 2096 716 2159 C)
740 2096 830 2146 LPCR
884 2101 906 2146 ’1.
929 2096 1013 2161 petr'er'o
1039 2097 1059 2144 E
1083 2096 1164 2160 petitio
1188 2096 1279 2147 LPCR

202 2166 306 2232 postulet
325 2167 345 2214 L
389 2171 412 2216 9.
432 2182 488 2214 vero
505 2166 553 2214 erist
570 2165 660 2214 LPCR
705 2170 739 2216 10.
760 2182 821 2228 quoe
837 2165 930 2215 runtC
967 2182 1037 2228 quam
1054 2164 1158 2229 piurima
1176 2192 1208 2201 -
1227 2166 1278 2213 bre·

205 2236 257 2286 viru
273 2234 399 2285 recemum
417 2242 526 2283 amoram
546 2249 593 2283 om.
611 2234 631 2281 11
667 2250 738 2297 qoam
755 2235 860 2283 maxima
877 2243 899 2283 et
917 2250 988 2297 quom
1005 2234 1145 2296 piunirraC
1184 2238 1221 2284 ln.
1241 2232 1278 2282 vir

206 2309 263 2370 (pro
280 2303 321 2369 ὥ)
340 2303 410 2352 Pius
430 2303 475 2353 CR
493 2303 528 2351 hie
547 2301 635 2353 socr.
671 2303 780 2351 videatur
797 2318 882 2352 ornnes
901 2301 993 2352 videtur
1011 2302 1053 2353 Or.

293 2496 341 2551 25.
368 2501 486 2569 positum
513 2495 547 2549 sit
565 2491 698 2570 prumam)
722 2493 809 2550 Hunc
830 2492 961 2550 ordinem
986 2491 1079 2550 Gzins
1102 2512 1117 2548 e
1141 2501 1281 2566 quattuor

206 2580 267 2638 snis
294 2578 350 2658 [B]
379 2578 514 2636 restitnit.
560 2578 655 2636 Paulo
689 2589 756 2653 post
784 2589 846 2634 eunt
874 2579 1014 2635 cuiusdam
1041 2580 1127 2647 modi„
1159 2578 1190 2635 id
1223 2587 1278 2646 est,

206 2674 303 2722 certes
326 2665 476 2723 cuiusdam
500 2672 632 2731 naturae,
656 2682 742 2738 qnam
766 2664 934 2720 conservari
958 2662 1055 2731 decet3
1078 2663 1137 2722 vid.
1156 2665 1213 2731 111,
1228 2664 1279 2733 23,

205 2752 244 2820 V,
270 2751 319 2809 36.
366 2746 453 2830 [Mox
471 2752 565 2824 petitio
587 2749 675 2806 etiem
700 2750 733 2805 Β.
777 2748 915 2808 Correxit
938 2744 1058 2827 Aldus]

291 2840 316 2893 si
338 2840 429 2911 primo
457 2854 523 2892 vera
550 2833 625 2909 eunt)
654 2835 704 2895 Sic
731 2834 818 2890 etiem
843 2834 922 2911 Spin.
946 2830 1015 2916 [B]‚
1051 2834 1166 2891 Monac.
1194 2834 1281 2890 resti·

205 2922 320 2996 tnitqne
344 2920 531 2989 Schuetzius3
554 2919 607 2978 cfr.
632 2921 669 2977 ad
691 2921 733 2987 ΙΙ,
753 2921 803 2979 86.
850 2921 926 2977 Turn
950 2940 1020 2995 quoe
1042 2923 1095 2976 sint
1117 2920 1183 2994 (pro
1205 2921 1280 2992 eunt)

207 3009 282 3068 Dav.
306 3026 322 3063 e
345 3006 420 3063 Pell.
443 3015 474 3062 et
495 3005 556 3062 suis
579 3001 689 3080 (Εξχψ,
713 3005 782 3063 Gzii
805 3006 950 3076 omnibus,
974 3000 1054 3085 [B]).

292 3093 342 3149 26.
364 3093 489 3166 quodque
510 3111 557 3165 epo
581 3124 630 3158 -,
654 3091 701 3149 boe
723 3094 756 3148 iis
775 3125 815 3132 —
832 3091 986 3165 videbatur)
1006 3090 1137 3148 Verbum
1160 3090 1189 3146 in
1213 3107 1280 3146 sen·

205 3178 299 3235 tentio
320 3178 445 3234 relativa
467 3179 525 3249 (eqo
543 3177 668 3253 pluribus
689 3177 776 3233 vadio
798 3178 865 3247 diei,
888 3179 929 3234 ilii
948 3187 1036 3233 auten
1053 3177 1158 3233 brevius
1174 3177 1280 3249 dicunt)

206 3265 307 3321 eodem
333 3262 418 3320 modo
440 3262 613 3333 omittitnr§
627 3264 644 3319 7
657 3264 730 3334 (Iota
752 3267 822 3337 ipsa,
845 3281 915 3336 quae
937 3273 965 3318 tu
989 3263 1100 3318 breviter
1121 3263 1200 3334 cet).
1230 3260 1281 3319 Sic

206 3357 302 3406 antem
327 3348 448 3405 distinxi
470 3365 536 3405 curn
560 3349 650 3416 Mon„
675 3348 785 3414 Lomb„
809 3348 890 3417 eliis,
913 3356 946 3404 nt
968 3348 1040 3404 boec
1063 3347 1175 3403 omnia:
1198 3347 1281 3402 Hunc

205 3437 288 3508 ipitor
302 3436 385 3508 finem
403 3436 513 3490 illicet.
536 3433 683 3508 usquead
702 3444 846 3490 eutrernum
862 3434 892 3489 in
911 3451 997 3489 unam
1017 3432 1191 3489 sententiam
1210 3450 1281 3489 eon·

206 3520 306 3577 innota
317 3519 465 3577 contrarie
475 3529 623 3594 ponentur
633 3519 679 3586 iis,
696 3537 771 3593 qnoe
789 3519 825 3575 de
838 3518 946 3577 Stoicis
961 3518 1092 3575 dicturus
1104 3530 1157 3574 est.
1182 3517 1281 3593 Vulgo

206 3605 249 3663 sic
271 3605 344 3662 haee
366 3605 563 3680 distinguunt:
586 3606 711 3679 quodque
731 3623 779 3677 eqo
797 3636 838 3647 —
856 3609 950 3661 vr'vere.
988 3605 1045 3660 Hoc
1069 3604 1110 3660 bio
1128 3604 1182 3674 (sic
1201 3603 1280 3659 enim

206 3691 315 3763 editur)
338 3692 462 3747 bonorum
484 3693 590 3747 videtur
611 3700 772 3756 eetremum,
796 3699 829 3745 ut
851 3690 923 3746 haee
945 3700 1078 3745 extreme
1100 3688 1192 3745 verbs
1214 3706 1280 3745 ore·

206 3776 315 3833 tionem
328 3777 411 3849 qnasi
424 3775 565 3851 colligant
577 3785 605 3832 et
617 3775 765 3833 claudent.
790 3774 847 3833 Sed
861 3794 896 3831 eo
907 3776 952 3832 vis
965 3775 1022 3830 iem
1037 3775 1113 3831 inest
1124 3775 1153 3831 in
1167 3773 1280 3849 superi-

206 3862 307 3919 oribus
319 3862 413 3933 (Hurrc
430 3865 512 3935 ἱρέων
521 3863 604 3935 finem
621 3864 696 3932 cet).
738 3862 867 3917 Videatur
884 3861 971 3917 etism
990 3860 1053 3917 cod.
1066 3861 1154 3928 Mon,
1178 3879 1281 3917 omnes

207 3948 285 4012 Gzii,
309 3941 324 4016 ξ
343 3990 350 4012 ,
374 3946 430 4025 [Β]
454 3947 654 4019 editionesqne
677 3956 744 4003 onte
768 3946 894 4012 Aldnm,
918 3946 968 4020 qui
991 3948 1096 4003 videtur
1118 3945 1280 4015 substituit,

206 4034 284 4108 qnod
307 4034 397 4090 ceteri
420 4044 575 4090 tennerunt
599 4042 701 4106 estque
724 4033 752 4088 in
773 4051 830 4107 mg.
844 4030 924 4090 Crot.
959 4031 1017 4090 Sed
1034 4033 1144 4089 rectius
1156 4032 1280 4087 Wesen-

206 4119 324 4194 bergine
347 4120 500 4178 videbatur.
529 4136 583 4192 pro
605 4136 663 4192 qno
686 4127 716 4173 et
737 4117 809 4174 alibi
831 4120 955 4174 videatur
976 4118 1160 4192 suppositum
1184 4127 1228 4173 est
1250 4127 1281 4172 et

207 4204 430 4280 Legg.111.1s‚
454 4204 504 4262 nbi
526 4203 636 4261 frustra
658 4203 794 4260 mendum
819 4202 994 4265 defenditur,
1018 4202 1210 4277 similiterque
1233 4203 1281 4257 de·

207 4290 282 4346 heom
299 4308 352 4364 pro
370 4291 496 4347 debebam
508 4287 553 4366 [et
569 4290 689 4363 snprn8
709 4290 804 4345 habeut
823 4308 875 4363 pro
894 4286 1030 4365 babebat}
1053 4289 1184 4364 Tempus
1196 4288 1280 4344 verbi

207 4383 275 4450 epte
298 4375 457 4450 significat,
486 4376 582 4452 qualis
605 4374 809 4450 philosophiae
833 4385 927 4431 status
949 4373 1040 4431 fuerit
1061 4384 1128 4430 unte
1151 4373 1280 4430 Zenonis
1320 4382 1323 4394 ’

207 4461 479 4527 commutationem,
507 4472 644 4536 recteque
672 4460 702 4517 in
725 4461 780 4517 hoc
803 4469 882 4517 statu
904 4460 1096 4536 significando
1124 4459 1280 4536 imperfec-
