3030 5086
196 465 257 529 174
367 531 370 535 ,
586 485 629 530 rur
652 485 782 531 armeus
805 486 876 532 nou.

193 651 284 716 beate
311 652 477 717 vivendum
504 653 640 717 breviter
673 655 853 719 enuntiatae
886 655 1094 735 seutentiaei)
1126 654 1270 719 animad-

95 815 97 820 ,
194 761 281 818 verte
303 754 411 835 igitur,
442 763 565 818 rectene
592 753 673 820 hanc
695 757 881 821 sententiam
903 757 1107 837 interpreter:
1140 757 1191 821 21.
1216 755 1271 827 ..si

193 874 245 932 ea,
278 875 359 936 quae
381 866 455 920 sunt
476 856 643 921 luxuriosis
666 855 831 922 efficientia
858 858 1067 938 voluptatum,
1100 858 1271 923 liberarent

194 975 248 1035 eos
275 959 405 1022 deorum
438 966 470 1021 et
496 958 606 1022 mortis
639 968 671 1023 et
703 958 821 1024 doloris
848 969 932 1024 metu
959 961 1182 1040 docerentque,
1215 959 1270 1041 qui

155 1058 297 1123 5essent
329 1059 407 1124 lines
440 1058 664 1139 cupiditatum,
703 1061 780 1126 nihil
817 1060 1017 1139 haberemnS,
1056 1061 1138 1142 qnod
1169 1081 1270 1141 repre-

192 1159 400 1233 hrmderernns,
433 1179 503 1226 cum
536 1163 674 1243 nudique
707 1163 938 1243 complerentur
964 1163 1178 1244 voluptatibus
1212 1181 1270 1237 nec

192 1263 344 1328 haberent
375 1263 440 1327 ulla
471 1282 509 1328 ex
541 1273 633 1344 parte
665 1264 783 1345 aliquid
815 1275 871 1328 aut
902 1267 1011 1329 dolens
1043 1276 1099 1328 aut
1130 1285 1269 1345 aegrum,

192 1365 225 1429 id
253 1373 302 1430 est
328 1375 433 1430 nutem
461 1366 604 1430 malum.“
651 1367 718 1431 Hoc
745 1367 812 1431 loco
840 1373 947 1432 tenere
974 1385 1008 1431 se
1036 1366 1178 1432 Triarius
1205 1386 1268 1432 non

267 1575 285 1616 l.
310 1569 365 1617 bene
388 1571 445 1632 (pro
467 1569 543 1626 beate)
568 1570 587 1617 L
627 1567 776 1636 [enunciatoe
799 1568 827 1636 h]
868 1569 1022 1635 [arrimanerte
1044 1569 1091 1635 Aa]
1146 1576 1167 1618 Ξ.
1197 1570 1269 1620 inter·

189 1637 302 1702 pretorE
338 1641 361 1687 ³.
378 1637 532 1702 efficiencr'am
546 1637 725 1702 uoluptaternll
747 1636 956 1704 [uoluptatemh’]
995 1643 1017 1686 ⁶.
1035 1638 1183 1688 haereremus
1193 1639 1269 1690 MCR

192 1706 256 1770 qnod
277 1704 496 1770 reprehenderemus
519 1718 566 1755 om.
592 1721 684 1756 omnes.
739 1711 761 1754 6.
785 1707 841 1770 quin
865 1716 920 1771 tpro
938 1712 999 1769 cam)
1019 1706 1038 1755 L
1093 1710 1114 1757 7.
1138 1706 1268 1758 dolorisC

193 1780 215 1825 8.
235 1773 295 1823 idem
314 1777 371 1839 (pro
388 1773 417 1823 r'd
433 1775 509 1837 rst)E
536 1783 578 1823 ant
596 1782 653 1839 (pro
671 1775 890 1839 auremnl’mca
915 1793 941 1824 ae
959 1773 1070 1824 tenereC
1096 1775 1120 1823 ai
1135 1785 1189 1840 (pro
1201 1775 1268 1836 aetll

192 1967 249 2023 iarn
286 1965 420 2021 Bromius
454 1965 538 2021 dixit.
595 1965 747 2022 Librarius
786 1985 872 2023 nemo
910 1966 998 2021 talem
1038 1965 1267 2039 explicationem

192 2051 319 2108 nominis
341 2050 510 2107 addidisset.
545 2049 682 2108 Ceterum
707 2070 772 2107 curn
785 2050 890 2110 Cicero
912 2051 971 2107 ianr
994 2050 1133 2107 dixisset:
1156 2053 1270 2109 hreoiter

191 2137 385 2210 comprehensis
406 2138 577 2209 pravissimis
597 2139 744 2200 sententiis,
773 2155 831 2193 non
854 2136 941 2192 nimis
964 2136 1115 2211 eleganter
1137 2137 1166 2193 in
1189 2137 1267 2194 idem

191 2241 256 2279 eum
280 2238 381 2277 rursus
403 2219 541 2283 incidere
565 2239 622 2277 non
645 2240 730 2297 nego

278 2306 327 2362 21.
373 2306 406 2362 Si
431 2326 477 2374 ea,
506 2324 576 2379 qnae
602 2317 664 2363 snnt
691 2307 760 2380 cet.)
784 2306 901 2364 Graeca
923 2315 992 2362 eunt
1013 2306 1091 2401 apud
1114 2306 1202 2402 Diog.
1224 2309 1267 2378 X,

195 2391 285 2451 142·
276 2409 307 2447 nr
330 2392 476 2447 sententia
498 2408 590 2447 nona:
624 2384 664 2448 Εἰ
689 2382 728 2447 τὰ
755 2381 892 2465 ποιητικὰ
919 2387 977 2446 τῶν
1004 2379 1069 2466 περὶ
1097 2410 1168 2456 τους
1190 2379 1266 2448 οἱσιέ

190 2495 262 2541 τους
278 2464 406 2568 ἡδονῶν
440 2468 505 2531 ἔλυε
538 2493 608 2539 τους
640 2464 754 2570 φόβους
781 2472 834 2548 τῆς
861 2468 1010 2540 διονοιαι,
1043 2491 1115 2541 τους
1141 2493 1173 2532 τε
1200 2464 1267 2569 raph

191 2545 346 2633 μετεώρων
373 2577 421 2616 nm
445 2543 584 2616 θανάτου
612 2549 660 2615 καλ
664 2504 866 2657 ἀλγηδόνων
897 2552 939 2614 ἔτι
967 2576 999 2614 τε
1026 2548 1062 2614 τὸ
1088 2554 1182 2635 πέρας
1208 2557 1267 2615 τῶν

192 2638 355 2716 ἐπιθυμιῶν
379 2637 542 2710 ἐδίδασκεν,
577 2662 629 2699 ουκ
657 2631 694 2700 ἆυ
715 2661 788 2699 ποτε
810 2629 979 2736 ιέχομενο.
1007 2661 1035 2698 τι
1063 2639 1268 2739 μιμψαίμεθιι

191 2719 294 2790 αὐτοῖς
307 2712 508 2824 παντοχοθεν
531 2720 790 2824 εἰσπληρουμένοις
812 2726 870 2783 τῶν
893 2718 1003 2820 phascor
1026 2717 1074 2783 κοιλ
1096 2716 1269 2801 ουδοιμόθεν

191 2829 259 2867 nora
281 2803 316 2865 ah
340 2803 472 2902 ἀλγοῦν
471 2800 538 2868 οὔτε
560 2801 595 2867 τὸ
618 2799 840 2882 λυπούμενοι
824 2828 954 2886 εχουσιν,
983 2797 1054 2887 ὅπερ
1079 2803 1138 2869 r'orr
1161 2802 1268 2868 rhua

191 2883 250 2949 κόν.
296 2897 355 2952 Pro
377 2913 538 2970 μιτεωροις
561 2898 631 2953 deos
653 2894 759 2954 Cicero
783 2897 894 2970 posuit,
923 2915 941 2951 a
971 2915 1002 2952 re
1032 2915 1089 2951 nou
1113 2898 1268 2961 aberrans;

191 2980 287 3036 minus
315 2981 463 3056 expressit
490 2980 645 3038 discrimen
674 2976 728 3035 τοῦ
751 2970 911 3077 ἀλγουυτος
938 2992 968 3038 et
994 2977 1049 3036 τοῦ
1072 2976 1268 3055 λυπουμένου,

190 3084 313 3139 quorum
337 3065 409 3123 illud
433 3066 470 3122 ad
493 3084 609 3142 corpus.
632 3066 687 3121 hoc
710 3064 746 3120 ad
769 3065 898 3120 animum
922 3067 1058 3139 pertinet.

276 3152 447 3221 haberemus,
481 3154 556 3224 qnod
588 3147 852 3226 reprehenderemus)
888 3151 955 3207 Duo
989 3162 1139 3226 postrema
1167 3152 1267 3215 verba,

190 3255 266 3310 quae
295 3238 368 3306 §23
396 3247 514 3292 servata
541 3246 610 3294 sunt
638 3234 800 3311 (paululum
837 3244 949 3293 mutata
976 3236 1086 3306 forma,
1120 3238 1198 3310 quod
1226 3236 1268 3293 ibi

190 3321 295 3379 Cicero
318 3341 383 3378 curn
407 3341 465 3377 uno
488 3322 617 3397 Epicuro
640 3321 722 3395 quaid
746 3320 932 3378 familiariter
954 3323 1192 3395 sermocinatur),
1220 3321 1269 3378 hic

190 3407 364 3463 exciderunt
402 3417 523 3482 propter
561 3407 673 3463 similes
712 3406 934 3463 terminationes
972 3409 1115 3481 (ereans);
1155 3406 1269 3480 aliquot

190 3491 273 3547 codd.
297 3495 369 3562 (tres
385 3491 478 3556 Pell,
504 3495 580 3560 lias,
604 3491 683 3550 Gud.
706 3494 730 3556 l,
753 3493 843 3564 cett),
867 3493 1023 3549 lamberemus
1045 3493 1075 3549 in
1099 3494 1268 3549 haereremus

191 3586 318 3643 mutato,
353 3578 528 3632 senteutiam
558 3577 666 3633 sarcire
693 3585 846 3633 conentur.
903 3579 963 3653 mg.
992 3576 1072 3636 Crat.
1102 3578 1129 3633 lr.
1158 3577 1178 3635 l.
1208 3595 1270 3635 non

191 3661 299 3718 codicis
322 3662 513 3737 scripturam,
537 3663 588 3719 sed
611 3661 847 3736 supplementum
871 3681 887 3717 e
910 3667 925 3731 ξ
945 3662 984 3719 23
1007 3672 1156 3738 sumptum
1179 3662 1269 3718 hebet

190 3748 325 3817 (haberem
348 3749 422 3820 qnod
443 3747 681 3822 reprehenderem),
706 3746 820 3805 0me
845 3747 1000 3804 haberemus
1023 3751 1093 3805 unde
1115 3769 1158 3805 eos
1177 3767 1266 3869 repre·
1350 3745 1353 3751 ’

191 3834 338 3889 hrenrherem.

275 3919 302 3972 id
327 3928 365 3974 est
387 3918 488 3991 aretem)
512 3916 562 3976 Sic
582 3917 669 3975 Grut.
695 3926 732 3973 et
757 3926 882 3991 excepto
899 3918 1029 3986 Bromio,
1054 3918 1142 3975 ceteri
1167 3937 1182 3973 e
1202 3916 1266 3972 Pal

195 4006 224 4065 l:
254 4004 408 4059 asteriam
432 4003 461 4058 in
486 4003 562 4077 Spir.
589 4002 644 4080 [B]
667 4002 815 4058 etMead.
840 4003 971 4070 Davisii,
995 4004 1213 4078 significatque:
1236 4002 1265 4058 in

191 4086 246 4144 hoc
268 4099 366 4144 autern
391 4089 463 4162 ipso,
488 4089 565 4181 quod
589 4089 650 4144 dixi
670 4086 772 4143 dolens
792 4098 821 4144 et
838 4108 968 4186 aegrum,
992 4100 1037 4146 est
1054 4108 1139 4144 omne
1158 4088 1265 4144 malurn

190 4160 274 4247 (ὅπερ
303 4166 377 4238 ἐστι,
413 4192 469 4228 non
497 4174 579 4228 τουτ
609 4166 691 4244 ἔστι).
740 4173 806 4228 Non
836 4173 955 4230 memini
984 4183 1096 4239 tamen,
1130 4173 1201 4230 alibi
1225 4173 1267 4228 sic

191 4257 259 4330 poni
283 4260 312 4314 ml
334 4268 372 4313 est
394 4269 495 4327 rentem,
525 4258 594 4331 quia
622 4258 822 4314 continuativa
852 4259 938 4314 huius
966 4259 1127 4334 particulae
1156 4257 1266 4333 signifi-

191 4342 268 4397 catio
296 4343 333 4398 ab
361 4343 416 4398 hac
444 4343 526 4399 brevi
550 4344 738 4399 adiunctione
766 4343 890 4399 alienior
919 4343 1049 4410 videtur3
1078 4343 1196 4418 saepius
1223 4343 1266 4399 sic

191 4426 299 4483 dicitnr
322 4428 415 4501 ipsum
440 4431 468 4484 id
490 4438 528 4484 est
551 4429 621 4500 (vid.
647 4430 684 4484 ad
707 4430 731 4496 1,
757 4429 809 4501 33)
832 4439 869 4493 et,
894 4428 953 4484 alia
976 4429 1139 4485 sententiae
1161 4428 1265 4485 forma.
