<?xml version="1.0" encoding="UTF-8"?>
<!DOCTYPE html PUBLIC "-//W3C//DTD XHTML 1.0 Transitional//EN"
    "http://www.w3.org/TR/xhtml1/DTD/xhtml1-transitional.dtd">
<html xmlns="http://www.w3.org/1999/xhtml" xml:lang="en" lang="en">
 <head>
  <title>
</title>
<meta http-equiv="Content-Type" content="text/html;charset=utf-8" />
  <meta name='ocr-system' content='tesseract 3.04.00' />
  <meta name='ocr-capabilities' content='ocr_page ocr_carea ocr_par ocr_line ocrx_word'/>
</head>
<body>
  <div class='ocr_page' id='page_1' title='image "./mtulliiciceroni35cicegoog/mtulliiciceroni35cicegoog_0539.png"; bbox 0 0 3030 5086; ppageno 0'>
   <div class='ocr_carea' id='block_1_1' title="bbox 394 458 1233 549">
    <p class='ocr_par' dir='ltr' id='par_1_1' title="bbox 394 458 1233 549">
     <span class='ocr_line' id='line_1_1' title="bbox 394 458 1233 549; baseline -0.002 -17"><span class='ocrx_word' id='word_1_1' title='bbox 394 486 438 532; x_wconf 81' lang='lat' dir='ltr'>nu</span> <span class='ocrx_word' id='word_1_2' title='bbox 462 458 544 532; x_wconf 70' lang='lat' dir='ltr'>uun.</span> <span class='ocrx_word' id='word_1_3' title='bbox 568 485 631 532; x_wconf 81' lang='lat' dir='ltr'>tm.</span> <span class='ocrx_word' id='word_1_4' title='bbox 653 485 690 531; x_wconf 85' lang='lat'>111</span> <span class='ocrx_word' id='word_1_5' title='bbox 712 483 785 532; x_wconf 77' lang='lat' dir='ltr'>cnr.</span> <span class='ocrx_word' id='word_1_6' title='bbox 806 487 845 536; x_wconf 84' lang='lat' dir='ltr'>ra.</span> <span class='ocrx_word' id='word_1_7' title='bbox 861 483 994 549; x_wconf 75' lang='grc' dir='ltr'>(ιι-ιι.)</span> <span class='ocrx_word' id='word_1_8' title='bbox 1168 465 1233 532; x_wconf 74' lang='grc'>439</span> 
     </span>
    </p>
   </div>
   <div class='ocr_carea' id='block_1_2' title="bbox 154 644 1271 1548">
    <p class='ocr_par' dir='ltr' id='par_1_2' title="bbox 154 644 1271 1548">
     <span class='ocr_line' id='line_1_2' title="bbox 155 644 1232 736; baseline -0.004 -16"><span class='ocrx_word' id='word_1_9' title='bbox 155 654 240 720; x_wconf 88' lang='lat' dir='ltr'>enim</span> <span class='ocrx_word' id='word_1_10' title='bbox 262 653 400 736; x_wconf 90' lang='lat' dir='ltr'>appello,</span> <span class='ocrx_word' id='word_1_11' title='bbox 429 672 508 735; x_wconf 88' lang='lat' dir='ltr'>quae</span> <span class='ocrx_word' id='word_1_12' title='bbox 529 644 629 712; x_wconf 73' lang='grc' dir='ltr'>τελικά</span> <span class='ocrx_word' id='word_1_13' title='bbox 651 653 811 732; x_wconf 89' lang='lat' dir='ltr'>dicuntur;</span> <span class='ocrx_word' id='word_1_14' title='bbox 842 672 915 717; x_wconf 90' lang='lat' dir='ltr'>nam</span> <span class='ocrx_word' id='word_1_15' title='bbox 937 653 996 718; x_wconf 92' lang='lat' dir='ltr'>hoc</span> <span class='ocrx_word' id='word_1_16' title='bbox 1017 651 1121 733; x_wconf 88' lang='lat' dir='ltr'>ipsum</span> <span class='ocrx_word' id='word_1_17' title='bbox 1141 652 1232 717; x_wconf 91' lang='lat' dir='ltr'>insti-</span> 
     </span>
     <span class='ocr_line' id='line_1_3' title="bbox 157 753 1233 838; baseline -0.002 -17"><span class='ocrx_word' id='word_1_18' title='bbox 157 763 296 834; x_wconf 85' lang='lat' dir='ltr'>mamus,</span> <span class='ocrx_word' id='word_1_19' title='bbox 323 763 359 820; x_wconf 90' lang='lat' dir='ltr'>ut</span> <span class='ocrx_word' id='word_1_20' title='bbox 380 755 509 838; x_wconf 76' lang='lat' dir='ltr'>placuit,</span> <span class='ocrx_word' id='word_1_21' title='bbox 537 753 677 836; x_wconf 89' lang='lat' dir='ltr'>pluribus</span> <span class='ocrx_word' id='word_1_22' title='bbox 700 755 803 820; x_wconf 85' lang='lat' dir='ltr'>verbis</span> <span class='ocrx_word' id='word_1_23' title='bbox 825 755 942 833; x_wconf 90' lang='lat' dir='ltr'>dicere,</span> <span class='ocrx_word' id='word_1_24' title='bbox 970 755 1056 837; x_wconf 89' lang='lat' dir='ltr'>quod</span> <span class='ocrx_word' id='word_1_25' title='bbox 1083 772 1147 819; x_wconf 94' lang='lat' dir='ltr'>uno</span> <span class='ocrx_word' id='word_1_26' title='bbox 1170 772 1233 819; x_wconf 94' lang='lat' dir='ltr'>non</span> 
     </span>
     <span class='ocr_line' id='line_1_4' title="bbox 155 854 1231 940; baseline -0.001 -17"><span class='ocrx_word' id='word_1_27' title='bbox 155 858 338 940; x_wconf 87' lang='lat' dir='ltr'>poterimus,</span> <span class='ocrx_word' id='word_1_28' title='bbox 360 865 467 923; x_wconf 90' lang='lat' dir='ltr'>utres</span> <span class='ocrx_word' id='word_1_29' title='bbox 489 855 716 938; x_wconf 73' lang='lat' dir='ltr'>intellegatur),</span> <span class='ocrx_word' id='word_1_30' title='bbox 737 857 800 921; x_wconf 88' lang='lat' dir='ltr'>alia</span> <span class='ocrx_word' id='word_1_31' title='bbox 821 861 926 921; x_wconf 87' lang='lat' dir='ltr'>autem</span> <span class='ocrx_word' id='word_1_32' title='bbox 948 854 1126 934; x_wconf 83' lang='lat' dir='ltr'>efficientia,</span> <span class='ocrx_word' id='word_1_33' title='bbox 1149 874 1231 938; x_wconf 89' lang='lat' dir='ltr'>quae</span> 
     </span>
     <span class='ocr_line' id='line_1_5' title="bbox 158 945 1233 1040; baseline -0.003 -14"><span class='ocrx_word' id='word_1_34' title='bbox 158 960 272 1026; x_wconf 86' lang='lat' dir='ltr'>Graeci</span> <span class='ocrx_word' id='word_1_35' title='bbox 289 945 442 1038; x_wconf 74' lang='grc' dir='ltr'>ποιητικά,</span> <span class='ocrx_word' id='word_1_36' title='bbox 464 959 527 1023; x_wconf 90' lang='lat' dir='ltr'>alia</span> <span class='ocrx_word' id='word_1_37' title='bbox 548 965 724 1040; x_wconf 89' lang='lat' dir='ltr'>utrumque.</span> <span class='ocrx_word' id='word_1_38' title='bbox 768 959 816 1024; x_wconf 88' lang='lat' dir='ltr'>De</span> <span class='ocrx_word' id='word_1_39' title='bbox 836 958 1064 1039; x_wconf 88' lang='lat' dir='ltr'>pertinentibus</span> <span class='ocrx_word' id='word_1_40' title='bbox 1086 958 1161 1023; x_wconf 89' lang='lat' dir='ltr'>nihil</span> <span class='ocrx_word' id='word_1_41' title='bbox 1184 965 1233 1023; x_wconf 93' lang='lat' dir='ltr'>est</span> 
     </span>
     <span class='ocr_line' id='line_1_6' title="bbox 156 1057 1271 1142; baseline -0.004 -14"><span class='ocrx_word' id='word_1_42' title='bbox 156 1061 272 1128; x_wconf 90' lang='lat' dir='ltr'>bonum</span> <span class='ocrx_word' id='word_1_43' title='bbox 283 1068 411 1142; x_wconf 83' lang='lat' dir='ltr'>praeter</span> <span class='ocrx_word' id='word_1_44' title='bbox 422 1060 560 1124; x_wconf 82' lang='lat' dir='ltr'>actiones</span> <span class='ocrx_word' id='word_1_45' title='bbox 572 1059 729 1139; x_wconf 90' lang='lat' dir='ltr'>honestas,</span> <span class='ocrx_word' id='word_1_46' title='bbox 746 1060 785 1125; x_wconf 89' lang='lat' dir='ltr'>de</span> <span class='ocrx_word' id='word_1_47' title='bbox 802 1057 1007 1125; x_wconf 85' lang='lat' dir='ltr'>efficientibus</span> <span class='ocrx_word' id='word_1_48' title='bbox 1018 1059 1095 1124; x_wconf 92' lang='lat' dir='ltr'>nihil</span> <span class='ocrx_word' id='word_1_49' title='bbox 1104 1066 1232 1141; x_wconf 87' lang='lat' dir='ltr'>praeter</span> <span class='ocrx_word' id='word_1_50' title='bbox 1249 1058 1271 1124; x_wconf 79' lang='lat'>5</span> 
     </span>
     <span class='ocr_line' id='line_1_7' title="bbox 155 1159 1233 1242; baseline 0 -15"><span class='ocrx_word' id='word_1_51' title='bbox 155 1163 298 1239; x_wconf 91' lang='lat' dir='ltr'>amicum,</span> <span class='ocrx_word' id='word_1_52' title='bbox 321 1163 378 1227; x_wconf 91' lang='lat' dir='ltr'>sed</span> <span class='ocrx_word' id='word_1_53' title='bbox 400 1170 431 1226; x_wconf 89' lang='lat' dir='ltr'>et</span> <span class='ocrx_word' id='word_1_54' title='bbox 446 1162 654 1242; x_wconf 82' lang='lat' dir='ltr'>pertinentem</span> <span class='ocrx_word' id='word_1_55' title='bbox 670 1168 703 1226; x_wconf 90' lang='lat' dir='ltr'>et</span> <span class='ocrx_word' id='word_1_56' title='bbox 718 1159 901 1226; x_wconf 86' lang='lat' dir='ltr'>efficientem</span> <span class='ocrx_word' id='word_1_57' title='bbox 918 1161 1106 1242; x_wconf 88' lang='lat' dir='ltr'>sapientiam</span> <span class='ocrx_word' id='word_1_58' title='bbox 1124 1161 1233 1227; x_wconf 88' lang='lat' dir='ltr'>volunt</span> 
     </span>
     <span class='ocr_line' id='line_1_8' title="bbox 155 1262 1231 1344; baseline -0.003 -13"><span class='ocrx_word' id='word_1_59' title='bbox 155 1283 234 1331; x_wconf 87' lang='lat' dir='ltr'>esse.</span> <span class='ocrx_word' id='word_1_60' title='bbox 278 1264 359 1327; x_wconf 86' lang='lat' dir='ltr'>Nam</span> <span class='ocrx_word' id='word_1_61' title='bbox 382 1262 456 1344; x_wconf 90' lang='lat' dir='ltr'>quia</span> <span class='ocrx_word' id='word_1_62' title='bbox 478 1262 633 1343; x_wconf 86' lang='lat' dir='ltr'>sapientia</span> <span class='ocrx_word' id='word_1_63' title='bbox 655 1269 704 1328; x_wconf 90' lang='lat' dir='ltr'>est</span> <span class='ocrx_word' id='word_1_64' title='bbox 725 1263 911 1328; x_wconf 87' lang='lat' dir='ltr'>conveniens</span> <span class='ocrx_word' id='word_1_65' title='bbox 932 1263 1030 1341; x_wconf 89' lang='lat' dir='ltr'>actio,</span> <span class='ocrx_word' id='word_1_66' title='bbox 1053 1263 1155 1328; x_wconf 90' lang='lat' dir='ltr'>estin</span> <span class='ocrx_word' id='word_1_67' title='bbox 1177 1262 1231 1328; x_wconf 92' lang='lat' dir='ltr'>illo</span> 
     </span>
     <span class='ocr_line' id='line_1_9' title="bbox 154 1364 1231 1448; baseline -0.001 -17"><span class='ocrx_word' id='word_1_68' title='bbox 154 1366 324 1448; x_wconf 85' lang='lat' dir='ltr'>pertinenti</span> <span class='ocrx_word' id='word_1_69' title='bbox 346 1381 469 1446; x_wconf 82' lang='lat' dir='ltr'>genere,</span> <span class='ocrx_word' id='word_1_70' title='bbox 492 1365 576 1444; x_wconf 91' lang='lat' dir='ltr'>quod</span> <span class='ocrx_word' id='word_1_71' title='bbox 598 1365 674 1443; x_wconf 80' lang='lat' dir='ltr'>dixi3</span> <span class='ocrx_word' id='word_1_72' title='bbox 697 1364 782 1445; x_wconf 90' lang='lat' dir='ltr'>quod</span> <span class='ocrx_word' id='word_1_73' title='bbox 803 1373 907 1429; x_wconf 88' lang='lat' dir='ltr'>autem</span> <span class='ocrx_word' id='word_1_74' title='bbox 923 1364 1072 1430; x_wconf 90' lang='lat' dir='ltr'>honestas</span> <span class='ocrx_word' id='word_1_75' title='bbox 1091 1364 1231 1430; x_wconf 82' lang='lat' dir='ltr'>actiones</span> 
     </span>
     <span class='ocr_line' id='line_1_10' title="bbox 154 1463 887 1548; baseline -0.003 -16"><span class='ocrx_word' id='word_1_76' title='bbox 154 1466 248 1532; x_wconf 84' lang='lat' dir='ltr'>affert</span> <span class='ocrx_word' id='word_1_77' title='bbox 270 1474 301 1531; x_wconf 89' lang='lat' dir='ltr'>et</span> <span class='ocrx_word' id='word_1_78' title='bbox 323 1464 424 1543; x_wconf 86' lang='lat' dir='ltr'>efficit,</span> <span class='ocrx_word' id='word_1_79' title='bbox 449 1464 508 1548; x_wconf 91' lang='lat' dir='ltr'>[id]</span> <span class='ocrx_word' id='word_1_80' title='bbox 533 1463 670 1530; x_wconf 86' lang='lat' dir='ltr'>efficiens</span> <span class='ocrx_word' id='word_1_81' title='bbox 692 1466 753 1530; x_wconf 90' lang='lat' dir='ltr'>dici</span> <span class='ocrx_word' id='word_1_82' title='bbox 775 1471 887 1546; x_wconf 88' lang='lat' dir='ltr'>potest.</span> 
     </span>
    </p>
   </div>
   <div class='ocr_carea' id='block_1_3' title="bbox 154 1666 1232 1925">
    <p class='ocr_par' dir='ltr' id='par_1_3' title="bbox 154 1666 1232 1925">
     <span class='ocr_line' id='line_1_11' title="bbox 229 1666 1232 1736; baseline 0 -18"><span class='ocrx_word' id='word_1_83' title='bbox 229 1676 249 1721; x_wconf 86' lang='grc' dir='ltr'>ι,</span> <span class='ocrx_word' id='word_1_84' title='bbox 274 1668 348 1718; x_wconf 80' lang='lat' dir='ltr'>celica</span> <span class='ocrx_word' id='word_1_85' title='bbox 372 1668 440 1736; x_wconf 64' lang='lat' dir='ltr'>[mc</span> <span class='ocrx_word' id='word_1_86' title='bbox 493 1668 541 1717; x_wconf 68' lang='lat' dir='ltr'>ram</span> <span class='ocrx_word' id='word_1_87' title='bbox 564 1668 638 1716; x_wconf 76' lang='lat' dir='ltr'>Puta</span> <span class='ocrx_word' id='word_1_88' title='bbox 660 1668 751 1732; x_wconf 87' lang='lat' dir='ltr'>(ng.</span> <span class='ocrx_word' id='word_1_89' title='bbox 774 1670 840 1729; x_wconf 82' lang='lat' dir='ltr'>nam)</span> <span class='ocrx_word' id='word_1_90' title='bbox 900 1673 922 1719; x_wconf 73' lang='lat'>2.</span> <span class='ocrx_word' id='word_1_91' title='bbox 946 1685 992 1717; x_wconf 81' lang='lat' dir='ltr'>ano</span> <span class='ocrx_word' id='word_1_92' title='bbox 1015 1666 1232 1735; x_wconf 74' lang='lat' dir='ltr'>om.[a]uM01t</span> 
     </span>
     <span class='ocr_line' id='line_1_12' title="bbox 157 1735 1231 1803; baseline -0.004 -15"><span class='ocrx_word' id='word_1_93' title='bbox 157 1745 181 1793; x_wconf 83' lang='lat'>8.</span> <span class='ocrx_word' id='word_1_94' title='bbox 200 1755 261 1788; x_wconf 81' lang='lat' dir='ltr'>nunc</span> <span class='ocrx_word' id='word_1_95' title='bbox 279 1741 336 1802; x_wconf 89' lang='lat' dir='ltr'>(pro</span> <span class='ocrx_word' id='word_1_96' title='bbox 354 1737 475 1800; x_wconf 61' lang='lat' dir='ltr'>autemid</span> <span class='ocrx_word' id='word_1_97' title='bbox 511 1743 534 1788; x_wconf 79' lang='grc'>4,</span> <span class='ocrx_word' id='word_1_98' title='bbox 556 1736 661 1803; x_wconf 81' lang='lat' dir='ltr'>[poetica</span> <span class='ocrx_word' id='word_1_99' title='bbox 672 1735 705 1801; x_wconf 81' lang='grc' dir='ltr'>Δ]</span> <span class='ocrx_word' id='word_1_100' title='bbox 742 1741 764 1785; x_wconf 74' lang='grc'>5.</span> <span class='ocrx_word' id='word_1_101' title='bbox 783 1735 1008 1800; x_wconf 65' lang='lat' dir='ltr'>deflemumbuelpro</span> <span class='ocrx_word' id='word_1_102' title='bbox 1023 1735 1052 1786; x_wconf 82' lang='lat' dir='ltr'>de</span> <span class='ocrx_word' id='word_1_103' title='bbox 1066 1736 1231 1800; x_wconf 73' lang='lat' dir='ltr'>afficicatabm)</span> 
     </span>
     <span class='ocr_line' id='line_1_13' title="bbox 159 1803 1231 1875; baseline -0.004 -19"><span class='ocrx_word' id='word_1_104' title='bbox 159 1807 228 1875; x_wconf 72' lang='lat' dir='ltr'>[up</span> <span class='ocrx_word' id='word_1_105' title='bbox 263 1805 298 1855; x_wconf 83' lang='lat' dir='ltr'>ad</span> <span class='ocrx_word' id='word_1_106' title='bbox 315 1807 371 1870; x_wconf 85' lang='lat' dir='ltr'>(pro</span> <span class='ocrx_word' id='word_1_107' title='bbox 386 1804 533 1869; x_wconf 81' lang='lat' dir='ltr'>praeter)L</span> <span class='ocrx_word' id='word_1_108' title='bbox 570 1809 592 1855; x_wconf 80' lang='grc'>6.</span> <span class='ocrx_word' id='word_1_109' title='bbox 610 1805 740 1870; x_wconf 80' lang='lat' dir='ltr'>sapientem</span> <span class='ocrx_word' id='word_1_110' title='bbox 761 1803 853 1871; x_wconf 67' lang='lat' dir='ltr'>[atne</span> <span class='ocrx_word' id='word_1_111' title='bbox 890 1808 913 1854; x_wconf 84' lang='lat'>7.</span> <span class='ocrx_word' id='word_1_112' title='bbox 932 1813 968 1854; x_wconf 82' lang='lat' dir='ltr'>eat</span> <span class='ocrx_word' id='word_1_113' title='bbox 985 1803 1025 1853; x_wconf 78' lang='lat' dir='ltr'>illo</span> <span class='ocrx_word' id='word_1_114' title='bbox 1042 1804 1177 1871; x_wconf 66' lang='lat' dir='ltr'>[Aluum.</span> <span class='ocrx_word' id='word_1_115' title='bbox 1197 1813 1231 1854; x_wconf 76' lang='lat' dir='ltr'>est</span> 
     </span>
     <span class='ocr_line' id='line_1_14' title="bbox 154 1871 912 1925; baseline -0.005 0"><span class='ocrx_word' id='word_1_116' title='bbox 154 1891 207 1925; x_wconf 82' lang='lat' dir='ltr'>cam</span> <span class='ocrx_word' id='word_1_117' title='bbox 226 1873 266 1924; x_wconf 82' lang='lat' dir='ltr'>illo</span> <span class='ocrx_word' id='word_1_118' title='bbox 285 1875 359 1923; x_wconf 78' lang='lat' dir='ltr'>tua</span> <span class='ocrx_word' id='word_1_119' title='bbox 376 1874 420 1924; x_wconf 82' lang='lat' dir='ltr'>erit</span> <span class='ocrx_word' id='word_1_120' title='bbox 437 1890 488 1922; x_wconf 84' lang='lat' dir='ltr'>cum</span> <span class='ocrx_word' id='word_1_121' title='bbox 506 1871 546 1921; x_wconf 76' lang='lat' dir='ltr'>ello</span> <span class='ocrx_word' id='word_1_122' title='bbox 564 1873 585 1922; x_wconf 87' lang='lat' dir='ltr'>O</span> <span class='ocrx_word' id='word_1_123' title='bbox 622 1878 645 1922; x_wconf 83' lang='grc'>9,</span> <span class='ocrx_word' id='word_1_124' title='bbox 664 1873 691 1922; x_wconf 80' lang='lat' dir='ltr'>c&#39;d</span> <span class='ocrx_word' id='word_1_125' title='bbox 707 1874 760 1922; x_wconf 82' lang='lat' dir='ltr'>sine</span> <span class='ocrx_word' id='word_1_126' title='bbox 778 1874 850 1922; x_wconf 84' lang='lat' dir='ltr'>uncis</span> <span class='ocrx_word' id='word_1_127' title='bbox 869 1872 912 1922; x_wconf 91' lang='lat' dir='ltr'>Or.</span> 
     </span>
    </p>
   </div>
   <div class='ocr_carea' id='block_1_4' title="bbox 152 2045 1242 4503">
    <p class='ocr_par' dir='ltr' id='par_1_4' title="bbox 156 2045 1230 2210">
     <span class='ocr_line' id='line_1_15' title="bbox 157 2045 1230 2120; baseline -0.004 -15"><span class='ocrx_word' id='word_1_128' title='bbox 157 2048 364 2114; x_wconf 78' lang='lat' dir='ltr'>numerabant3</span> <span class='ocrx_word' id='word_1_129' title='bbox 383 2065 449 2103; x_wconf 90' lang='lat' dir='ltr'>nam</span> <span class='ocrx_word' id='word_1_130' title='bbox 467 2045 588 2115; x_wconf 85' lang='lat' dir='ltr'>amicus,</span> <span class='ocrx_word' id='word_1_131' title='bbox 606 2045 742 2120; x_wconf 87' lang='lat' dir='ltr'>quamvis</span> <span class='ocrx_word' id='word_1_132' title='bbox 758 2046 796 2102; x_wconf 89' lang='lat' dir='ltr'>sit</span> <span class='ocrx_word' id='word_1_133' title='bbox 812 2046 940 2120; x_wconf 88' lang='lat' dir='ltr'>sapiens,</span> <span class='ocrx_word' id='word_1_134' title='bbox 958 2063 1116 2119; x_wconf 80' lang='lat' dir='ltr'>numquam</span> <span class='ocrx_word' id='word_1_135' title='bbox 1132 2055 1230 2102; x_wconf 75' lang='lat' dir='ltr'>tanuen</span> 
     </span>
     <span class='ocr_line' id='line_1_16' title="bbox 156 2130 949 2210; baseline -0.005 -20"><span class='ocrx_word' id='word_1_136' title='bbox 156 2150 225 2210; x_wconf 87' lang='lat' dir='ltr'>pars</span> <span class='ocrx_word' id='word_1_137' title='bbox 248 2132 362 2188; x_wconf 88' lang='lat' dir='ltr'>alienae</span> <span class='ocrx_word' id='word_1_138' title='bbox 385 2131 512 2200; x_wconf 82' lang='lat' dir='ltr'>virtutis,</span> <span class='ocrx_word' id='word_1_139' title='bbox 536 2131 565 2186; x_wconf 88' lang='lat' dir='ltr'>id</span> <span class='ocrx_word' id='word_1_140' title='bbox 589 2141 642 2199; x_wconf 90' lang='lat' dir='ltr'>est,</span> <span class='ocrx_word' id='word_1_141' title='bbox 666 2130 735 2186; x_wconf 91' lang='lat' dir='ltr'>boni</span> <span class='ocrx_word' id='word_1_142' title='bbox 757 2130 820 2186; x_wconf 88' lang='lat' dir='ltr'>fieri</span> <span class='ocrx_word' id='word_1_143' title='bbox 843 2139 949 2206; x_wconf 88' lang='lat' dir='ltr'>potest.</span> 
     </span>
    </p>

    <p class='ocr_par' dir='ltr' id='par_1_5' title="bbox 154 2214 1242 3056">
     <span class='ocr_line' id='line_1_17' title="bbox 242 2214 1229 2292; baseline -0.003 -19"><span class='ocrx_word' id='word_1_144' title='bbox 242 2237 305 2273; x_wconf 84' lang='lat' dir='ltr'>nam</span> <span class='ocrx_word' id='word_1_145' title='bbox 332 2218 380 2274; x_wconf 86' lang='lat' dir='ltr'>boe</span> <span class='ocrx_word' id='word_1_146' title='bbox 406 2216 507 2292; x_wconf 72' lang='lat' dir='ltr'>spemn)</span> <span class='ocrx_word' id='word_1_147' title='bbox 537 2216 605 2273; x_wconf 86' lang='lat' dir='ltr'>Vid.</span> <span class='ocrx_word' id='word_1_148' title='bbox 634 2220 648 2284; x_wconf 65' lang='grc' dir='ltr'><strong>ς</strong></span> <span class='ocrx_word' id='word_1_149' title='bbox 676 2215 722 2272; x_wconf 85' lang='grc'>15.</span> <span class='ocrx_word' id='word_1_150' title='bbox 774 2216 810 2272; x_wconf 90' lang='lat' dir='ltr'>In</span> <span class='ocrx_word' id='word_1_151' title='bbox 839 2215 983 2272; x_wconf 83' lang='lat' dir='ltr'>editiones</span> <span class='ocrx_word' id='word_1_152' title='bbox 1011 2223 1077 2290; x_wconf 93' lang='lat' dir='ltr'>post</span> <span class='ocrx_word' id='word_1_153' title='bbox 1105 2214 1229 2290; x_wconf 88' lang='lat' dir='ltr'>primam</span> 
     </span>
     <span class='ocr_line' id='line_1_18' title="bbox 156 2298 1230 2370; baseline -0.006 -10"><span class='ocrx_word' id='word_1_154' title='bbox 156 2311 279 2360; x_wconf 85' lang='lat' dir='ltr'>venerat</span> <span class='ocrx_word' id='word_1_155' title='bbox 305 2305 359 2358; x_wconf 86' lang='lat' dir='ltr'>iam</span> <span class='ocrx_word' id='word_1_156' title='bbox 387 2303 449 2370; x_wconf 75' lang='lat' dir='ltr'>loe3</span> <span class='ocrx_word' id='word_1_157' title='bbox 479 2300 609 2357; x_wconf 87' lang='lat' dir='ltr'>correxit</span> <span class='ocrx_word' id='word_1_158' title='bbox 631 2300 772 2357; x_wconf 83' lang='lat' dir='ltr'>Davisius</span> <span class='ocrx_word' id='word_1_159' title='bbox 795 2319 810 2356; x_wconf 89' lang='lat' dir='ltr'>e</span> <span class='ocrx_word' id='word_1_160' title='bbox 834 2299 911 2359; x_wconf 85' lang='lat' dir='ltr'>Pall.</span> <span class='ocrx_word' id='word_1_161' title='bbox 939 2303 969 2369; x_wconf 95' lang='lat' dir='ltr'>l,</span> <span class='ocrx_word' id='word_1_162' title='bbox 995 2300 1029 2370; x_wconf 80' lang='lat'>2,</span> <span class='ocrx_word' id='word_1_163' title='bbox 1053 2301 1087 2369; x_wconf 85' lang='lat'>4,</span> <span class='ocrx_word' id='word_1_164' title='bbox 1112 2301 1141 2368; x_wconf 88' lang='lat'>6,</span> <span class='ocrx_word' id='word_1_165' title='bbox 1169 2298 1230 2356; x_wconf 89' lang='lat' dir='ltr'>suis</span> 
     </span>
     <span class='ocr_line' id='line_1_19' title="bbox 156 2384 1229 2459; baseline -0.004 -15"><span class='ocrx_word' id='word_1_166' title='bbox 156 2388 250 2444; x_wconf 88' lang='lat' dir='ltr'>tribus</span> <span class='ocrx_word' id='word_1_167' title='bbox 273 2387 384 2458; x_wconf 88' lang='lat' dir='ltr'>(Mead.</span> <span class='ocrx_word' id='word_1_168' title='bbox 407 2404 522 2459; x_wconf 72' lang='lat' dir='ltr'>euinque</span> <span class='ocrx_word' id='word_1_169' title='bbox 543 2387 612 2458; x_wconf 82' lang='lat' dir='ltr'>boe).</span> <span class='ocrx_word' id='word_1_170' title='bbox 658 2385 730 2441; x_wconf 87' lang='lat' dir='ltr'>Mox</span> <span class='ocrx_word' id='word_1_171' title='bbox 758 2404 810 2441; x_wconf 84' lang='lat' dir='ltr'>uuo</span> <span class='ocrx_word' id='word_1_172' title='bbox 837 2395 904 2441; x_wconf 87' lang='lat' dir='ltr'>ante</span> <span class='ocrx_word' id='word_1_173' title='bbox 932 2405 984 2441; x_wconf 81' lang='lat' dir='ltr'>uon</span> <span class='ocrx_word' id='word_1_174' title='bbox 1007 2393 1127 2459; x_wconf 88' lang='lat' dir='ltr'>propter</span> <span class='ocrx_word' id='word_1_175' title='bbox 1148 2384 1229 2440; x_wconf 90' lang='lat' dir='ltr'>simi·</span> 
     </span>
     <span class='ocr_line' id='line_1_20' title="bbox 157 2469 1231 2542; baseline -0.003 -14"><span class='ocrx_word' id='word_1_176' title='bbox 157 2472 310 2529; x_wconf 88' lang='lat' dir='ltr'>litudinem</span> <span class='ocrx_word' id='word_1_177' title='bbox 339 2472 478 2528; x_wconf 87' lang='lat' dir='ltr'>ductuum</span> <span class='ocrx_word' id='word_1_178' title='bbox 506 2470 657 2526; x_wconf 86' lang='lat' dir='ltr'>exciderat</span> <span class='ocrx_word' id='word_1_179' title='bbox 677 2470 713 2533; x_wconf 84' lang='lat' dir='ltr'>¹iu</span> <span class='ocrx_word' id='word_1_180' title='bbox 742 2470 805 2526; x_wconf 90' lang='lat' dir='ltr'>cod.</span> <span class='ocrx_word' id='word_1_181' title='bbox 834 2470 914 2526; x_wconf 89' lang='lat' dir='ltr'>areb.</span> <span class='ocrx_word' id='word_1_182' title='bbox 937 2470 1061 2542; x_wconf 82' lang='lat' dir='ltr'>(Maud,</span> <span class='ocrx_word' id='word_1_183' title='bbox 1091 2469 1170 2527; x_wconf 87' lang='lat' dir='ltr'>Oxx.</span> <span class='ocrx_word' id='word_1_184' title='bbox 1201 2477 1231 2525; x_wconf 89' lang='lat' dir='ltr'>at</span> 
     </span>
     <span class='ocr_line' id='line_1_21' title="bbox 154 2551 1232 2635; baseline -0.005 -20"><span class='ocrx_word' id='word_1_185' title='bbox 154 2555 225 2616; x_wconf 79' lang='lat' dir='ltr'>Gaii</span> <span class='ocrx_word' id='word_1_186' title='bbox 243 2556 387 2624; x_wconf 89' lang='lat' dir='ltr'>omnibus,</span> <span class='ocrx_word' id='word_1_187' title='bbox 400 2551 470 2635; x_wconf 84' lang='lat' dir='ltr'><strong>[B];</strong></span> <span class='ocrx_word' id='word_1_188' title='bbox 493 2556 570 2612; x_wconf 88' lang='lat' dir='ltr'>idam</span> <span class='ocrx_word' id='word_1_189' title='bbox 593 2564 734 2612; x_wconf 87' lang='lat' dir='ltr'>annotare</span> <span class='ocrx_word' id='word_1_190' title='bbox 752 2555 854 2611; x_wconf 84' lang='lat' dir='ltr'>debuit</span> <span class='ocrx_word' id='word_1_191' title='bbox 865 2553 1022 2625; x_wconf 87' lang='lat' dir='ltr'>Gruterus,</span> <span class='ocrx_word' id='word_1_192' title='bbox 1045 2555 1096 2611; x_wconf 85' lang='lat' dir='ltr'>aad</span> <span class='ocrx_word' id='word_1_193' title='bbox 1113 2553 1232 2629; x_wconf 85' lang='lat' dir='ltr'>scripsit</span> 
     </span>
     <span class='ocr_line' id='line_1_22' title="bbox 156 2638 1230 2715; baseline -0.003 -17"><span class='ocrx_word' id='word_1_194' title='bbox 156 2662 208 2698; x_wconf 82' lang='lat' dir='ltr'>non</span> <span class='ocrx_word' id='word_1_195' title='bbox 235 2643 272 2698; x_wconf 88' lang='lat' dir='ltr'>ab</span> <span class='ocrx_word' id='word_1_196' title='bbox 301 2641 437 2698; x_wconf 91' lang='lat' dir='ltr'>omnibus</span> <span class='ocrx_word' id='word_1_197' title='bbox 462 2640 536 2697; x_wconf 89' lang='lat' dir='ltr'>Pali.</span> <span class='ocrx_word' id='word_1_198' title='bbox 558 2640 676 2708; x_wconf 83' lang='lat' dir='ltr'>abesse3</span> <span class='ocrx_word' id='word_1_199' title='bbox 705 2639 774 2698; x_wconf 87' lang='lat' dir='ltr'>Gzii</span> <span class='ocrx_word' id='word_1_200' title='bbox 796 2649 914 2715; x_wconf 87' lang='lat' dir='ltr'>praeter</span> <span class='ocrx_word' id='word_1_201' title='bbox 936 2649 996 2697; x_wconf 89' lang='lat' dir='ltr'>tres</span> <span class='ocrx_word' id='word_1_202' title='bbox 1021 2639 1172 2709; x_wconf 87' lang='lat' dir='ltr'>meliores,</span> <span class='ocrx_word' id='word_1_203' title='bbox 1200 2638 1230 2695; x_wconf 93' lang='lat' dir='ltr'>id</span> 
     </span>
     <span class='ocr_line' id='line_1_23' title="bbox 154 2723 1242 2800; baseline -0.003 -17"><span class='ocrx_word' id='word_1_204' title='bbox 154 2737 210 2797; x_wconf 88' lang='lat' dir='ltr'>est,</span> <span class='ocrx_word' id='word_1_205' title='bbox 234 2728 304 2784; x_wconf 87' lang='lat' dir='ltr'>Bas.</span> <span class='ocrx_word' id='word_1_206' title='bbox 328 2735 358 2782; x_wconf 88' lang='lat' dir='ltr'>at</span> <span class='ocrx_word' id='word_1_207' title='bbox 380 2725 459 2784; x_wconf 91' lang='lat' dir='ltr'>Gud.</span> <span class='ocrx_word' id='word_1_208' title='bbox 486 2729 499 2783; x_wconf 94' lang='grc'><strong>1</strong></span> <span class='ocrx_word' id='word_1_209' title='bbox 525 2745 576 2781; x_wconf 82' lang='lat' dir='ltr'>uno</span> <span class='ocrx_word' id='word_1_210' title='bbox 599 2725 736 2781; x_wconf 87' lang='lat' dir='ltr'>dicuntur</span> <span class='ocrx_word' id='word_1_211' title='bbox 757 2725 865 2782; x_wconf 81' lang='lat' dir='ltr'>addere</span> <span class='ocrx_word' id='word_1_212' title='bbox 888 2735 955 2800; x_wconf 90' lang='lat' dir='ltr'>post</span> <span class='ocrx_word' id='word_1_213' title='bbox 972 2725 1140 2799; x_wconf 72' lang='lat' dir='ltr'>peteremus).</span> <span class='ocrx_word' id='word_1_214' title='bbox 1184 2723 1242 2781; x_wconf 79' lang='lat' dir='ltr'>De</span> 
     </span>
     <span class='ocr_line' id='line_1_24' title="bbox 155 2810 1229 2886; baseline -0.004 -17"><span class='ocrx_word' id='word_1_215' title='bbox 155 2812 198 2884; x_wconf 92' lang='lat' dir='ltr'>(id</span> <span class='ocrx_word' id='word_1_216' title='bbox 221 2820 279 2880; x_wconf 88' lang='lat' dir='ltr'>est,</span> <span class='ocrx_word' id='word_1_217' title='bbox 302 2814 347 2885; x_wconf 77' lang='lat' dir='ltr'>ee)</span> <span class='ocrx_word' id='word_1_218' title='bbox 372 2811 565 2886; x_wconf 79' lang='lat' dir='ltr'>pertinentibus</span> <span class='ocrx_word' id='word_1_219' title='bbox 587 2810 684 2866; x_wconf 90' lang='lat' dir='ltr'>minus</span> <span class='ocrx_word' id='word_1_220' title='bbox 706 2819 842 2866; x_wconf 85' lang='lat' dir='ltr'>accurate</span> <span class='ocrx_word' id='word_1_221' title='bbox 865 2810 907 2866; x_wconf 90' lang='lat' dir='ltr'>sic</span> <span class='ocrx_word' id='word_1_222' title='bbox 930 2810 1050 2880; x_wconf 89' lang='lat' dir='ltr'>dicitnr,</span> <span class='ocrx_word' id='word_1_223' title='bbox 1079 2820 1229 2883; x_wconf 89' lang='lat' dir='ltr'>tamqnam</span> 
     </span>
     <span class='ocr_line' id='line_1_25' title="bbox 154 2895 1229 2969; baseline -0.003 -16"><span class='ocrx_word' id='word_1_224' title='bbox 154 2915 193 2953; x_wconf 87' lang='lat' dir='ltr'>ex</span> <span class='ocrx_word' id='word_1_225' title='bbox 222 2897 333 2954; x_wconf 87' lang='lat' dir='ltr'>maiore</span> <span class='ocrx_word' id='word_1_226' title='bbox 360 2914 481 2952; x_wconf 84' lang='lat' dir='ltr'>numero</span> <span class='ocrx_word' id='word_1_227' title='bbox 509 2914 606 2952; x_wconf 88' lang='lat' dir='ltr'>rarum</span> <span class='ocrx_word' id='word_1_228' title='bbox 635 2895 843 2969; x_wconf 83' lang='lat' dir='ltr'>pertinentium</span> <span class='ocrx_word' id='word_1_229' title='bbox 873 2897 915 2967; x_wconf 90' lang='lat' dir='ltr'>(et</span> <span class='ocrx_word' id='word_1_230' title='bbox 942 2896 1085 2952; x_wconf 85' lang='lat' dir='ltr'>bonarum</span> <span class='ocrx_word' id='word_1_231' title='bbox 1113 2904 1143 2951; x_wconf 85' lang='lat' dir='ltr'>et</span> <span class='ocrx_word' id='word_1_232' title='bbox 1170 2912 1229 2950; x_wconf 92' lang='lat' dir='ltr'>non</span> 
     </span>
     <span class='ocr_line' id='line_1_26' title="bbox 155 2979 833 3056; baseline -0.004 -18"><span class='ocrx_word' id='word_1_233' title='bbox 155 2981 311 3053; x_wconf 86' lang='lat' dir='ltr'>bonarum)</span> <span class='ocrx_word' id='word_1_234' title='bbox 334 2981 476 3056; x_wconf 75' lang='lat' dir='ltr'>caligatur</span> <span class='ocrx_word' id='word_1_235' title='bbox 497 2999 565 3049; x_wconf 89' lang='lat' dir='ltr'>una,</span> <span class='ocrx_word' id='word_1_236' title='bbox 589 2998 664 3054; x_wconf 87' lang='lat' dir='ltr'>quae</span> <span class='ocrx_word' id='word_1_237' title='bbox 688 2981 764 3037; x_wconf 87' lang='lat' dir='ltr'>bona</span> <span class='ocrx_word' id='word_1_238' title='bbox 786 2979 833 3036; x_wconf 88' lang='lat' dir='ltr'>sit.</span> 
     </span>
    </p>

    <p class='ocr_par' dir='ltr' id='par_1_6' title="bbox 153 3063 1230 3989">
     <span class='ocr_line' id='line_1_27' title="bbox 241 3063 1228 3141; baseline -0.003 -19"><span class='ocrx_word' id='word_1_239' title='bbox 241 3070 399 3141; x_wconf 76' lang='lat' dir='ltr'>sapientiam</span> <span class='ocrx_word' id='word_1_240' title='bbox 427 3085 484 3122; x_wconf 80' lang='lat' dir='ltr'>esse</span> <span class='ocrx_word' id='word_1_241' title='bbox 510 3065 614 3138; x_wconf 82' lang='lat' dir='ltr'>volunt)</span> <span class='ocrx_word' id='word_1_242' title='bbox 638 3066 673 3121; x_wconf 87' lang='lat' dir='ltr'>Iu</span> <span class='ocrx_word' id='word_1_243' title='bbox 701 3065 764 3121; x_wconf 90' lang='lat' dir='ltr'>cod.</span> <span class='ocrx_word' id='word_1_244' title='bbox 793 3065 872 3121; x_wconf 90' lang='lat' dir='ltr'>arch.</span> <span class='ocrx_word' id='word_1_245' title='bbox 900 3073 1021 3139; x_wconf 89' lang='lat' dir='ltr'>propter</span> <span class='ocrx_word' id='word_1_246' title='bbox 1049 3063 1121 3132; x_wconf 92' lang='lat' dir='ltr'>du0,</span> <span class='ocrx_word' id='word_1_247' title='bbox 1153 3080 1228 3136; x_wconf 89' lang='lat' dir='ltr'>quaa</span> 
     </span>
     <span class='ocr_line' id='line_1_28' title="bbox 155 3147 1228 3226; baseline -0.005 -18"><span class='ocrx_word' id='word_1_248' title='bbox 155 3153 344 3226; x_wconf 86' lang='lat' dir='ltr'>praecedunt,</span> <span class='ocrx_word' id='word_1_249' title='bbox 368 3150 524 3226; x_wconf 85' lang='lat' dir='ltr'>participia</span> <span class='ocrx_word' id='word_1_250' title='bbox 546 3151 687 3224; x_wconf 89' lang='lat' dir='ltr'>seriptum</span> <span class='ocrx_word' id='word_1_251' title='bbox 710 3160 774 3206; x_wconf 89' lang='lat' dir='ltr'>erat</span> <span class='ocrx_word' id='word_1_252' title='bbox 795 3155 954 3224; x_wconf 78' lang='lat' dir='ltr'>sapientem,</span> <span class='ocrx_word' id='word_1_253' title='bbox 978 3159 1011 3205; x_wconf 90' lang='lat' dir='ltr'>ut</span> <span class='ocrx_word' id='word_1_254' title='bbox 1033 3159 1078 3205; x_wconf 88' lang='lat' dir='ltr'>est</span> <span class='ocrx_word' id='word_1_255' title='bbox 1099 3148 1128 3204; x_wconf 92' lang='lat' dir='ltr'>in</span> <span class='ocrx_word' id='word_1_256' title='bbox 1152 3147 1228 3203; x_wconf 90' lang='lat' dir='ltr'>Pall.</span> 
     </span>
     <span class='ocr_line' id='line_1_29' title="bbox 160 3231 1229 3312; baseline -0.004 -19"><span class='ocrx_word' id='word_1_257' title='bbox 160 3239 185 3305; x_wconf 94' lang='grc'>1,</span> <span class='ocrx_word' id='word_1_258' title='bbox 200 3237 227 3305; x_wconf 87' lang='lat'>3,</span> <span class='ocrx_word' id='word_1_259' title='bbox 242 3239 269 3307; x_wconf 77' lang='lat'>4,</span> <span class='ocrx_word' id='word_1_260' title='bbox 284 3239 311 3306; x_wconf 90' lang='lat'>6,</span> <span class='ocrx_word' id='word_1_261' title='bbox 335 3238 417 3293; x_wconf 90' lang='lat' dir='ltr'>Parr.</span> <span class='ocrx_word' id='word_1_262' title='bbox 442 3236 545 3305; x_wconf 85' lang='lat' dir='ltr'>tribus,</span> <span class='ocrx_word' id='word_1_263' title='bbox 569 3234 655 3304; x_wconf 83' lang='lat' dir='ltr'>OOC,</span> <span class='ocrx_word' id='word_1_264' title='bbox 678 3253 704 3309; x_wconf 87' lang='grc' dir='ltr'>χ,</span> <span class='ocrx_word' id='word_1_265' title='bbox 729 3233 797 3292; x_wconf 84' lang='lat' dir='ltr'>Gaii</span> <span class='ocrx_word' id='word_1_266' title='bbox 820 3234 965 3303; x_wconf 92' lang='lat' dir='ltr'>omnibus,</span> <span class='ocrx_word' id='word_1_267' title='bbox 989 3231 1054 3312; x_wconf 76' lang='lat' dir='ltr'>[BJ.</span> <span class='ocrx_word' id='word_1_268' title='bbox 1098 3234 1174 3290; x_wconf 88' lang='lat' dir='ltr'>Tum</span> <span class='ocrx_word' id='word_1_269' title='bbox 1198 3233 1229 3289; x_wconf 92' lang='lat' dir='ltr'>iu</span> 
     </span>
     <span class='ocr_line' id='line_1_30' title="bbox 153 3318 1229 3395; baseline -0.003 -17"><span class='ocrx_word' id='word_1_270' title='bbox 153 3322 257 3378; x_wconf 85' lang='lat' dir='ltr'>eodem</span> <span class='ocrx_word' id='word_1_271' title='bbox 281 3322 381 3378; x_wconf 86' lang='lat' dir='ltr'>codiee</span> <span class='ocrx_word' id='word_1_272' title='bbox 398 3321 549 3377; x_wconf 85' lang='lat' dir='ltr'>exciderat</span> <span class='ocrx_word' id='word_1_273' title='bbox 571 3324 607 3387; x_wconf 82' lang='lat' dir='ltr'>in,</span> <span class='ocrx_word' id='word_1_274' title='bbox 630 3320 708 3395; x_wconf 90' lang='lat' dir='ltr'>quod</span> <span class='ocrx_word' id='word_1_275' title='bbox 725 3320 802 3377; x_wconf 89' lang='lat' dir='ltr'>Dav.</span> <span class='ocrx_word' id='word_1_276' title='bbox 824 3320 938 3376; x_wconf 90' lang='lat' dir='ltr'>addidit</span> <span class='ocrx_word' id='word_1_277' title='bbox 960 3328 1028 3376; x_wconf 89' lang='lat' dir='ltr'>anta</span> <span class='ocrx_word' id='word_1_278' title='bbox 1050 3318 1229 3392; x_wconf 73' lang='lat' dir='ltr'>ttu(1&gt;a1.1,</span> 
     </span>
     <span class='ocr_line' id='line_1_31' title="bbox 155 3404 1230 3484; baseline -0.003 -20"><span class='ocrx_word' id='word_1_279' title='bbox 155 3405 233 3481; x_wconf 87' lang='lat' dir='ltr'>Spir.</span> <span class='ocrx_word' id='word_1_280' title='bbox 257 3405 322 3484; x_wconf 91' lang='lat' dir='ltr'>[B],</span> <span class='ocrx_word' id='word_1_281' title='bbox 346 3405 425 3466; x_wconf 86' lang='lat' dir='ltr'>Gud.</span> <span class='ocrx_word' id='word_1_282' title='bbox 450 3408 495 3478; x_wconf 77' lang='lat'>2);</span> <span class='ocrx_word' id='word_1_283' title='bbox 518 3405 572 3464; x_wconf 84' lang='lat' dir='ltr'>cfr.</span> <span class='ocrx_word' id='word_1_284' title='bbox 591 3406 700 3471; x_wconf 81' lang='lat'>11,98;</span> <span class='ocrx_word' id='word_1_285' title='bbox 723 3404 754 3461; x_wconf 92' lang='lat' dir='ltr'>iu</span> <span class='ocrx_word' id='word_1_286' title='bbox 776 3404 972 3462; x_wconf 82' lang='lat' dir='ltr'>deterioribus</span> <span class='ocrx_word' id='word_1_287' title='bbox 993 3404 1160 3478; x_wconf 88' lang='lat' dir='ltr'>suppletum</span> <span class='ocrx_word' id='word_1_288' title='bbox 1185 3412 1230 3461; x_wconf 90' lang='lat' dir='ltr'>est</span> 
     </span>
     <span class='ocr_line' id='line_1_32' title="bbox 153 3487 1229 3565; baseline -0.004 -17"><span class='ocrx_word' id='word_1_289' title='bbox 153 3510 215 3549; x_wconf 83' lang='lat' dir='ltr'>cum</span> <span class='ocrx_word' id='word_1_290' title='bbox 236 3491 326 3554; x_wconf 82' lang='lat' dir='ltr'>(Pall.</span> <span class='ocrx_word' id='word_1_291' title='bbox 351 3491 495 3565; x_wconf 89' lang='lat' dir='ltr'>quinqua,</span> <span class='ocrx_word' id='word_1_292' title='bbox 520 3492 597 3550; x_wconf 90' lang='lat' dir='ltr'>Dav.</span> <span class='ocrx_word' id='word_1_293' title='bbox 622 3491 750 3559; x_wconf 92' lang='lat' dir='ltr'>duobus,</span> <span class='ocrx_word' id='word_1_294' title='bbox 780 3490 858 3548; x_wconf 85' lang='lat' dir='ltr'>Oxx.</span> <span class='ocrx_word' id='word_1_295' title='bbox 884 3490 1035 3559; x_wconf 89' lang='lat' dir='ltr'>omnibus,</span> <span class='ocrx_word' id='word_1_296' title='bbox 1059 3487 1128 3547; x_wconf 79' lang='lat' dir='ltr'>Gaii</span> <span class='ocrx_word' id='word_1_297' title='bbox 1151 3498 1229 3545; x_wconf 88' lang='lat' dir='ltr'>cete·</span> 
     </span>
     <span class='ocr_line' id='line_1_33' title="bbox 153 3573 1228 3651; baseline -0.005 -17"><span class='ocrx_word' id='word_1_298' title='bbox 153 3576 222 3648; x_wconf 83' lang='lat' dir='ltr'>ris),</span> <span class='ocrx_word' id='word_1_299' title='bbox 251 3577 329 3651; x_wconf 92' lang='lat' dir='ltr'>quod</span> <span class='ocrx_word' id='word_1_300' title='bbox 352 3574 445 3634; x_wconf 82' lang='lat' dir='ltr'>Gaius</span> <span class='ocrx_word' id='word_1_301' title='bbox 468 3575 613 3645; x_wconf 88' lang='lat' dir='ltr'>defendit,</span> <span class='ocrx_word' id='word_1_302' title='bbox 643 3575 712 3650; x_wconf 90' lang='lat' dir='ltr'>quia</span> <span class='ocrx_word' id='word_1_303' title='bbox 739 3576 855 3632; x_wconf 87' lang='lat' dir='ltr'>dicatur</span> <span class='ocrx_word' id='word_1_304' title='bbox 883 3594 940 3633; x_wconf 78' lang='lat' dir='ltr'>ease</span> <span class='ocrx_word' id='word_1_305' title='bbox 961 3595 1021 3632; x_wconf 84' lang='lat' dir='ltr'>cum</span> <span class='ocrx_word' id='word_1_306' title='bbox 1042 3576 1149 3648; x_wconf 83' lang='lat' dir='ltr'>aliquo,</span> <span class='ocrx_word' id='word_1_307' title='bbox 1178 3573 1228 3648; x_wconf 91' lang='lat' dir='ltr'>qui</span> 
     </span>
     <span class='ocr_line' id='line_1_34' title="bbox 154 3660 1229 3736; baseline -0.002 -18"><span class='ocrx_word' id='word_1_308' title='bbox 154 3661 278 3718; x_wconf 89' lang='lat' dir='ltr'>alicuius</span> <span class='ocrx_word' id='word_1_309' title='bbox 301 3670 400 3736; x_wconf 86' lang='lat' dir='ltr'>partes</span> <span class='ocrx_word' id='word_1_310' title='bbox 422 3661 576 3736; x_wconf 84' lang='lat' dir='ltr'>aequaturi</span> <span class='ocrx_word' id='word_1_311' title='bbox 610 3661 668 3734; x_wconf 81' lang='lat' dir='ltr'>Qui</span> <span class='ocrx_word' id='word_1_312' title='bbox 688 3660 858 3718; x_wconf 86' lang='lat' dir='ltr'>defenderet</span> <span class='ocrx_word' id='word_1_313' title='bbox 877 3661 935 3718; x_wconf 90' lang='lat' dir='ltr'>diei</span> <span class='ocrx_word' id='word_1_314' title='bbox 952 3679 1009 3718; x_wconf 81' lang='lat' dir='ltr'>esse</span> <span class='ocrx_word' id='word_1_315' title='bbox 1030 3661 1121 3734; x_wconf 75' lang='lat' dir='ltr'>abque</span> <span class='ocrx_word' id='word_1_316' title='bbox 1135 3678 1229 3732; x_wconf 73' lang='lat' dir='ltr'>petiere</span> 
     </span>
     <span class='ocr_line' id='line_1_35' title="bbox 153 3743 1229 3822; baseline -0.004 -19"><span class='ocrx_word' id='word_1_317' title='bbox 153 3747 250 3820; x_wconf 85' lang='lat' dir='ltr'>(quasi</span> <span class='ocrx_word' id='word_1_318' title='bbox 272 3765 366 3822; x_wconf 85' lang='lat' dir='ltr'>genus</span> <span class='ocrx_word' id='word_1_319' title='bbox 388 3745 516 3819; x_wconf 79' lang='lat' dir='ltr'>qualitas</span> <span class='ocrx_word' id='word_1_320' title='bbox 539 3747 602 3819; x_wconf 87' lang='lat' dir='ltr'>sit),</span> <span class='ocrx_word' id='word_1_321' title='bbox 626 3765 685 3803; x_wconf 89' lang='lat' dir='ltr'>non</span> <span class='ocrx_word' id='word_1_322' title='bbox 707 3755 842 3822; x_wconf 84' lang='lat' dir='ltr'>repertus</span> <span class='ocrx_word' id='word_1_323' title='bbox 864 3756 923 3816; x_wconf 88' lang='lat' dir='ltr'>est,</span> <span class='ocrx_word' id='word_1_324' title='bbox 952 3745 1007 3803; x_wconf 88' lang='lat' dir='ltr'>etsi</span> <span class='ocrx_word' id='word_1_325' title='bbox 1030 3744 1072 3802; x_wconf 90' lang='lat' dir='ltr'>sic</span> <span class='ocrx_word' id='word_1_326' title='bbox 1094 3743 1229 3801; x_wconf 87' lang='lat' dir='ltr'>nonnulli</span> 
     </span>
     <span class='ocr_line' id='line_1_36' title="bbox 153 3829 1229 3908; baseline -0.003 -20"><span class='ocrx_word' id='word_1_327' title='bbox 153 3832 317 3888; x_wconf 83' lang='lat' dir='ltr'>ediderunt.</span> <span class='ocrx_word' id='word_1_328' title='bbox 362 3832 537 3888; x_wconf 83' lang='lat' dir='ltr'>Lambinus:</span> <span class='ocrx_word' id='word_1_329' title='bbox 560 3842 598 3888; x_wconf 87' lang='lat' dir='ltr'>est</span> <span class='ocrx_word' id='word_1_330' title='bbox 620 3851 653 3888; x_wconf 80' lang='lat' dir='ltr'>ae</span> <span class='ocrx_word' id='word_1_331' title='bbox 675 3833 728 3888; x_wconf 82' lang='lat' dir='ltr'>illo.</span> <span class='ocrx_word' id='word_1_332' title='bbox 774 3831 832 3889; x_wconf 91' lang='lat' dir='ltr'>Sed</span> <span class='ocrx_word' id='word_1_333' title='bbox 855 3831 1038 3908; x_wconf 84' lang='lat' dir='ltr'>significatur</span> <span class='ocrx_word' id='word_1_334' title='bbox 1059 3829 1121 3886; x_wconf 75' lang='lat' dir='ltr'>hiez</span> <span class='ocrx_word' id='word_1_335' title='bbox 1144 3831 1229 3886; x_wconf 82' lang='lat' dir='ltr'>locum</span> 
     </span>
     <span class='ocr_line' id='line_1_37' title="bbox 155 3916 625 3989; baseline 0 -17"><span class='ocrx_word' id='word_1_336' title='bbox 155 3917 233 3974; x_wconf 81' lang='lat' dir='ltr'>babet</span> <span class='ocrx_word' id='word_1_337' title='bbox 255 3920 282 3973; x_wconf 82' lang='lat' dir='ltr'>in</span> <span class='ocrx_word' id='word_1_338' title='bbox 304 3919 349 3974; x_wconf 73' lang='lat' dir='ltr'>illo</span> <span class='ocrx_word' id='word_1_339' title='bbox 368 3936 476 3989; x_wconf 62' lang='lat' dir='ltr'>penem</span> <span class='ocrx_word' id='word_1_340' title='bbox 499 3916 552 3973; x_wconf 84' lang='lat' dir='ltr'>cfr.</span> <span class='ocrx_word' id='word_1_341' title='bbox 577 3917 625 3973; x_wconf 87' lang='grc'>69.</span> 
     </span>
    </p>

    <p class='ocr_par' dir='ltr' id='par_1_7' title="bbox 152 3999 1229 4503">
     <span class='ocr_line' id='line_1_38' title="bbox 240 3999 1227 4080; baseline -0.003 -23"><span class='ocrx_word' id='word_1_342' title='bbox 240 4000 298 4080; x_wconf 81' lang='lat' dir='ltr'>[id]</span> <span class='ocrx_word' id='word_1_343' title='bbox 327 4003 443 4075; x_wconf 62' lang='lat' dir='ltr'>efficiens</span> <span class='ocrx_word' id='word_1_344' title='bbox 471 4004 527 4059; x_wconf 80' lang='lat' dir='ltr'>dici</span> <span class='ocrx_word' id='word_1_345' title='bbox 548 4000 649 4076; x_wconf 77' lang='lat' dir='ltr'>potest)</span> <span class='ocrx_word' id='word_1_346' title='bbox 673 3999 705 4059; x_wconf 87' lang='lat' dir='ltr'>si</span> <span class='ocrx_word' id='word_1_347' title='bbox 733 4002 764 4057; x_wconf 83' lang='lat' dir='ltr'>id</span> <span class='ocrx_word' id='word_1_348' title='bbox 785 4001 942 4070; x_wconf 89' lang='lat' dir='ltr'>retinetur,</span> <span class='ocrx_word' id='word_1_349' title='bbox 970 4001 1045 4074; x_wconf 83' lang='lat' dir='ltr'>qaod</span> <span class='ocrx_word' id='word_1_350' title='bbox 1065 4017 1227 4074; x_wconf 88' lang='lat' dir='ltr'>pronomen</span> 
     </span>
     <span class='ocr_line' id='line_1_39' title="bbox 154 4084 1228 4162; baseline -0.003 -20"><span class='ocrx_word' id='word_1_351' title='bbox 154 4094 198 4142; x_wconf 85' lang='lat' dir='ltr'>est</span> <span class='ocrx_word' id='word_1_352' title='bbox 232 4096 261 4143; x_wconf 92' lang='lat' dir='ltr'>et</span> <span class='ocrx_word' id='word_1_353' title='bbox 293 4087 440 4143; x_wconf 86' lang='lat' dir='ltr'>sententia</span> <span class='ocrx_word' id='word_1_354' title='bbox 472 4085 640 4162; x_wconf 85' lang='lat' dir='ltr'>generalia,</span> <span class='ocrx_word' id='word_1_355' title='bbox 668 4103 760 4159; x_wconf 87' lang='lat' dir='ltr'>eaque</span> <span class='ocrx_word' id='word_1_356' title='bbox 793 4085 940 4142; x_wconf 86' lang='lat' dir='ltr'>sententia</span> <span class='ocrx_word' id='word_1_357' title='bbox 966 4085 1009 4142; x_wconf 84' lang='lat' dir='ltr'>sie</span> <span class='ocrx_word' id='word_1_358' title='bbox 1036 4087 1101 4159; x_wconf 87' lang='lat' dir='ltr'>(par</span> <span class='ocrx_word' id='word_1_359' title='bbox 1127 4084 1228 4158; x_wconf 74' lang='lat' dir='ltr'>autent)</span> 
     </span>
     <span class='ocr_line' id='line_1_40' title="bbox 154 4167 1228 4248; baseline -0.003 -20"><span class='ocrx_word' id='word_1_360' title='bbox 154 4171 339 4248; x_wconf 85' lang='lat' dir='ltr'>adiungitur,</span> <span class='ocrx_word' id='word_1_361' title='bbox 370 4172 454 4246; x_wconf 85' lang='lat' dir='ltr'>quasi</span> <span class='ocrx_word' id='word_1_362' title='bbox 483 4172 618 4229; x_wconf 83' lang='lat' dir='ltr'>absolvat</span> <span class='ocrx_word' id='word_1_363' title='bbox 641 4169 859 4227; x_wconf 81' lang='lat' dir='ltr'>conclusionem</span> <span class='ocrx_word' id='word_1_364' title='bbox 887 4179 955 4227; x_wconf 89' lang='lat' dir='ltr'>ante</span> <span class='ocrx_word' id='word_1_365' title='bbox 978 4177 1122 4244; x_wconf 88' lang='lat' dir='ltr'>coeptam.</span> <span class='ocrx_word' id='word_1_366' title='bbox 1169 4167 1228 4228; x_wconf 87' lang='lat' dir='ltr'>Sed</span> 
     </span>
     <span class='ocr_line' id='line_1_41' title="bbox 153 4253 1229 4331; baseline -0.002 -18"><span class='ocrx_word' id='word_1_367' title='bbox 153 4267 288 4331; x_wconf 85' lang='lat' dir='ltr'>apertum</span> <span class='ocrx_word' id='word_1_368' title='bbox 306 4265 359 4328; x_wconf 91' lang='lat' dir='ltr'>est,</span> <span class='ocrx_word' id='word_1_369' title='bbox 383 4257 438 4314; x_wconf 89' lang='lat' dir='ltr'>hoc</span> <span class='ocrx_word' id='word_1_370' title='bbox 457 4258 618 4314; x_wconf 89' lang='lat' dir='ltr'>membrum</span> <span class='ocrx_word' id='word_1_371' title='bbox 641 4273 761 4331; x_wconf 87' lang='lat' dir='ltr'>prorsus</span> <span class='ocrx_word' id='word_1_372' title='bbox 783 4256 961 4331; x_wconf 86' lang='lat' dir='ltr'>respondere</span> <span class='ocrx_word' id='word_1_373' title='bbox 983 4253 1129 4331; x_wconf 85' lang='lat' dir='ltr'>superiori</span> <span class='ocrx_word' id='word_1_374' title='bbox 1151 4256 1229 4328; x_wconf 80' lang='lat' dir='ltr'>(quia</span> 
     </span>
     <span class='ocr_line' id='line_1_42' title="bbox 153 4339 1229 4416; baseline -0.001 -18"><span class='ocrx_word' id='word_1_375' title='bbox 153 4352 193 4398; x_wconf 82' lang='lat' dir='ltr'>est</span> <span class='ocrx_word' id='word_1_376' title='bbox 218 4374 252 4384; x_wconf 93' lang='lat'>-</span> <span class='ocrx_word' id='word_1_377' title='bbox 278 4352 317 4399; x_wconf 83' lang='lat' dir='ltr'>est</span> <span class='ocrx_word' id='word_1_378' title='bbox 338 4346 366 4398; x_wconf 82' lang='lat' dir='ltr'>in</span> <span class='ocrx_word' id='word_1_379' title='bbox 388 4344 433 4399; x_wconf 83' lang='lat' dir='ltr'>illo</span> <span class='ocrx_word' id='word_1_380' title='bbox 454 4343 531 4416; x_wconf 87' lang='lat' dir='ltr'>oet.).</span> <span class='ocrx_word' id='word_1_381' title='bbox 578 4343 682 4416; x_wconf 89' lang='lat' dir='ltr'>Itaque</span> <span class='ocrx_word' id='word_1_382' title='bbox 705 4359 764 4398; x_wconf 88' lang='lat' dir='ltr'>non</span> <span class='ocrx_word' id='word_1_383' title='bbox 787 4341 897 4412; x_wconf 90' lang='lat' dir='ltr'>dubito,</span> <span class='ocrx_word' id='word_1_384' title='bbox 920 4341 991 4416; x_wconf 91' lang='lat' dir='ltr'>quin</span> <span class='ocrx_word' id='word_1_385' title='bbox 1013 4342 1044 4398; x_wconf 84' lang='lat' dir='ltr'>id</span> <span class='ocrx_word' id='word_1_386' title='bbox 1065 4359 1102 4397; x_wconf 88' lang='lat' dir='ltr'>ex</span> <span class='ocrx_word' id='word_1_387' title='bbox 1125 4339 1229 4398; x_wconf 86' lang='lat' dir='ltr'>ultima</span> 
     </span>
     <span class='ocr_line' id='line_1_43' title="bbox 152 4425 1228 4503; baseline 0.001 -21"><span class='ocrx_word' id='word_1_388' title='bbox 152 4426 268 4502; x_wconf 86' lang='lat' dir='ltr'>syllaba</span> <span class='ocrx_word' id='word_1_389' title='bbox 295 4427 378 4484; x_wconf 83' lang='lat' dir='ltr'>verbi</span> <span class='ocrx_word' id='word_1_390' title='bbox 412 4427 615 4503; x_wconf 86' lang='lat' dir='ltr'>praecedentis</span> <span class='ocrx_word' id='word_1_391' title='bbox 647 4435 744 4485; x_wconf 87' lang='lat' dir='ltr'>ortum</span> <span class='ocrx_word' id='word_1_392' title='bbox 778 4427 826 4485; x_wconf 88' lang='lat' dir='ltr'>sit.</span> <span class='ocrx_word' id='word_1_393' title='bbox 878 4426 1022 4484; x_wconf 88' lang='lat' dir='ltr'>Lambino</span> <span class='ocrx_word' id='word_1_394' title='bbox 1045 4425 1228 4500; x_wconf 84' lang='lat' dir='ltr'>Davisioqua</span> 
     </span>
    </p>
   </div>
   <div class='ocr_carea' id='block_1_5' title="bbox 0 0 1520 5086">
    <p class='ocr_par' dir='ltr' id='par_1_8' title="bbox 0 0 1520 5086">
     <span class='ocr_line' id='line_1_44' title="bbox 0 0 1520 5086; baseline 0 0"><span class='ocrx_word' id='word_1_395' title='bbox 0 0 1520 5086; x_wconf 95' lang='lat' dir='ltr'> </span> 
     </span>
    </p>
   </div>
  </div>
 </body>
</html>
