3030 5086
664 496 861 544 omnnium.
1196 476 1301 545 xum
1336 555 1344 567 ι

216 666 348 745 generis
365 672 567 730 aooesserunt
581 665 614 729 in
630 665 767 730 editione
783 663 892 741 altera,
911 669 946 727 ut
959 663 997 742 V,
1010 664 1051 728 39
1063 667 1177 743 potare
1191 665 1224 744 (e
1240 683 1300 747 mg.

218 772 332 855 Crat).
367 771 429 838 Sed
450 770 620 837 Lambinus
642 772 673 835 in
696 769 745 836 his
766 771 862 850 libris,
884 771 972 834 utin
994 770 1073 849 aliis,
1096 771 1237 834 oodioum
1254 779 1300 835 te-

221 879 373 946 stimonia
389 880 545 960 quaedam
561 877 663 957 finxit3
684 896 786 959 neque
802 877 883 942 enim
899 877 1015 958 ubique
1030 877 1133 958 ipsum
1149 877 1198 956 iis,
1220 896 1301 958 quae

222 988 256 1053 in
274 987 412 1052 Memmii
428 986 624 1068 oliommque
639 985 810 1050 amioorum
828 984 979 1049 libromm
995 985 1187 1066 marginibus
1203 1003 1300 1049 anno-

224 1103 295 1160 tata
306 1092 509 1177 repperisset
526 1094 691 1173 deceptum
706 1092 810 1157 dioere
825 1092 906 1157 boet
939 1092 1125 1157 Huiusmodi
1141 1099 1198 1171 est
1215 1091 1301 1173 quod

223 1203 267 1267 sd
289 1203 319 1279 1,
344 1203 384 1266 19
406 1194 527 1280 scribit,
554 1200 585 1264 in
608 1199 787 1264 melioribus
809 1199 896 1264 libris
918 1217 981 1263 non
1003 1217 1184 1280 comparere
1206 1200 1302 1264 verba

225 1329 323 1390 meam
347 1308 416 1388 fien'
442 1307 506 1372 sine
527 1325 621 1371 ooaso
640 1305 811 1388 quidquam
831 1305 940 1385 dicere,
968 1324 1050 1386 quae
1072 1306 1232 1371 Manutius
1254 1306 1301 1371 in·

222 1423 318 1480 caute
339 1416 552 1493 damnaverat
574 1414 696 1478 oodices
718 1432 824 1478 omnes
847 1421 931 1479 reete
953 1414 1077 1492 habent,
1100 1423 1132 1478 et
1153 1415 1238 1495 quod
1259 1413 1302 1478 ad

222 1523 313 1600 1‚41,
334 1521 430 1587 libros
452 1529 574 1587 veteres
595 1520 727 1585 habere:
749 1540 829 1602 qaae
848 1539 906 1584 soso
924 1520 991 1584 sede
1007 1525 1155 1583 notorum
1172 1525 1229 1583 oui
1244 1519 1302 1584 soi·

219 1627 346 1692 liotore.
391 1628 467 1709 (Uir.
490 1630 532 1694 ad
555 1629 586 1707 1,
604 1631 623 1693 3
645 1629 685 1692 de
707 1627 843 1709 denique,
865 1628 911 1706 11,
928 1630 993 1703 42.)
1037 1627 1086 1692 Ne
1107 1627 1140 1691 in
1162 1628 1302 1708 margine

221 1737 350 1817 quidem
373 1735 525 1818 repetitae
547 1735 699 1800 eddonis·
712 1736 788 1800 talia
809 1715 942 1816 prorsus
963 1736 1078 1799 desunt
1099 1740 1316 1816 (quamquam-

220 1842 264 1908 ibi
287 1844 341 1908 alii
363 1843 493 1908 turbare
514 1846 705 1923 potuerunt),
728 1852 763 1907 ut
785 1843 824 1922 11,
845 1844 883 1907 11
908 1860 926 1906 e
947 1849 1054 1907 vetere
1077 1841 1182 1906 oodice
1203 1860 1301 1905 anno-

221 1957 311 2015 tatur
331 1947 490 2028 indoloria,
512 1951 597 2030 quod
618 1950 649 2014 in
673 1950 755 2014 nullo
777 1950 884 2014 oodiee
902 1949 1105 2015 Ciceroniano
1121 1947 1218 2013 fuisse
1233 1967 1301 2013 oer-

219 2057 380 2122 tissimum
407 2066 464 2121 est
519 2057 626 2138 (Quod
657 2057 688 2120 in
721 2057 780 2121 boo
812 2057 953 2139 margine
985 2056 1148 2137 permultis
1175 2057 1302 2123 vocibus

222 2164 356 2247 antiqrm
384 2182 471 2228 more
496 2163 622 2245 seriptis
649 2164 777 2228 additur
805 2164 882 2229 haec
910 2172 998 2228 nota:
1032 2162 1074 2226 sio
1100 2181 1126 2225 o.
1148 2184 1176 2226 o.
1199 2182 1237 2243 o,
1270 2165 1302 2228 id

223 2272 384 2354 pertinere
404 2271 446 2335 ad
467 2288 661 2336 communem
682 2271 892 2352 antiquiorum
920 2272 1060 2336 codicum
1081 2288 1213 2350 morem,
1240 2290 1302 2336 non

221 2381 267 2444 ad
289 2388 393 2444 certos
414 2379 538 2444 oodioes
560 2379 592 2443 in
611 2378 662 2443 iuis
686 2379 773 2444 libris
795 2377 966 2456 adhibitos,
989 2378 1068 2444 satis
1089 2377 1201 2460 liquet,
1223 2397 1301 2459 quo·

225 2487 310 2552 niam
335 2486 410 2551 nihil
430 2485 515 2551 aliud
537 2486 582 2550 illi
603 2505 631 2550 o.
652 2505 681 2550 v.
703 2504 729 2550 o.
753 2484 928 2567 praebent)

312 2593 413 2656 Fulvii
429 2593 536 2658 Ursini
557 2593 688 2672 codices,
711 2594 773 2675 qui,
796 2592 979 2673 ubicumque
996 2593 1152 2672 haeserat
1173 2601 1301 2673 praesto

222 2710 326 2780 eraut,
344 2718 585 2765 commemorare
596 2700 673 2764 nihil
683 2701 809 2778 attinet3
826 2700 887 2764 iam
899 2700 924 2778 1,
937 2703 953 2763 1
966 2719 1025 2781 pro
1037 2705 1159 2763 monna
1168 2699 1304 2764 medimna

224 2809 323 2873 habet
344 2812 409 2870 tant
430 2805 574 2885 molium,
595 2808 680 2888 quod
702 2808 844 2888 sequitur
865 2811 989 2887 tonoque
1009 2806 1151 2888 anatona
1174 2809 1232 2873 etsi
1254 2808 1304 2873 bic

226 2934 361 2997 quoque
383 2924 419 2979 ut
441 2915 522 2994 alibi,
544 2915 699 2980 interdum
722 2933 812 2979 veros
835 2915 955 2979 codices
977 2915 1150 2994 inspexisse
1169 2916 1303 2988 videtur,

226 3022 363 3088 fortasse
386 3024 478 3086 etiarn
501 3023 607 3098 bonos
630 3031 664 3086 ut
686 3023 740 3100 IV,
758 3024 807 3087 23.
840 3021 968 3098 Eadem,
991 3041 1054 3103 qua
1078 3023 1219 3100 Ursinus,
1240 3022 1305 3089 fide

225 3130 450 3196 Lallemandus
472 3129 658 3210 aliquotiens
681 3129 804 3193 codices
826 3129 930 3210 regios
953 3130 1104 3210 appellat;
1130 3130 1213 3195 velut
1235 3149 1303 3195 oum

227 3238 363 3303 Ursinus
386 3239 409 3315 1,
428 3238 467 3301 11
490 3237 520 3301 in
541 3255 598 3301 suo
615 3236 722 3301 oodioe
744 3235 876 3299 dinanno
895 3256 965 3301 esse
981 3235 1130 3315 finrdsset,
1152 3238 1201 3303 hic
1222 3239 1303 3303 idem

227 3345 258 3409 in
282 3345 405 3409 duobus
427 3345 574 3426 repperit

314 3452 385 3516 Non
407 3451 564 3530 fraudem,
593 3453 649 3516 sed
676 3469 814 3515 errorem
842 3469 1046 3530 permagnum
1074 3460 1106 3516 et
1134 3455 1304 3533 permirum

227 3558 346 3624 habent
374 3560 495 3624 codices
517 3560 588 3640 pius
610 3578 703 3641 quam
728 3558 854 3638 triginta
878 3560 1146 3641 Lagomarsiniani
1169 3579 1188 3624 a
1209 3562 1243 3624 F.
1266 3563 1303 3626 Α.

230 3664 341 3730 Wolfio
359 3666 591 3731 commemorati
606 3667 639 3731 in
656 3684 789 3730 censura
805 3666 950 3730 editionis
968 3667 1142 3731 Rathianae
1160 3667 1191 3731 in
1208 3667 1305 3747 ephe·

228 3774 398 3839 meridibus
421 3774 540 3838 lenens.
563 3792 590 3837 a.
611 3774 693 3838 1805
712 3793 741 3836 n.
759 3774 847 3854 63.¹)
879 3775 927 3837 Ex
949 3775 997 3838 his
1015 3775 1171 3839 codicibus
1187 3775 1220 3838 in
1237 3775 1304 3839 libr.

228 3882 307 3958 1,1o
324 3881 436 3963 viginti
458 3881 605 3946 dicuntur
627 3880 742 3945 babere
763 3881 847 3960 mon,
870 3883 951 3962 quod
972 3883 1003 3945 in
1023 3881 1107 3945 nullo
1126 3901 1226 3963 neque
1249 3899 1305 3962 op-

227 3988 303 4053 timo
331 4007 433 4070 noque
459 3988 596 4069 pessimo
630 3989 735 4053 oodioe
761 3989 927 4069 quisquam
957 3996 1123 4070 praeterea
1151 3988 1306 4070 repperit3

228 4095 365 4160 sedecim
388 4097 417 4173 1,
440 4098 482 4161 70
508 4096 562 4177 qui
582 4095 700 4175 dimon
728 4101 886 4176 postremo
914 4097 959 4174 11,
982 4097 1023 4161 36
1051 4115 1120 4159 ouon
1142 4096 1306 4177 particula,

258 4351 353 4411 ¹)th
373 4351 458 4402 worm
478 4353 660 4402 Ansieotorum
680 4353 756 4403 litter.
775 4352 824 4402 voi.
845 4352 855 4401 1
874 4351 965 4416 part.
