3030 5086
423 487 468 533 uu
491 486 571 532 una.
594 486 658 532 nra.
679 487 714 534 1v
737 486 810 533 cnr.
832 488 941 534 ss-as.
956 487 1089 553 (sa-ss.)
1229 470 1293 536 586

217 661 255 722 ut
270 655 315 721 ait
326 655 439 733 Attius,
455 653 630 719 malitiae
647 662 741 719 natae
752 659 833 718 sunt
863 654 914 718 69.
932 656 1024 735 Quod
1036 655 1117 720 enirn
1130 655 1294 738 sapientia,

218 758 330 840 pedem
352 756 407 822 ubi
428 763 574 836 poneret,
604 774 665 820 non
692 754 830 820 habebat
856 755 989 821 sublatis
1011 755 1121 823 officiis
1143 757 1294 837 omnibus,

219 857 321 925 officia
343 864 448 923 autem
469 857 656 921 tollebantur
678 856 800 921 deleam
822 858 905 922 omni
923 865 955 923 et
970 858 1147 924 discrimine
1163 867 1294 940 remoto,

219 978 300 1042 quac
328 977 398 1025 esse
424 978 488 1022 noa
509 964 655 1042 poterant
683 957 778 1023 rebus
800 959 943 1026 omnibus
971 960 1015 1025 sio
1036 961 1230 1042 exaequatis,
1260 967 1296 1026 ut

295 1152 313 1196 Ι.
338 1145 468 1197 Amat:
520 1145 573 1194 noti
589 1145 611 1193 E
663 1145 720 1209 quid
741 1146 801 1195 ment
820 1146 865 1197 CR
918 1151 942 1195 Ξ.
962 1147 1139 1212 alipedemC
1187 1147 1327 1212 lamec,

220 1213 374 1267 &deledoll
410 1221 433 1265 4.
452 1212 592 1277 quaestion
611 1213 757 1279 esaetPlslr.
778 1231 840 1278 quae
857 1223 878 1264 et
896 1215 979 1264 eracli
1005 1232 1052 1265 non
1069 1231 1118 1267 om.
1138 1231 1232 1276 omnes,
1251 1215 1295 1265 Or.

307 1371 356 1428 69.
383 1369 464 1438 Quod
484 1372 552 1427 enim
574 1367 719 1449 sapientia)
739 1370 892 1428 Manutius
913 1370 1026 1445 primus
1048 1373 1123 1445 qnod
1144 1371 1262 1446 scripsit
1280 1389 1296 1428 a
1376 1368 1378 1370 ’

214 1453 322 1514 Maffei
344 1455 421 1512 libro
433 1454 511 1528 (Pal.
527 1457 555 1525 4,
578 1455 673 1512 tribus
696 1456 814 1530 optimis
834 1454 912 1522 Gaii,
931 1451 1000 1536 [B];
1023 1456 1059 1512 de
1072 1454 1150 1515 Oxx.
1170 1457 1297 1531 tacetur)

221 1550 252 1598 et
271 1540 385 1617 periodi
407 1539 531 1597 formam
555 1540 698 1609 restituit,
720 1552 808 1597 antea
830 1541 873 1598 sio
896 1541 1083 1598 distractam:
1115 1539 1190 1610 Quia
1210 1545 1298 1598 enon!

220 1628 353 1702 sapientia
378 1657 410 1668 -
439 1626 559 1682 mnibus
566 1649 575 1691 ,·
598 1627 688 1698 officio
710 1634 766 1684 cet

306 1729 376 1785 quae
398 1728 527 1767 essenon
545 1707 686 1787 poterunt)
704 1711 779 1767 Tres
802 1719 870 1767 sunt
892 1709 1089 1768 conclusionis
1106 1711 1229 1786 gradum:
1253 1709 1296 1777 oi-

221 1794 296 1852 ficiis
318 1795 458 1864 sublatis,
486 1795 632 1870 sapientia
655 1795 735 1853 nulla
758 1805 816 1865 est3
845 1793 943 1853 officia
966 1795 1152 1864 periissent,
1182 1794 1296 1851 delectu

221 1888 251 1937 ct
273 1879 441 1938 discrimine
464 1891 592 1951 remoto;
616 1880 747 1937 delectus
770 1890 799 1937 et
822 1881 977 1937 discrimen
1001 1898 1066 1938 asse
1088 1899 1146 1936 uon
1165 1888 1297 1955 possunt,

221 1966 357 2022 omnibus
375 1965 557 2039 exaequatis.
593 1965 628 2021 ln
647 1964 709 2022 cod.
721 1966 800 2021 arch.
819 1966 971 2022 exciderat
987 1965 1133 2040 particula
1150 1964 1295 2041 negativa.

221 2051 326 2125 Itaque
349 2050 448 2106 nescio
471 2050 537 2124 quis
560 2050 655 2106 editor
672 2050 799 2125 (reperio
817 2050 874 2106 iam
893 2049 971 2125 apud
983 2049 1077 2123 Crat.)
1094 2049 1207 2106 addidit
1229 2052 1297 2106 enim

222 2145 252 2193 et
273 2144 340 2210 post
361 2138 497 2192 interesset
524 2135 724 2211 interrogandi
747 2145 862 2192 notam:
889 2153 960 2209 quae
986 2138 1054 2192 enirn
1081 2154 1138 2193 esse
1162 2144 1296 2210 poterunt,

221 2221 301 2278 radus
321 2253 356 2263 -
379 2223 537 2277 interessett.
557 2229 588 2276 ut
611 2221 684 2277 baec
706 2220 898 2295 interrogatio
921 2221 1105 2296 parenthesis
1127 2219 1224 2276 locum
1238 2219 1298 2278 ,ha-

222 2307 313 2363 beret.
357 2305 530 2362 Tenucrunt
552 2306 761 2376 eeteri;‚Man.
786 2315 884 2362 tamen
907 2314 1038 2376 annotat,
1061 2312 1131 2362 enim
1153 2323 1211 2361 nou
1234 2322 1298 2361 csse

203 2391 252 2449 ·in
275 2388 377 2447 Malloi
399 2390 480 2459 cod,
504 2389 606 2460 Grut,
630 2391 733 2448 abesse
757 2408 774 2446 a
798 2390 862 2448 Pal.
887 2392 920 2457 t,
944 2408 1030 2464 quern
1053 2390 1149 2447 solum
1172 2407 1298 2446 courme-

224 2485 319 2534 morat
347 2484 468 2551 propter
495 2477 569 2549 quod
596 2476 625 2532 in
649 2476 734 2532 initio
758 2474 887 2550 periodi',
918 2476 993 2532 Dav.
1016 2475 1045 2531 iu
1069 2476 1131 2532 suis
1153 2493 1210 2532 non
1234 2492 1298 2532 esse

223 2560 336 2630 scribit,
360 2558 440 2619 Oxx.
464 2578 522 2617 non
546 2560 574 2616 in
589 2555 673 2632 Εξψ;
697 2561 725 2617 in
750 2560 831 2617 nullo
855 2560 931 2617 euim
956 2561 1076 2617 omnino
1099 2569 1172 2618 arat.
1207 2558 1301 2618 Gzius

224 2655 321 2704 umen
351 2646 415 2702 eius
448 2644 491 2701 rei
524 2656 553 2702 et
580 2664 699 2702 suorum
728 2645 860 2703 codicum
890 2646 999 2703 oblitus
1027 2655 1081 2703 est.
1125 2644 1256 2704 Orellius
1283 2662 1301 2702 a

224 2731 288 2790 solo
311 2731 391 2788 vict.
422 2730 518 2787 omitti
547 2741 641 2805 putat.
687 2729 727 2811 [B
750 2740 782 2787 ut
804 2726 881 2811 Erl.]
925 2731 960 2788 In
990 2730 1042 2786 illa
1070 2730 1301 2806 interrogatione

223 2815 352 2874 inaniter
373 2815 410 2872 de
433 2814 540 2872 officiis
566 2816 615 2886 (ad
639 2835 674 2872 ea
697 2816 773 2873 enirn
798 2816 964 2873 necessario
987 2825 1048 2872 tum
1072 2814 1198 2872 refertur
1220 2815 1301 2890 quae)

223 2901 310 2971 idam,
333 2900 411 2975 quod
434 2899 543 2957 dictum
562 2910 634 2963 erat,
659 2921 711 2975 pro
730 2909 903 2976 argumento
920 2901 1026 2957 iterum
1045 2900 1173 2976 ponitur,
1196 2900 1300 2956 tertius

223 2985 421 3045 conclusionis
442 2986 551 3060 gradus
574 2986 765 3044 desideratur.
814 2982 875 3066 [De
899 2985 1055 3061 negatione
1077 2985 1107 3042 in
1130 2985 1196 3042 cod.
1219 2986 1299 3041 arch.

223 3072 332 3130 omissa
354 3070 407 3128 cfr.
430 3071 467 3127 ad
490 3072 552 3138 ΙΙΙ,
578 3067 644 3149 74.]
688 3071 761 3128 Post
783 3073 873 3144 officia
895 3081 982 3127 cutem
1006 3070 1069 3128 cod.
1092 3070 1154 3139 Et,
1185 3063 1228 3137 Εξ
1248 3069 1300 3126 ad·

224 3157 297 3215 dunt
323 3160 426 3225 munic,
460 3156 548 3213 nimis
576 3157 741 3232 diligenter.
786 3157 821 3214 ln
850 3159 1037 3229 unquentorum
1066 3155 1185 3211 nomine
1207 3153 1301 3211 ambi·

223 3242 321 3319 guitas
343 3242 486 3315 quaedam
511 3260 567 3297 nou
591 3260 698 3317 magna
720 3251 773 3298 est.
807 3241 897 3298 Initio
920 3241 997 3298 enim
1016 3240 1122 3316 capitis
1140 3240 1197 3297 hoc
1215 3257 1301 3296 voca-

224 3328 294 3385 bulo
322 3326 427 3386 Cicero
455 3327 602 3402 significat
630 3328 807 3402 posteriores
836 3327 902 3383 illas
930 3327 1106 3394 sententias,
1136 3325 1165 3381 in
1194 3324 1301 3399 quibus

225 3410 317 3472 Stoici
341 3411 497 3482 haereant,
528 3430 686 3486 earumque
710 3431 827 3470 causam
851 3412 976 3480 indicat,
1006 3411 1054 3468 hle
1075 3410 1227 3487 augustias
1249 3428 1301 3486 ap-

224 3497 313 3573 pellnt
336 3497 404 3553 illas
427 3498 507 3571 ipsas
530 3496 733 3567 difficultates,
763 3517 839 3573 quae
867 3516 884 3553 a
912 3496 1058 3573 principio
1087 3496 1223 3571 progredi
1253 3513 1301 3553 co·

224 3583 362 3640 nantibus
383 3583 558 3642 obiciantur.
583 3592 613 3639 et
635 3603 670 3638 ex
695 3584 730 3640 iis
754 3594 902 3658 tamquam
926 3601 963 3639 ex
981 3580 1063 3639 Ionte
1081 3591 1161 3638 ortas
1179 3599 1243 3638 esse
1260 3581 1302 3637 ait

224 3667 367 3726 absurdas
396 3668 464 3725 illas
486 3668 648 3725 sententias
676 3666 742 3744 (istc
770 3678 911 3726 evosenant
939 3669 1094 3740 daumero),
1138 3665 1252 3744 [Etiam
1277 3666 1301 3722 B

224 3772 257 3812 ec
284 3756 358 3823 satim
391 3754 503 3829 recepit
530 3754 683 3821 Baiterus3
717 3773 774 3809 non
805 3766 882 3810 recte
910 3753 1060 3811 concurrit
1087 3772 1120 3809 ee
1146 3754 1205 3808 istis
1232 3754 1299 3808 istc:

227 3838 309 3909 „Ista
325 3848 425 3895 vestra
448 3839 565 3895 decreta
589 3858 626 3895 ex
650 3839 700 3904 leis,
725 3856 798 3912 quas
817 3838 994 3904 demonstro,
1018 3834 1208 3913 angustiis“.]
1241 3837 1301 3893 Pro

225 3933 312 3981 tamen
333 3922 473 3982 dquzii
496 3935 559 3981 tom.
606 3925 671 3980 Hoc
689 3923 793 3983 Cicero
817 3925 902 3981 dicit:
925 3923 982 3981 Illa
1005 3922 1165 3991 Aristonis,
1189 3920 1301 3995 qualia·

225 4025 349 4082 cumque
372 4018 455 4079 sunt,
487 4019 583 4066 tamen
607 4009 736 4082 (saltem)
759 4009 905 4084 simplicia
927 4017 1009 4074 sunt;
1037 4008 1097 4064 vid.
1120 4007 1157 4064 ad
1180 4006 1226 4069 ΙΙ,
1251 4006 1300 4064 31.

225 4092 313 4172 [Mox
342 4094 488 4152 notandus
515 4094 669 4170 genetivus
699 4095 774 4151 nude
798 4095 912 4170 positus
934 4113 1017 4169 quam
1040 4095 1189 4161 Aristonis,
1218 4079 1234 4166 ἢ
1260 4081 1301 4146 τὰ

224 4174 279 4235 τοῦ
293 4169 360 4255 Ἀρ.
405 4178 467 4239 cn.
482 4181 570 4239 Tusc.
585 4181 622 4247 V,
641 4181 697 4237 105
720 4180 893 4248 Graecorum,
916 4179 951 4236 de
966 4178 1067 4237 Dirin.
1083 4179 1107 4248 Ι,
1121 4180 1176 4247 55;
1200 4176 1302 4233 durius

224 4263 298 4322 illud
321 4264 415 4322 Acad.
439 4266 468 4337 Ι,
495 4269 532 4323 14
555 4275 647 4323 contra
670 4267 806 4336 Philonis,
836 4283 894 4322 non
922 4273 1001 4321 recte
1025 4273 1124 4321 tamen
1146 4261 1302 4320 addubita-

225 4358 303 4419 tum,
332 4360 393 4407 tum
422 4350 451 4407 in
480 4351 564 4408 libris
587 4350 787 4426 significandis
808 4351 842 4407 de
867 4349 989 4408 Gracchi
1008 4351 1085 4425 apud
1106 4367 1227 4406 censores
1249 4346 1301 4406 Or.

226 4434 298 4506 238,
327 4439 355 4492 in
378 4437 492 4494 Libonis
513 4436 550 4493 ad
572 4438 637 4494 Att.
661 4436 751 4507 xflt,
776 4435 831 4506 32,
855 4435 884 4507 3,
907 4454 940 4494 es
962 4437 1123 4512 Apollodori
1142 4434 1203 4492 ibd.
1227 4433 1301 4504 ΧΠ,
