3030 5086
400 537 442 582 ar
467 535 545 581 nni„
569 535 632 580 rna.
655 534 677 579 rr
700 533 808 580 car.s
835 534 968 592 (ar-aen
1159 515 1222 580 195

143 705 314 786 amplexari
338 723 434 785 saepe
455 703 677 780 vehementius,
700 702 731 767 in
752 700 875 782 magnis
896 701 1053 766 interdum
1075 709 1221 768 versatur

145 807 307 886 angustiis
331 818 374 880 ut,
396 806 552 870 homiuum
576 804 764 869 conscicntia
786 812 921 882 remota,
944 804 1020 868 nihil
1041 813 1104 870 tam
1128 811 1220 887 turpe

145 910 194 987 sit,
212 910 294 989 quod
307 907 477 988 voluptatis
488 925 584 972 causa
600 926 660 970 non
674 907 819 971 videatur
830 925 901 973 esse
916 906 1067 972 facturus.
1091 906 1219 984 Deinde,

146 1011 197 1074 ubi
220 1010 343 1075 erubuit
359 1010 420 1090 (vis
435 1010 523 1081 ,enim
546 1019 593 1074 est
615 1026 788 1090 permagna
806 1011 963 1090 naturae),
986 1006 1126 1091 confugit
1140 1008 1221 1088 illuc,

146 1120 181 1176 ut
201 1124 293 1193 neget
314 1113 462 1176 accedere
483 1111 653 1192 quidquam
675 1128 770 1191 posse
791 1111 832 1175 ad
851 1112 1042 1193 voluptatem
1065 1111 1139 1175 nihil
1163 1111 1260 1175 dol)

144 1213 245 1279 lentis.
296 1215 338 1278 At
365 1213 425 1278 iste
452 1232 513 1278 non
541 1213 667 1278 dolendi
695 1222 796 1277 status
825 1232 886 1277 non
915 1222 1045 1278 vocatur
1066 1213 1220 1295 voluptas.

145 1317 214 1381 Non
238 1315 356 1392 laboro,
378 1316 487 1396 inquit,
510 1315 550 1380 de
567 1314 701 1380 nomine.
718 1350 760 1360 -—
777 1314 869 1394 Quid,
891 1316 975 1396 quod
999 1334 1050 1381 res
1071 1315 1134 1379 alia
1156 1326 1222 1380 tota

145 1419 213 1482 est?
235 1455 267 1462 -
289 1417 456 1498 Reperiam
479 1417 592 1480 multos
611 1416 658 1481 vel
680 1415 923 1481 innumerabiles
945 1417 1049 1497 potius
1073 1435 1134 1481 non
1157 1426 1221 1481 tam

145 1519 285 1584 curiosos
303 1537 359 1583 nec
375 1526 439 1582 tam
456 1518 611 1598 molestos,
634 1536 728 1599 quam
745 1537 801 1582 vos
818 1517 904 1597 estis,
926 1517 1048 1600 quibus,
1071 1519 1221 1601 quidquid

144 1621 244 1698 velim,
267 1620 357 1685 facile
378 1621 594 1701 persuadeam.
617 1658 652 1667 -
675 1620 758 1700 Quid
780 1638 855 1702 ergo
878 1620 1066 1695 dubitamus,
1088 1619 1172 1701 quiin,
1195 1619 1221 1684 si
1241 1621 1283 1683 10

145 1741 206 1787 non
230 1723 336 1787 dolere
352 1722 499 1803 voluptas
521 1722 563 1786 sit
581 1741 712 1800 summa,
734 1740 796 1786 non
819 1740 888 1787 esse
905 1721 937 1786 in
955 1721 1115 1803 voluptate
1131 1721 1221 1785 dolor

145 1826 187 1889 sit
207 1824 381 1888 maximus?
408 1842 463 1888 cur
490 1823 524 1887 id
551 1843 613 1888 non
641 1824 686 1888 ita
713 1822 769 1887 fit?
792 1861 829 1870 --
855 1823 937 1903 Quia
958 1822 1059 1888 dolori
1081 1842 1141 1888 non
1165 1842 1221 1887 vo-

144 1926 249 2008 luptas
271 1925 429 1990 contraria
451 1935 507 1991 est.
531 1927 588 1990 sed
611 1925 729 1990 doloris
751 1925 896 2006 privatio.

217 2135 236 2176 1.
255 2129 352 2193 saepae
371 2129 392 2179 C
414 2129 568 2179 vehementiae
586 2130 698 2194 saepeE
751 2134 772 2176 3,
798 2128 857 2192 quid
873 2130 896 2177 F,
930 2128 1040 2178 villemar
1059 2146 1137 2179 acuta
1159 2130 1220 2193 (om.

145 2198 242 2255 nonlss
277 2197 362 2247 deinde
385 2198 444 2246 enim
463 2198 542 2247 21th
595 2205 617 2245 4,
643 2197 702 2246 enim
720 2198 811 2247 ΜΕ
846 2205 881 2246 eat
899 2213 940 2248 om
968 2197 990 2248 C
1043 2202 1064 2249 5.
1084 2197 1149 2247 m‘cdt‘
1164 2208 1221 2263 (pro

144 2265 213 2328 aad)
233 2267 256 2314 E
297 2271 333 2314 ta.
355 2266 472 2331 [maximia
491 2265 543 2333 Αἱ]
584 2264 640 2332 [non
658 2265 685 2315 id
702 2265 735 2332 A]

143 2438 253 2495 codicis
275 2457 391 2514 genere.
414 2457 472 2497 non
496 2439 649 2516 diligentia
671 2439 824 2514 scriptoris
846 2437 1088 2495 commendabilis
1104 2438 1220 2496 ooniac-

144 2534 211 2580 tura
233 2533 371 2580 tentatur.

230 2614 270 2666 vis
292 2613 360 2665 euim
382 2609 434 2682 est)
459 2607 548 2686 [Cum
572 2608 634 2667 Erl.
657 2610 699 2682 (et
721 2609 758 2681 Β)
781 2608 968 2685 consentiunt
990 2602 1042 2678 Εξ.
1089 2607 1221 2683 Scripse-

143 2712 206 2750 ram
229 2698 366 2751 estotim.
412 2694 498 2751 Nunc
521 2695 594 2752 nibil
619 2693 726 2771 muto]
770 2693 838 2750 Vid.
862 2693 899 2749 ad
922 2693 947 2762 1,
972 2694 1022 2753 43.

229 2799 280 2835 nort
303 2790 357 2836 tam
379 2781 511 2851 carricent)
534 2765 795 2855 πολυπράγμονας,
818 2778 944 2852 quinon
964 2777 1130 2835 necessaria
1152 2778 1220 2834 sub·

144 2863 237 2922 tiliter
259 2865 426 2939 exquirant.
473 2864 534 2926 etr.
558 2864 594 2921 ad
618 2865 642 2925 1,
667 2864 695 2922 3.

233 2949 308 3017 Quid
334 2970 397 3023 erqo
424 2951 590 3024 dictitamus)
614 2948 768 3005 Pertinent
790 2947 863 3004 haec
885 2948 922 3004 ad
946 2967 996 3014 ea,
1025 2965 1100 3021 quae
1123 2948 1153 3015 1,
1180 2948 1218 3004 37

144 3045 173 3093 et
202 3036 241 3092 38
275 3036 313 3091 ab
342 3036 488 3110 Epicurea
523 3047 606 3110 parte
639 3032 776 3107 exposita
804 3043 886 3103 sunt;
919 3051 974 3089 nec
1007 3043 1104 3089 tamen
1134 3033 1219 3088 valde

143 3120 291 3177 subtiliter
319 3120 517 3195 disputantnr;
552 3138 646 3192 neque
674 3118 751 3174 enim
780 3117 952 3176 dissolvitur
978 3119 1073 3193 ipsum
1098 3117 1219 3193 Epicuri

143 3206 292 3262 decretum
316 3216 343 3260 et
367 3205 423 3261 sibi
446 3223 609 3280 repugnare
633 3203 810 3272 ostenditur,
840 3204 906 3272 sed,
935 3203 1115 3259 intermixtis
1143 3203 1221 3260 inter

143 3291 278 3347 notiones
290 3290 452 3365 Epicureas
470 3290 515 3352 tis,
538 3308 611 3363 quas
634 3289 684 3345 ille
706 3306 764 3343 non
787 3289 942 3362 probabat,
966 3289 1009 3344 sic
1025 3288 1219 3344 concluditur.

143 3375 236 3448 Quasi
266 3375 342 3431 enirn
373 3375 516 3430 concedat
543 3374 703 3448 Epicurus,
738 3373 920 3448 voluptatem
948 3373 978 3429 in
1008 3384 1087 3429 motu
1116 3373 1218 3430 eodem
1300 3424 1306 3436 ,

143 3461 245 3530 modo,
274 3479 333 3534 quo
356 3460 502 3526 dolorem,
533 3478 631 3515 veram
656 3458 714 3514 vim
738 3477 844 3533 perse
867 3458 991 3522 habere,
1020 3458 1098 3532 quod
1122 3459 1217 3533 ipsum

143 3545 289 3620 Epicurus
317 3556 406 3620 negat
434 3555 463 3600 et
485 3553 598 3602 tantum
623 3544 815 3600 variationem
840 3562 903 3599 earn
928 3562 992 3599 esso
1015 3544 1072 3608 ait,
1102 3543 1219 3599 conclu·

142 3629 236 3688 ditur.
268 3631 329 3686 eius
354 3630 515 3704 voluptatis
544 3629 738 3704 privationem
763 3627 892 3685 dolorem
916 3627 1021 3685 efferre
1050 3638 1079 3684 et
1102 3628 1217 3702 quidem

142 3734 297 3771 summum.
344 3716 457 3771 Deinde
481 3733 529 3781 ea,
554 3734 629 3788 quae
653 3714 812 3789 Epicurum
837 3713 942 3772 Cicero
965 3714 1109 3769 dicentem
1133 3711 1218 3769 facit:

142 3804 207 3874 quio
229 3802 317 3855 dolori
339 3811 409 3857 cet..
439 3800 474 3855 ud
499 3800 620 3874 Epicuri
649 3810 776 3855 mentem
804 3799 847 3855 sic
870 3799 993 3855 dicenda
1016 3807 1114 3854 erant:
1142 3798 1219 3869 Quia

143 3884 236 3941 dolori
260 3885 510 3959 voluptasstans,
536 3903 591 3940 non
617 3903 737 3940 movens
760 3885 908 3940 contraria
931 3894 984 3941 est.
1020 3883 1096 3939 Nam
1115 3883 1218 3956 volup·

142 3979 241 4038 tatem,
266 3969 317 4024 sed
341 3980 476 4027 stantem.
501 3970 526 4025 is
548 3988 664 4043 quoque
688 3969 780 4025 dolori
804 3969 980 4026 contrariam
1004 3968 1141 4042 ponebat.
1180 3967 1219 4023 Et

142 4066 239 4110 tamen
263 4054 350 4111 facile
373 4053 469 4110 fuerat
493 4054 656 4120 ostendere,
680 4054 827 4110 hominem
846 4055 890 4110 sui
909 4056 953 4124 (ut
971 4053 1130 4126 loquimur)
1149 4070 1218 4108 con·

141 4139 232 4196 mium
262 4158 420 4213 numquam
450 4158 513 4195 esse
547 4140 576 4195 in
611 4139 688 4194 nudo
717 4138 768 4193 illo
796 4157 853 4194 non
883 4138 1000 4194 dolendi
1029 4147 1122 4204 statu,
1156 4137 1218 4203 sed,

142 4242 205 4280 curu
229 4223 294 4293 hoc,
319 4244 376 4279 non
401 4225 499 4281 dolere
523 4243 568 4291 se,
592 4224 715 4280 sentiret
737 4222 907 4298 (negative).
931 4222 1018 4278 simul
1042 4221 1161 4289 sentire,
1187 4241 1218 4278 se

142 4327 206 4366 ease
234 4319 263 4365 et
290 4310 390 4384 vigere
414 4310 579 4384 (positive),
609 4310 638 4365 in
668 4326 727 4382 qno
756 4316 851 4364 motus
880 4318 909 4363 ot
936 4307 1103 4363 iucunditas
1132 4317 1218 4363 esset.

142 4392 203 4471 [De
225 4394 325 4451 verbis
348 4397 378 4450 id
399 4414 449 4450 non
471 4398 510 4451 ita
531 4406 588 4451 oet.
609 4394 668 4452 vid.
687 4394 758 4468 ad·§
774 4395 821 4464 rt;
845 4404 978 4469 apparet,
1002 4410 1061 4448 non
1083 4403 1163 4448 recte
1186 4392 1216 4448 in

143 4483 171 4537 A
192 4481 224 4536 id
244 4483 282 4536 ita
305 4480 390 4537 iuxta
412 4478 506 4556 poni]

965 4558 1012 4608 18⁸
