3030 5086
251 469 316 536 580
644 487 690 532 na
712 486 844 533 nmmos
867 485 938 532 666.

252 663 308 721 aut
328 654 436 719 unde?
459 655 515 720 sed
537 654 611 735 quia
633 652 782 719 studebat
803 653 890 718 laudi
911 658 944 719 et
965 653 1126 734 dignitati,
1148 653 1281 719 multum
1302 653 1336 719 in

251 758 366 821 virtute
382 762 592 838 processerat.
626 757 676 821 66.
701 752 866 820 conferam
888 755 1020 839 [antem]
1039 774 1133 820 avum
1148 762 1237 821 tuum
1250 755 1335 820 Dru·

252 876 321 923 sum
340 877 409 922 cnm
429 858 461 922 C.
475 856 626 937 Graccho,
649 856 716 922 eius
734 856 800 922 fere
816 856 961 938 aequali?
994 859 1083 938 Quae
1101 857 1151 922 hic
1167 857 1213 923 rei
1230 856 1335 940 publi·

252 978 307 1025 cae
329 959 460 1024 vulnera
485 959 679 1041 imponebat,
708 960 817 1023 eadem
847 958 899 1023 ille
926 959 1067 1024 sanabat
1112 957 1145 1023 Si
1172 958 1248 1025 nihil
1276 966 1335 1039 est,

214 1064 235 1130 5
253 1061 336 1142 quod
366 1067 431 1125 tam
458 1061 591 1126 miseros
613 1057 707 1124 iaciat
728 1079 823 1142 quam
845 1059 990 1141 impietas
1019 1067 1051 1126 et
1072 1061 1187 1141 scelus,
1216 1061 1336 1126 utiam

324 1236 345 1281 2.
366 1239 444 1280 uatem
463 1246 512 1280 om.
531 1230 562 1289 E,
582 1231 636 1280 sine
653 1230 726 1280 uncis
744 1229 788 1280 Or.
843 1235 866 1280 1.
885 1247 936 1279 cam
954 1230 1045 1281 cmc
1083 1229 1281 1282 (1016666661
1298 1231 1338 1280 issa

245 1299 343 1360 ferali
379 1307 402 1348 1.
420 1297 538 1362 16111616
556 1298 589 1363 aa)
609 1298 655 1349 CR
691 1298 821 1347 56116616
840 1298 1059 1363 1616611661)11

253 1458 325 1512 sciam
348 1464 495 1532 tyrannum
518 1450 691 1534 [1161161
714 1454 734 1513 i.
748 1473 773 1510 6.
782 1457 903 1529 ploceaa,
921 1455 1114 1527 16531116
1131 1474 1185 1532 pro
1197 1454 1336 1515 aonam

254 1551 283 1598 et
302 1539 380 1598 Phil.
398 1541 436 1612 V,
455 1540 496 1597 30
519 1541 606 1614 quod,
636 1538 730 1597 Acad.
754 1540 796 1607 Il,
823 1540 882 1597 105
909 1550 939 1597 61
967 1539 1039 1598 Sall.
1062 1540 1130 1617 lug.
1154 1541 1182 1611 9,
1206 1540 1224 1596 2
1248 1541 1338 1610 idam3

254 1625 412 1702 singularis
429 1633 474 1682 cst
490 1623 586 1682 forma
605 1625 640 1680 de
660 1623 711 1682 Or.
724 1625 765 1694 II,
780 1621 871 1704 361];
895 1623 947 1682 cir.
962 1624 1136 1701 Wopkensii
1148 1625 1242 1683 Lectt.
1255 1624 1338 1682 Tull.

255 1730 283 1786 p.
304 1712 374 1768 115.
418 1711 496 1768 Dav.
526 1709 701 1766 auctoritate
730 1709 839 1767 codicis
862 1709 938 1769 CCC
967 1711 1015 1767 boc
1044 1710 1180 1768 omittere
1203 1709 1335 1769 volebat.

255 1794 391 1874 [Baitero
414 1795 443 1852 in
468 1795 512 1851 ed.
536 1794 605 1851 min.
628 1794 738 1870 placuit
762 1799 811 1870 qui
831 1798 907 1852 enim.
952 1794 1060 1853 Obstat
1082 1796 1145 1866 boo3
1174 1814 1243 1852 nam
1266 1795 1337 1852 sub·

254 1881 331 1938 iacto
365 1899 423 1937 non
456 1889 568 1937 mutato
599 1898 635 1936 ne
669 1881 724 1936 hoc
757 1880 875 1954 quidem
909 1879 1075 1938 addendum
1104 1890 1181 1946 erat:
1216 1880 1339 1940 obstant

255 1968 366 2040 quondo
388 1976 417 2022 et
439 1966 497 2036 uhi,
526 1983 617 2039 quae,
646 1963 672 2021 si
694 1965 730 2021 de
753 1965 890 2024 Graccho
912 1966 1126 2042 interrogatur,
1155 1966 1256 2042 inepte
1284 1965 1339 2023 ad·

256 2049 373 2119 duntur,
396 2060 475 2126 apte,
499 2050 523 2106 ai
546 2050 693 2108 universe.
730 2049 910 2126 Sapientem,
933 2051 984 2124 qui
1007 2051 1146 2109 aStoicis
1164 2051 1338 2127 fingeretur,

255 2154 292 2192 ne
315 2136 395 2211 ipsos
418 2135 536 2210 quidem
555 2152 731 2209 quemquam
754 2136 783 2192 in
808 2135 930 2192 historia
954 2146 1126 2202 monstrare,
1150 2135 1254 2193 etalii
1278 2153 1338 2193 non

255 2239 323 2278 raro
346 2229 375 2277 et·
398 2219 503 2280 Cicero
526 2218 603 2277 dixit
626 2220 656 2277 11
680 2221 773 2277 Acad.
800 2216 883 2299 145]

344 2307 394 2364 66.
422 2305 565 2378 Conferant
582 2302 699 2383 [66166]
716 2325 796 2362 avom
813 2305 900 2380 tuom)
918 2304 1100 2362 Particulam
1119 2304 1229 2362 omittit
1247 2305 1339 2363 etiam

257 2390 336 2465 Spir.
350 2386 415 2470 [B].
461 2390 564 2447 Potuit
586 2399 684 2446 tamen
707 2391 844 2447 excidere
867 2400 936 2446 ante
958 2410 1047 2460 anam,
1072 2409 1126 2447 nec
1148 2389 1340 2447 incommoda

257 2486 315 2544 est,
350 2492 415 2531 eum
450 2475 488 2531 ad
515 2474 639 2530 alterum
668 2474 834 2550 exemplum
864 2485 1040 2532 transeatur.
1089 2475 1340 2551 Interrogationis

257 2569 357 2617 notam
375 2577 441 2616 cum
456 2559 599 2617 Lambino
622 2559 736 2629 addidi;
759 2578 855 2634 neque
872 2560 949 2617 enirn
963 2559 1068 2619 Cicero
1085 2561 1339 2635 comparationem

256 2663 287 2702 se
311 2645 513 2702 instituturum
537 2644 695 2721 promittit,
723 2645 775 2702 aed
798 2654 900 2721 negat,
931 2644 1058 2703 conferri
1087 2663 1174 2721 posse
1202 2645 1340 2703 homines

258 2739 318 2787 tarn
336 2731 423 2805 longe
436 2729 592 2788 diiunctos.
628 2729 718 2787 Drusi
736 2749 914 2806 praenomen
928 2733 981 2802 (M.
994 2741 1062 2806 post
1072 2732 1157 2803 taam)
1169 2730 1340 2788 addendum

258 2833 322 2872 esse
335 2813 429 2873 Gaius
447 2815 622 2890 suspicatur,
641 2833 698 2872 non
717 2814 832 2884 inscite,
850 2816 879 2872 in
898 2816 1049 2873 notatione
1065 2815 1193 2872 hominis
1210 2814 1340 2873 Romani

258 2919 295 2957 ex
324 2900 448 2957 historia
476 2900 604 2975 exempli
633 2918 721 2957 causa
749 2899 865 2957 delecti.
909 2901 956 2958 De
985 2901 1160 2977 cognatione
1187 2899 1281 2959 Drusi
1309 2907 1341 2958 at

258 2984 379 3044 Catonia
403 2985 514 3042 dictum
536 2984 640 3041 estad
663 2986 721 3054 111,
746 2986 774 3042 8.

344 3070 525 3128 8161111661
547 3070 618 3143 cet.)
642 3071 751 3127 Veram
775 3070 950 3147 scripturam
974 3089 990 3126 6
1013 3069 1079 3128 Ρ61.
1094 3071 1122 3140 4,
1145 3069 1231 3129 Parr.
1247 3072 1262 3127 1
1277 3068 1341 3127 618

259 3155 411 3212 revocavit
429 3156 515 3223 Dav,
537 3164 609 3219 tum,
632 3155 669 3211 ab
689 3155 760 3216 Ern.
784 3166 923 3231 spretam,
946 3153 1040 3212 Gaius
1063 3174 1079 3211 6
1102 3155 1196 3212 tribus
1219 3153 1343 3230 optimis

258 3240 319 3297 suis
348 3240 431 3298 codd.
457 3238 522 3317 [B].
575 3239 673 3298 Ceteri
702 3243 763 3310 sed,
798 3241 828 3297 in
857 3259 915 3315 qua
942 3241 1088 3315 scriptura
1116 3239 1342 3315 perversissima

259 3324 363 3384 Cicero
381 3343 483 3382 omnes
505 3324 678 3400 insipientes
701 3325 808 3400 impios
831 3335 861 3381 et
877 3325 1036 3382 sceleratos
1052 3324 1134 3395 facit,
1157 3325 1247 3382 etiam
1261 3325 1343 3382 Dru·

258 3427 337 3479 sum,
368 3410 506 3484 quoniam
528 3409 672 3485 insipiens
694 3409 765 3482 init,
801 3420 830 3467 et
857 3410 925 3466 inde
955 3411 1005 3483 (ita
1033 3420 1062 3466 art
1089 3412 1155 3483 iam)
1178 3403 1342 3480 concludit,
1365 3417 1368 3420 ’

259 3495 382 3553 miseros
405 3513 478 3552 esse.
523 3495 593 3571 Ipsa
616 3495 682 3566 illa,
706 3515 781 3571 quae
804 3496 937 3566 additur,
960 3494 1144 3553 confirmatio
1167 3496 1256 3570 (qaod
1272 3514 1342 3572 pro·

252 3581 326 3654 secto
348 3581 422 3654 cunt)
445 3580 588 3649 ostendit,
618 3599 677 3638 non
706 3580 922 3639 consecutionis
950 3580 1195 3656 significationem
1219 3599 1343 3657 praeca·

258 3665 343 3735 dere,
372 3665 424 3722 sed
452 3677 504 3723 aut
526 3666 724 3723 concessionis
747 3678 798 3724 ant
820 3665 1011 3725 condicionis.
1057 3667 1118 3723 Iam
1140 3665 1289 3742 particula
1311 3666 1343 3723 in
1391 3738 1394 3743 Ι

258 3751 446 3809 concedendo
469 3751 512 3807 sic
534 3750 661 3821 additur,
685 3759 717 3807 61
740 3751 937 3827 significemus
960 3771 1029 3822 nos,
1053 3752 1169 3810 omissis
1191 3750 1239 3820 iis,
1263 3768 1342 3826 quae

259 3836 346 3893 aliter
374 3835 431 3893 dici
460 3836 589 3893 statuive
612 3836 740 3911 possint,
772 3837 888 3912 longina
910 3838 1078 3912 procedere.
1124 3835 1236 3893 Eadem
1260 3854 1343 3895 com·

258 3921 405 3996 positione
418 3922 459 3995 (61
475 3923 542 3994 iam)
554 3920 658 3980 Cicero
673 3921 765 3977 utitur
777 3921 814 3978 ad
827 3923 941 3991 Faml,
950 3922 977 3990 9,
989 3920 1036 3987 13,
1045 3919 1096 3998 [ad
1104 3922 1264 3991 AttVIlI,
1273 3922 1303 3994 3,
1312 3922 1342 3992 5,

259 4007 294 4062 de
307 4007 408 4063 Dicin.
422 4006 461 4075 Il,
476 4007 532 4076 33;
550 4016 578 4063 ut
595 4009 648 4062 iam
666 4010 780 4063 maxime
798 4007 874 4064 Plin.
894 4008 1005 4082 Paneg.
1019 4003 1083 4083 72].
1112 4007 1200 4063 Hunc
1217 4025 1236 4063 a
1253 4023 1343 4082 supe·

258 4092 336 4147 riore
359 4092 504 4148 sententia
522 4093 560 4149 ad
578 4092 797 4149 concessionem
821 4103 1035 4168 transgressum
1054 4091 1165 4150 Caesar
1187 4100 1217 4148 at
1236 4091 1344 4150 Livius

193 4245 195 4248 ι
257 4176 404 4233 interdum
429 4177 595 4253 significant
612 4180 665 4233 iam
683 4177 845 4252 particulae
864 4188 891 4233 61
908 4188 1123 4253 praeponentes
1135 4175 1235 4249 (Caes.
1249 4177 1287 4234 Β.
1300 4175 1341 4237 G.

258 4263 321 4333 Ill,
347 4263 381 4332 9,
408 4263 473 4321 Liv.
492 4264 530 4332 V,
549 4264 599 4334 54,
621 4264 666 4336 6),
696 4262 775 4336 quod
799 4281 816 4319 6
840 4262 975 4318 Walchio
998 4272 1077 4319 recte
1100 4262 1342 4321 animadversum

258 4347 394 4405 Handins
417 4348 517 4420 (Tura.
539 4348 588 4406 111
610 4367 639 4423 p.
660 4349 732 4422 140)
755 4347 797 4404 sic
820 4347 981 4422 improbat,
1005 4358 1039 4404 ut
1060 4347 1123 4422 ipse
1146 4347 1176 4403 in
1200 4346 1343 4407 Caesaris

258 4432 323 4491 loco
351 4431 512 4509 particulas
541 4433 640 4491 multis
663 4433 762 4491 verbis
790 4440 940 4508 separatas
963 4434 1030 4506 (iam
1057 4433 1157 4506 tamen)
1178 4431 1345 4511 coniungat
