3030 5086
450 467 494 513 nn
517 466 597 513 nan.
619 466 684 512 nra.
706 465 742 510 111
764 464 837 511 cnr.
857 467 880 514 a.
895 462 995 529 (r-s.)
1197 445 1257 508 347

184 635 253 700 simi
275 635 416 700 homines
439 635 479 698 de
500 634 594 698 rebus
617 653 678 697 non
695 632 875 714 pervagatis
896 630 1054 702 inusitatis
1071 630 1174 694 verbis
1191 638 1260 694 ute·

185 744 308 814 rentur,
341 745 459 816 quanto
488 736 520 800 id
548 735 637 800 nobis
664 734 764 813 tnagis
791 741 840 799 est
866 733 1112 804 concedendum,
1142 732 1195 813 qui
1222 748 1261 796 ea

184 857 266 902 nunc
287 838 422 918 primunr
444 838 595 901 audemus
617 837 792 916 attingere?
835 835 878 900 Et
894 835 1041 915 quoniam
1063 851 1158 914 saepe
1179 832 1261 897 dixi·

184 958 266 1017 mus,
290 938 469 1020 etquidem
491 956 560 1002 cnm
581 938 688 1019 aliqua
710 937 837 1018 querela
858 955 920 1001 non
944 937 1135 1027 Graecorum
1157 935 1260 1031 modq,

184 1042 241 1105 sed
263 1059 371 1105 eornm
393 1040 497 1119 etiam,
522 1040 576 1121 qui
597 1058 632 1105 se
654 1039 795 1105 Graecos
817 1039 917 1121 mams
939 1056 1032 1121 quarn
1055 1044 1179 1102 nostros
1200 1036 1298 1104 had

258 1267 276 1312 1.
295 1259 478 1324 perpetuatae
515 1267 536 1310 2.
556 1268 645 1323 quanto
669 1259 706 1308 oei
728 1259 793 1310 nobie
813 1260 855 1308 Ll'
883 1268 972 1324 quanto
995 1258 1022 1307 id
1041 1257 1079 1306 vei
1100 1259 1166 1307 nobie
1186 1257 1260 1306 Mea

183 1346 214 1378 ea
232 1327 268 1377 vel
285 1346 346 1377 nunc
365 1329 384 1376 h
437 1335 452 1374 3
480 1330 526 1376 etsi
541 1329 651 1391 quoniam
670 1326 740 1394 [ΜΕ
760 1328 817 1378 Etsi
833 1328 898 1392 quod
914 1325 1077 1394 LPMQROr.
1133 1335 1154 1373 4.
1176 1325 1259 1391 [quoe-

184 1396 236 1446 relo
256 1395 288 1465 A]
327 1403 349 1446 5.
368 1397 438 1445 etiarn
457 1414 534 1444 eorum
554 1395 673 1445 LPMcrt

185 1614 377 1680 propagatum
396 1614 440 1658 ost
457 1600 571 1674 fuitque
589 1602 618 1658 in
636 1621 695 1659 nno
714 1613 743 1658 et
760 1604 853 1659 altero
871 1602 935 1658 eod.
947 1601 1025 1674 (Pal.
1039 1606 1119 1673 nno).
1147 1600 1258 1658 Verum

185 1688 248 1745 erat
275 1689 304 1744 in
330 1707 387 1762 mg.
411 1686 507 1756 Crat,
540 1687 615 1744 Pali.
646 1687 790 1762 quinque,
820 1689 903 1744 Parr.
934 1692 964 1756 l,
991 1688 1023 1754 3,
1053 1685 1098 1741 El.
1124 1694 1261 1758 utroque,

185 1774 253 1831 Gaii
277 1773 421 1832 omnihus.
455 1772 523 1830 Vid.
547 1773 583 1828 ad
608 1773 648 1837 11,
672 1774 718 1829 15.
752 1773 868 1829 Deinde
890 1774 921 1828 id
941 1773 1016 1828 nobie
1039 1770 1104 1826 Pal.
1131 1772 1157 1839 1,
1181 1769 1261 1844 Spir.

184 1856 240 1936 [B]
263 1867 300 1923 ot,
324 1858 348 1914 si
371 1857 490 1914 silentio
512 1857 593 1924 tides,
618 1853 670 1928 Εξ,
695 1858 760 1914 edd.
785 1858 853 1917 inde
876 1857 1050 1923 aGruter0;
1074 1857 1104 1912 id
1124 1856 1166 1911 oei
1187 1855 1261 1912 nobis

185 1944 264 2001 Oxx.
287 1942 403 2016 reliqui,
427 1941 505 2000 Gud.
536 1947 559 1998 1.
584 1945 652 1999 Bas.
698 1943 839 2000 Davisius
862 1952 948 1998 tacet.

270 2029 309 2083 Et
331 2031 456 2102 quomam
478 2047 557 2102 saepe
579 2037 649 2097 cet.)
673 2027 747 2085 Cum
767 2027 908 2085 Davisius
925 2039 954 2082 at
973 2025 1127 2082 Ernestius
1150 2022 1260 2080 haesis-

185 2124 248 2170 sent
278 2114 305 2169 in
335 2113 456 2188 vulgata
485 2113 631 2186 scriptura
660 2115 721 2185 (etsi
747 2115 821 2187 qaod
848 2113 952 2187 saepe),
988 2111 1143 2184 deletoque
1172 2110 1260 2183 qaod,

183 2199 346 2254 orationem
370 2199 412 2253 sic
429 2198 592 2253 continuari
611 2197 786 2254 voluissent:
811 2200 876 2255 Etsi
896 2217 975 2271 saepe
994 2198 1112 2252 dirimas
1134 2227 1180 2262 -,
1205 2197 1262 2250 eia·

184 2285 331 2340 horandum
358 2293 410 2350 est,
440 2292 469 2337 et
497 2282 613 2339 sublata
641 2284 784 2340 orationis
811 2281 1000 2340 cohaerentia
1028 2291 1057 2336 et
1085 2280 1262 2354 pravissima

183 2369 337 2433 sententia,
362 2368 497 2424 Bromius
519 2367 632 2428 docuit.
660 2371 710 2424 etsi
736 2366 971 2442 coniungendam
996 2384 1060 2423 esee
1083 2383 1147 2420 cum
1172 2365 1261 2420 elabo-

184 2455 300 2508 randum
329 2463 382 2521 eat,
411 2463 441 2508 et
470 2471 534 2509 esse
563 2453 637 2508 hanc
665 2453 848 2527 superiorum
878 2450 1099 2508 correctionem.
1144 2448 1261 2521 (Gaius,

183 2538 291 2594 additis
314 2539 497 2612 parenthesis
521 2538 606 2594 notis.
630 2538 729 2594 omnia
751 2556 782 2595 ee
806 2537 894 2613 plana
916 2535 1078 2592 reddidisse
1095 2527 1261 2610 gloriatur.)
1296 2579 1297 2583 1

184 2624 276 2696 Atqui
301 2623 417 2679 dixerat
439 2621 557 2680 Cicero.
586 2623 803 2679 concedendurn
828 2621 942 2680 Latinis
969 2620 1164 2695 scriptoribus
1187 2637 1260 2687 esee,

183 2727 247 2764 cum
284 2727 360 2764 nune
394 2707 519 2781 primum
554 2706 768 2782 philosophiam
803 2709 1002 2781 attingerent,
1042 2716 1074 2761 ut
1112 2704 1265 2780 inusitatis,

185 2794 283 2850 verbis
301 2804 462 2849 uterentur.
498 2793 622 2860 Subicit,
641 2792 851 2849 elaborandum
869 2810 942 2849 esso.
966 2801 1007 2859 ut,
1026 2791 1104 2864 qnod
1122 2790 1157 2844 de
1175 2789 1261 2863 copia

184 2880 327 2934 sermonis
358 2878 454 2934 Latini
483 2896 571 2952 saepe
599 2877 721 2947 dixerit,
756 2896 814 2934 non
842 2877 871 2933 in
903 2875 1043 2933 Romanis
1071 2885 1185 2930 tuntum
1214 2894 1261 2930 ru·-

184 2965 276 3031 tibus,
306 2964 358 3020 sed
386 2964 414 3017 in
445 2962 568 3018 Graecis
597 2982 713 3036 quoqne
741 2982 805 3019 carn
834 2962 948 3036 copiam
978 2971 1179 3032 assequantur.
1226 2959 1261 3016 ld

185 3068 240 3104 non
266 3059 380 3122 poterat
404 3048 466 3104 ficri
490 3049 545 3104 nisi
569 3048 653 3103 novis
672 3048 769 3104 verbis
792 3058 821 3103 et
843 3048 985 3103 hactenus
1008 3045 1155 3101 inusitatis
1177 3063 1261 3119 repe·

185 3134 293 3190 riendis
323 3145 350 3189 et
375 3133 606 3207 frequentandis.
651 3133 756 3206 ltaque
780 3151 836 3187 non
861 3132 1004 3189 correctio
1027 3131 1099 3186 haec
1122 3139 1180 3196 est,
1210 3129 1261 3186 scd

184 3219 370 3291 apertissima
401 3218 530 3274 ciusdem
561 3218 723 3273 sentcntiae
746 3217 929 3274 confirmatio
952 3227 981 3272 et
1005 3216 1073 3272 novi
1088 3214 1262 3289 'argumenti
1294 3217 1296 3222 ⁴

184 3304 349 3361 adiunctio:
379 3305 464 3376 idque
489 3303 581 3376 nangis
604 3303 707 3366 etiam.
736 3302 761 3359 si
784 3303 847 3359 fieri
871 3311 980 3377 potest.
1009 3310 1147 3377 apparat.
1176 3300 1262 3357 resti·

184 3398 248 3443 tuta
276 3408 312 3444 ex
337 3389 396 3444 Erl.
426 3388 473 3457 (de
502 3389 607 3444 ceteris
636 3388 721 3444 bonis
748 3397 860 3456 tacent,
890 3399 922 3443 ut
950 3386 985 3442 de
1014 3387 1069 3443 hoo
1097 3384 1203 3458 Gaius)
1227 3403 1263 3440 ea

185 3474 330 3546 particula
353 3476 516 3546 (qnovn'anr),
546 3492 621 3547 qnae
644 3473 763 3548 proprie
787 3473 906 3547 ponitur
928 3472 957 3528 in
981 3472 1031 3534 iis,
1060 3489 1135 3545 quae
1159 3488 1262 3526 conse·

185 3559 304 3630 quentia
328 3559 414 3613 alieni
438 3570 515 3620 sunt,
539 3559 740 3634 adiungendis.
775 3557 939 3636 [Sicetiarn
954 3554 1003 3634 B.]
1037 3557 1104 3614 Non
1128 3554 1262 3612 dubitavi

186 3644 276 3716 igitur
298 3644 466 3699 restituero:
490 3655 514 3699 et
536 3650 671 3718 quoniam.
705 3644 781 3714 (Iam
794 3644 883 3705 vict,
903 3644 994 3710 Man„
1008 3642 1110 3700 Lavnb.
1131 3641 1262 3697 haesisse

185 3740 307 3801 apparet
321 3747 356 3784 ex
370 3747 414 3794 eo,
433 3729 510 3802 quod
528 3729 656 3785 diiuncta
674 3739 698 3785 at
715 3733 741 3785 si
750 3729 945 3803 scripserunt3
962 3729 1044 3802 atqui
1057 3731 1082 3784 ai
1092 3746 1149 3783 non
1164 3727 1262 3796 hahet,

185 3832 243 3885 quo
268 3812 423 3879 referatur-z,
449 3815 613 3884 voluerunt,
637 3814 882 3888 quemadmodum
902 3813 1052 3888 Guyetus:
1076 3823 1107 3876 et,
1131 3815 1164 3879 si,
1187 3812 1262 3885 qnod

185 3901 303 3954 diutinus
325 3931 376 3969 -,
400 3919 451 3954 raon
474 3901 550 3954 modo
573 3920 624 3955 non
646 3903 789 3968 virrcr'mur,
813 3901 862 3955 sed
883 3907 963 3955 etiam
986 3901 1136 3973 superiores
1158 3917 1261 3963 arumna,

184 3986 376 4040 elrrborandam
398 3995 445 4040 est.
470 3985 581 4042 eadem.
605 4003 664 4058 qua
686 4003 750 4059 ego,
774 3984 943 4054 sententia.)
977 3984 1052 4040 Turn
1076 4002 1166 4040 eorum
1183 3985 1263 4038 etiam

186 4069 279 4126 Gaias
303 4089 317 4123 e
342 4080 480 4143 quattuor
502 4070 571 4125 suis.
617 4067 787 4148 [Accedunt
810 4088 885 4125 nnnc
910 4065 1046 4149 annet]
1089 4068 1171 4125 Idem
1194 4085 1261 4124 mox

186 4156 310 4210 alterum
339 4159 418 4210 etiam
441 4160 521 4224 (ante
544 4158 569 4210 in
593 4157 710 4227 iliorum)
733 4154 847 4222 omisit,
877 4172 1016 4229 sequeus.
1045 4165 1078 4210 nt
1099 4155 1155 4222 ait‚
1180 4151 1260 4210 Gud.

186 4253 342 4312 utrumque
377 4254 405 4295 et
437 4241 504 4296 Bas.
559 4242 585 4296 T
588 4260 634 4295 um
669 4258 849 4313 assequamur
882 4258 934 4314 pro
967 4258 1161 4313 consequamur
1195 4238 1260 4295 cod.

186 4326 259 4381 Mor.
293 4337 321 4381 et
351 4325 408 4381 duo
432 4325 499 4383 Gaii
524 4323 674 4405 [ABErl.;
703 4344 772 4400 ergo
801 4321 921 4403 reecpi].
967 4325 1011 4381 Dc
1040 4326 1188 4381 sententia
1210 4323 1262 4382 cire
