3030 5086
285 451 349 516 740
676 470 721 514 nu
744 469 876 516 ramnus
898 469 970 515 sou.

285 636 376 714 bare,
406 644 584 717 quaesunt
610 636 812 703 elediata?
856 637 934 716 Quis
963 637 1044 701 euim
1072 643 1178 718 potest
1205 656 1256 716 ea,
1284 654 1372 719 quae

285 736 462 819 probabilia
478 738 643 804 videantur
660 738 697 818 ei,
715 757 776 802 uon
793 738 950 819 probare?
983 741 1033 802 An
1050 757 1135 817 vero,
1151 738 1262 819 inquit,
1278 739 1372 820 quis·

285 857 379 920 quam
396 845 502 920 potest
521 840 664 920 probare,
687 839 772 920 quod
788 845 979 922 perceptum,
997 839 1082 922 quod
1099 839 1370 920 comprehensum,

285 941 371 1022 quod
399 941 556 1022 cognitum
584 960 645 1005 non
674 941 790 1007 habet?
837 941 909 1006 Nou
936 948 985 1007 est
1011 942 1088 1020 ista,
1114 941 1256 1023 inquam,
1283 941 1370 1019 Piso,

359 1133 378 1177 t.
401 1137 455 1176 aaut
474 1129 568 1192 apteC
601 1138 686 1192 postea
704 1129 761 1192 (pro
777 1136 855 1193 porat
872 1128 953 1191 ao)bl
990 1133 1012 1175 2.
1031 1129 1126 1178 uereR
1161 1128 1257 1192 mquam
1276 1128 1369 1179 Lucu

287 1200 310 1243 4,
330 1193 404 1246 t'taO
440 1196 555 1259 inquot>

370 1354 501 1423 aequitum
529 1372 580 1409 aon
611 1353 702 1426 babet)
725 1351 826 1408 Facile
855 1350 963 1425 aliquis
986 1369 1050 1407 cum
1077 1352 1214 1409 Ernestio
1236 1353 1371 1409 scriben-

286 1435 354 1492 dum
373 1446 456 1511 putet
474 1438 581 1506 babeat,
599 1437 737 1511 quoniam
756 1437 829 1493 haee
846 1436 992 1493 sententia
1009 1436 1051 1492 rei
1069 1445 1183 1492 tanturn
1195 1437 1232 1493 ad
1244 1437 1370 1512 explen-

286 1520 353 1577 dam
377 1522 551 1579 sententiam
575 1523 743 1597 negativam
767 1525 853 1596 (nemo
871 1521 983 1597 probat)
1006 1521 1185 1597 cogitatione
1207 1532 1370 1597 conceptae

286 1605 529 1680 significationem
558 1607 666 1664 habere
696 1607 821 1664 videtur.
872 1608 983 1663 Verum
1014 1607 1112 1664 Latini
1141 1606 1170 1662 in
1199 1606 1369 1663 huiusmodi

286 1691 440 1748 sententiis
469 1692 533 1749 eius
560 1693 676 1767 generis
704 1691 920 1761 definitionem,
955 1690 984 1747 iu
1013 1691 1092 1765 quod
1119 1691 1232 1765 aliquid
1261 1691 1370 1748 cadere

287 1785 405 1851 nogant,
424 1796 477 1852 per
494 1796 526 1834 ao
543 1787 713 1852 conceptam
733 1777 895 1834 indicativo
913 1776 998 1833 nrodo
1017 1775 1158 1833 offerunt:
1181 1775 1221 1854 [L
1235 1776 1269 1832 5:
1288 1776 1372 1834 Nulli

287 1867 356 1918 eatis
383 1863 483 1921 eruditi
508 1864 644 1928 uideatur,
675 1864 772 1936 quibua
800 1872 893 1918 nostra
920 1865 1009 1934 iqaota
1036 1872 1113 1931 suam
1143 1860 1200 1920 Off.
1223 1862 1271 1930 ΙΙ,
1296 1859 1370 1939 383]

287 1945 369 2002 Lael.
394 1947 448 2002 59:
482 1947 604 2015 Quonam
626 1950 693 2003 mim
715 1949 793 2003 modo
815 1950 960 2021 quiequam
981 1950 1084 2003 amicus
1106 1966 1163 2003 eoae
1180 1951 1279 2022 poterit
1301 1951 1370 2014 eiua,

287 2034 332 2088 cui
352 2051 381 2087 ae
399 2033 506 2106 putabit
528 2036 661 2090 immicum
678 2051 735 2089 ease
746 2039 848 2108 poseat
880 2031 972 2089 Acad.
987 2033 1028 2100 ΙΙ,
1045 2034 1098 2089 18:
1125 2031 1181 2100 eri
1197 2036 1266 2088 raim
1278 2041 1371 2108 potest

288 2118 438 2191 quidquam
460 2119 649 2192 comprehendi
669 2149 725 2186 -,
755 2119 829 2192 quod
850 2128 889 2174 eat
912 2120 978 2185 talu,
1008 2119 1087 2192 quale
1114 2120 1156 2174 vel
1175 2119 1282 2190 salsum
1311 2136 1373 2174 eoae

285 2205 391 2276 poeoitt
417 2202 494 2261 Ibid.
509 2203 549 2271 ΙΙ,
564 2204 618 2259 22ε
642 2202 717 2270 Quid
733 2206 877 2277 quisquam
894 2205 1018 2272 uberrimi,
1036 2204 1110 2276 quod
1126 2222 1176 2258 nou
1193 2205 1281 2258 animo
1298 2221 1372 2259 com-

284 2287 428 2361 prubmrdit
449 2298 473 2343 et
496 2295 582 2344 teneti
624 2287 805 2362 (Significat.
835 2306 872 2343 ex
901 2305 958 2361 quo
981 2306 1089 2363 genere
1112 2286 1141 2343 id
1165 2305 1228 2343 esse
1252 2287 1371 2357 debeat,

289 2372 367 2445 quod
391 2371 558 2429 meminisse
582 2373 743 2447 possinrus;
773 2373 797 2429 ai
821 2372 960 2429 dixissetz
988 2373 1195 2447 comprehendat
1221 2383 1246 2428 et
1273 2382 1372 2438 teneat,

290 2465 321 2512 ut
344 2458 418 2529 quod
439 2477 490 2513 aoa
513 2457 589 2514 idem
611 2466 686 2514 esset
707 2467 796 2532 atquo
818 2462 882 2532 quia
905 2459 943 2523 id,
967 2457 1155 2532 significaret,
1178 2456 1249 2530 quid
1268 2476 1372 2514 neces·

289 2541 367 2597 sario
390 2561 426 2597 ex
453 2543 593 2599 memoria
614 2552 788 2616 sequeretur
810 2553 840 2599 et
862 2543 888 2598 ei
912 2542 1080 2599 adiunctum
1105 2545 1204 2615 esset.)
1249 2542 1373 2600 Tuscul.

288 2626 344 2693 lv,
358 2627 413 2683 79:
437 2629 481 2683 Au
503 2629 655 2702 quidquam
677 2638 716 2684 est
737 2628 883 2684 secundum
906 2638 1041 2696 naturam,
1064 2629 1138 2701 quod
1152 2630 1188 2701 fit
1205 2636 1374 2707 reprrqaaate

289 2715 411 2768 ratione?
454 2712 560 2768 Parad.
577 2714 601 2770 Ι.
619 2717 671 2768 14:
698 2715 856 2786 Quidquam
875 2713 968 2768 bouum
991 2722 1038 2775 cst,
1062 2715 1136 2786 quod
1157 2733 1207 2768 aon
1231 2733 1298 2781 cum,
1324 2715 1376 2787 qui

289 2797 319 2852 id
337 2798 468 2871 possidet,
491 2800 622 2854 meb'orrm
638 2801 730 2871 facit.t
757 2797 861 2868 (Sumo
883 2816 901 2853 a
919 2798 1141 2873 Wesenbergio
1165 2809 1196 2854 ut
1219 2797 1373 2872 superium

289 2881 385 2937 scribo
407 2883 513 2954 saciat3
551 2883 689 2940 Latinum
718 2883 790 2945 erit,
821 2882 871 2939 sed
901 2883 1046 2939 sententia
1070 2883 1252 2954 mutabitur.)
1308 2881 1373 2960 [De

289 2966 392 3024 Divin.
416 2967 441 3035 Ι,
466 2968 516 3036 23,
540 2968 586 3035 ΙΙ,
612 2962 668 3037 bl,⁸
691 2969 774 3023 Vorr.
801 2968 837 3028 V.
863 2967 917 3033 65,
941 2967 1071 3042 Philipp.
1095 2969 1124 3035 Ι,
1150 2965 1213 3044 35.]
1258 2966 1375 3025 Contra

289 3051 383 3108 Acad.
407 3051 447 3116 11,
468 3053 509 3108 48
532 3063 611 3109 recte
635 3051 789 3108 scribitur:
812 3055 837 3107 ai
857 3055 932 3108 aulbr
954 3056 1012 3108 viso
1035 3063 1097 3108 ‚aurit
1115 3053 1276 3127 probabilia,
1301 3071 1375 3126 quae

282 3137 362 3209 solea
380 3143 450 3204 siam
474 3137 546 3194 haec
564 3138 640 3193 euim
660 3137 807 3193 sententia
823 3146 882 3193 est:
905 3157 980 3193 werra
998 3156 1026 3193 eo
1044 3138 1117 3193 baiae
1134 3138 1377 3194 wabreobeirriicbe

297 3222 495 3295 Vorotdlurrqen
515 3223 596 3295 publ,
620 3225 663 3278 die
685 3222 749 3297 (der
766 3223 819 3278 Art
839 3223 918 3295 pubi,
941 3223 1008 3278 daos
1030 3222 1080 3295 oie)
1103 3225 1129 3277 in
1152 3223 1201 3278 der
1226 3222 1376 3286 ereticb-

289 3306 342 3363 keil
358 3308 453 3380 salrab
477 3310 552 3376 aiud,
582 3327 640 3364 non
663 3308 751 3364 base:
780 3326 856 3364 urana
878 3308 953 3363 briae
983 3308 1194 3380 Vorotelluapea‚
1217 3308 1261 3363 die
1275 3308 1376 3381 solecb

289 3393 365 3457 aiud,
395 3393 615 3449 wabrorbeialicb
643 3393 713 3448 eiad.
759 3391 809 3450 nd
832 3392 925 3473 ipsam
949 3411 1009 3448 rem
1035 3394 1106 3448 baec
1135 3410 1192 3447 non
1216 3390 1375 3461 differunt3

289 3494 358 3533 nam
378 3478 458 3533 alex
479 3476 688 3551 probabilitate
708 3496 764 3532 nou
784 3477 917 3550 sequitur
933 3476 1043 3533 veritas
1060 3477 1150 3551 (quod
1169 3476 1266 3552 priore
1285 3477 1375 3534 modo
1415 3499 1418 3503 ·

290 3560 420 3634 dicitur),
439 3581 475 3618 ne
493 3562 603 3619 veritas
621 3562 738 3636 quidem
756 3562 890 3618 condicio
908 3571 953 3618 est
970 3561 1136 3618 necessaria
1154 3561 1376 3637 probabilitatis

290 3646 382 3720 (qnod
405 3647 460 3703 boc
479 3648 572 3704 altero
592 3648 692 3704 modo:
715 3666 784 3721 quoe
800 3649 885 3720 falsa
902 3649 992 3719 aruit);
1016 3647 1052 3703 ad
1070 3646 1294 3722 argumentandi
1313 3645 1375 3704 lor·

292 3750 367 3788 mam
386 3732 569 3805 aliquantum
588 3733 718 3788 interest.
753 3732 848 3788 Paulo
866 3743 933 3788 anto
952 3740 1034 3806 (quae
1050 3733 1201 3807 probabilia
1218 3733 1375 3805 videantur)

290 3817 496 3873 coniunctione
516 3818 625 3878 modus,
644 3818 694 3890 qui
713 3816 839 3873 refertur
857 3817 893 3873 ad
913 3819 1103 3892 conprobare,
1123 3817 1278 3891 significat,
1296 3817 1375 3874 banc

291 3919 356 3958 esse
379 3903 570 3958 senteutiam:
598 3922 644 3970 ea,
673 3922 743 3976 quiae
770 3913 879 3958 tamea
907 3907 931 3958 ei
956 3903 1106 3977 probabilia
1129 3904 1282 3959 uideamur.
1327 3903 1375 3959 De

291 3986 367 4043 Fato
391 3990 409 4043 4
433 3989 489 4059 (Αη
512 3988 593 4052 mibi,
616 3992 741 4061 iuquam,
762 3997 850 4062 potest
873 3989 1023 4061 quidquam
1045 4007 1103 4044 eoae
1126 3991 1275 4055 molestum,
1299 3989 1377 4062 quod

292 4072 339 4127 tibi
363 4083 472 4145 pratum
494 4075 623 4146 saturum
651 4076 716 4146 uiti)
744 4072 911 4128 necessario
939 4073 1126 4129 scribendum
1150 4082 1221 4148 puto
1244 4075 1375 4144 futurum

292 4167 339 4213 eat.
384 4157 458 4235 [Sed
482 4158 580 4216 obstat
602 4158 690 4214 Tusc.
709 4157 750 4222 ΙΙ,
766 4158 819 4213 65:
845 4156 922 4214 nibil
939 4167 1028 4231 potest
1050 4177 1108 4214 esse
1129 4159 1277 4232 aequabile,
1300 4158 1377 4232 quod

292 4262 343 4297 aon
365 4262 383 4297 u
407 4253 480 4299 corta
502 4247 604 4299 ratione
622 4244 827 4318 prostor'acatur3
858 4242 924 4298 add.
952 4242 1038 4298 huius
1067 4243 1166 4319 operis
1191 4242 1238 4313 II,
1263 4243 1314 4314 78,
1337 4243 1375 4299 de

293 4326 394 4383 Divin.
419 4328 448 4396 1,
473 4328 527 4397 91,
559 4327 623 4386 Cat.
647 4329 674 4384 4.
726 4327 806 4402 Ergo
830 4327 976 4384 interdum
1000 4328 1094 4384 valuit
1116 4327 1284 4385 coniunctio
1307 4346 1375 4384 cum

292 4411 448 4470 infinitivo.
496 4414 568 4470 Mox
591 4413 653 4470 Noa
676 4423 715 4469 est
737 4416 775 4469 ita
799 4412 935 4470 Baiterus
957 4431 1057 4470 errore
1079 4410 1277 4492 typothetae]
