3030 5086
214 491 273 556 LX
662 506 856 553 enarrarre

221 676 414 759 dialogorum
442 695 574 752 morem,
603 672 649 740 ita
678 682 714 740 ut
739 674 806 756 ipse
828 683 936 755 partes
964 693 1080 756 easque
1106 675 1302 756 praecipuas

220 785 373 850 sermonis
396 783 533 862 haberet,
555 784 639 864 quod
661 783 691 849 iu
714 783 802 848 libris
824 784 864 848 de
885 792 1010 849 oratore
1032 784 1078 863 (et
1100 783 1140 846 de
1162 802 1199 849 re
1215 782 1301 865 pub·

221 894 300 975 lica)
320 892 411 957 aliter
438 892 661 972 instituerat¹)
705 891 767 957 Sed
795 911 863 957 earn
891 891 1023 956 formam
1050 889 1303 956 accommodavit

222 1002 263 1066 ad
286 1019 376 1065 suum
398 999 567 1064 consilium.
607 999 688 1064 Nam
710 1019 779 1065 curn
801 1019 862 1065 nou
885 1018 949 1064 una
970 1004 1002 1064 et
1023 999 1175 1064 communi
1198 1016 1301 1081 quae·

222 1109 324 1173 stione
350 1115 566 1188 argumentum
589 1107 870 1189 comprehensurus
892 1116 990 1186 esset,
1017 1106 1073 1171 sed
1100 1105 1300 1189 singularum

221 1214 451 1296 disciplinarum
481 1215 608 1280 decreta
635 1215 847 1295 expositurus,
876 1215 907 1279 iu
936 1221 1001 1281 tres
1029 1232 1189 1279 semones
1216 1222 1300 1280 tem·

220 1340 299 1404 pore
321 1322 463 1387 diversos
485 1340 564 1402 opus
587 1321 753 1399 distribuit,
776 1341 908 1404 quorum
930 1323 1057 1403 primus,
1080 1321 1133 1403 qui
1155 1322 1195 1387 de
1217 1318 1299 1403 upi-

220 1447 314 1495 curea
336 1429 535 1510 philosophia
557 1440 613 1507 est,
635 1429 717 1494 iuter
734 1429 912 1494 Ciceronem
936 1437 967 1496 et
989 1431 1023 1495 L.
1046 1424 1197 1494 Manlium
1212 1429 1300 1494 Tor·

222 1548 349 1619 quatum
372 1545 405 1601 et
426 1537 459 1602 C.
471 1536 628 1602 Valerium
646 1537 801 1601 Triarium
817 1537 853 1602 L.
871 1537 978 1615 Paulo,
1000 1536 1033 1602 C.
1051 1535 1197 1602 Marcello
1219 1554 1300 1601 cou-

224 1643 344 1711 sulibus
371 1664 399 1708 a.
423 1645 466 1710 50
494 1664 523 1710 a.
552 1645 623 1709 Chr.
657 1645 688 1709 iu
717 1646 875 1711 Ciceronis
903 1645 975 1709 viiia
1002 1644 1141 1709 bumana
1170 1643 1301 1708 habitus

224 1750 351 1833 tingitur
373 1751 449 1834 (vid.
472 1770 590 1831 argum.
612 1752 664 1816 lib.
687 1752 732 1831 ll,
762 1755 925 1830 sccundus,
947 1753 978 1816 in
1001 1770 1063 1833 quo
1086 1750 1191 1817 Stoica
1211 1757 1300 1833 sunt,

183 1941 186 1952 Ι
220 1860 306 1925 'iuter
335 1859 514 1925 Ciceronem
542 1868 574 1925 et
602 1859 643 1923 M.
667 1859 813 1924 Catonem
841 1860 871 1923 in
900 1859 1019 1924 Luculli
1041 1858 1217 1924 Tusculano
1241 1858 1299 1924 Cu.

223 1967 371 2050 Pompeio
392 1967 454 2046 111,
483 1969 519 2047 Q.
542 1966 667 2032 Metello
690 1966 832 2048 Scipione
859 1984 938 2031 coss.
961 1987 989 2031 a
1012 1967 1068 2045 52,
1097 1974 1132 2031 ut
1159 1985 1196 2031 er
1224 1966 1299 2031 libr.

220 2074 275 2154 IV,
300 2076 315 2140 1
345 2074 534 2156 intellegitur
555 2073 626 2154 (boc
646 2093 726 2137 nova
747 2072 819 2156 lepe3
847 2094 874 2139 a.
897 2075 937 2139 bl
968 2073 1075 2139 Cicero
1102 2072 1135 2138 in
1158 2072 1299 2139 Ciliciam
1402 2129 1405 2138 .

220 2182 355 2264 abiit)‚²)
389 2183 500 2248 tertius
532 2189 636 2247 autem
669 2182 774 2246 multis
801 2182 991 2247 anunente
1018 2183 1061 2264 (a
1086 2182 1126 2246 79
1153 2200 1181 2246 a
1204 2179 1317 2262 curt·

222 2289 353 2356 Athenis
374 2290 457 2356 iuter
479 2289 657 2356 Ciceronem
679 2289 822 2354 iuvenem
844 2289 971 2371 eiusque
994 2291 1030 2369 Q.
1055 2287 1184 2353 fratrem
1206 2297 1239 2354 et
1261 2288 1298 2352 L

221 2397 351 2463 tratrem
373 2399 546 2479 patruelem
569 2403 600 2462 et
622 2396 658 2461 T.
676 2395 879 2477 Pomponium
898 2397 1032 2461 Atticum
1055 2403 1086 2460 et
1107 2395 1298 2476 M.Pupium

221 2504 366 2569 Pisonem
394 2491 653 2586 Calpumianum‚
686 2505 773 2570 curius
805 2504 836 2568 in
869 2522 906 2569 ao
939 2504 1060 2586 primae
1086 2512 1195 2586 partes
1222 2507 1300 2567 sunt

250 2761 272 2822 ¹)
294 2758 332 2827 [ln
352 2749 400 2812 hac
418 2766 488 2812 anim
508 2763 630 2825 peculiari
650 2762 743 2821 diaiopi
763 2763 844 2812 torma
862 2764 1025 2825 apertissime
1044 2761 1186 2810 Aristotelis
1210 2763 1236 2810 iu
1257 2760 1299 2810 bis

292 2847 364 2896 libris
385 2849 555 2897 imitationem
575 2850 665 2897 Cicero
683 2849 757 2910 ponit
774 2847 806 2895 ad
825 2850 897 2897 itttic.
915 2844 978 2904 iiiii,
994 2844 1033 2903 19,
1044 2845 1068 2904 i,
1088 2845 1140 2899 ubi.
1159 2852 1298 2908 postquam

291 2931 409 2981 inlibris
433 2933 464 2981 de
482 2939 582 2981 oratore
605 2938 630 2981 et
654 2932 686 2982 dc
708 2945 735 2981 ra
758 2932 861 2995 publica
885 2932 1020 2994 loquentes
1036 2931 1131 2980 ‘induci
1155 2933 1297 2994 superioris

289 3019 413 3079 temporis
432 3030 556 3080 personas
575 3016 648 3073 dixit,
674 3022 701 3065 ut
725 3017 811 3067 nutias
830 3030 893 3067 suae
911 3019 965 3066 siut
983 3020 1081 3078 partas,
1105 3016 1169 3065 hacc
1187 3016 1295 3065 subicit:

289 3115 354 3165 qnae
376 3107 460 3151 autem
482 3101 522 3150 bia
544 3102 695 3164 ternportbaa
717 3101 819 3164 scripsi,
844 3094 1050 3171 ’Aprororc'larov
1073 3113 1167 3149 morem
1191 3098 1295 3157 babeat,

289 3187 317 3235 in
339 3201 388 3249 qao
409 3199 489 3236 seram
512 3188 549 3236 ito
571 3187 702 3236 inducitur
719 3193 867 3247 ceterorum,
896 3193 924 3234 nt
945 3199 1019 3248 perrea
1040 3184 1124 3252 ipsam
1144 3183 1176 3233 rit
1198 3184 1297 3246 princi·

287 3279 369 3334 potus.
404 3272 492 3335 itaquo
511 3286 577 3335 quae
595 3273 626 3322 ad
648 3274 715 3322 Fam.
735 3271 757 3331 l,
776 3273 805 3330 9,
824 3271 858 3324 93
877 3273 1009 3335 leguntur:
1031 3269 1126 3332 Scripsi
1144 3267 1220 3317 etiam
1238 3269 1296 3318 Ari·

290 3357 385 3406 stotelr'o
403 3370 483 3413 more,
507 3358 717 3420 quemadmodum
740 3357 840 3420 quidem
862 3356 942 3416 colai,
967 3363 1016 3405 tres
1033 3355 1109 3404 libros
1130 3353 1159 3402 irs
1180 3353 1296 3416 dirpnta·

291 3441 358 3490 tione
376 3450 398 3490 er
416 3442 515 3505 diolopo
534 3443 687 3498 dearctare,
706 3455 743 3500 ea,
766 3449 792 3491 ut
812 3443 963 3492 Boieseuius
983 3445 1016 3500 rio
1036 3440 1164 3490 Locorum
1183 3439 1295 3503 philolo·

290 3530 407 3591 gicorum
427 3528 488 3577 iaec.
508 3527 530 3585 i,
551 3527 630 3577 boun.
653 3526 730 3586 reio,
749 3540 772 3590 p.
788 3526 814 3583 il
837 3528 974 3583 intaiiesit.
1003 3538 1053 3574 non
1079 3525 1112 3575 ad
1136 3526 1294 3588 peculiarem

289 3611 404 3677 aliquam
424 3613 517 3675 dialogi
537 3617 676 3670 rationem,
696 3613 740 3662 sed
760 3612 791 3662 ad
811 3614 892 3676 ipsius
911 3612 1005 3672 dialogi
1025 3614 1050 3660 in
1070 3611 1114 3660 tait
1133 3614 1194 3659 artis
1213 3609 1294 3673 arpii·

290 3703 392 3750 catione
411 3712 488 3748 usum
507 3698 540 3761 (si
560 3703 645 3748 tamen
666 3699 741 3748 uerba
765 3698 793 3746 ia
811 3697 980 3760 dt'spuiotione
1002 3702 1024 3743 et
1043 3694 1141 3757 diolopo
1160 3697 1294 3745 Ciceronis

290 3784 361 3845 sunt)
381 3791 406 3835 et
428 3786 459 3835 ad
484 3797 570 3834 rerum
589 3787 768 3834 tractationem
793 3798 806 3832 a
830 3785 964 3832 communi
988 3783 1082 3831 artium
1106 3781 1292 3830 rhetoricarum

290 3870 477 3920 consuetudins
500 3871 680 3918 abhorrentem
705 3872 843 3932 pertinent.
880 3869 1002 3917 Ceterum
1026 3869 1154 3929 propriam
1177 3865 1291 3928 dialogo·

290 3969 347 4005 rum
366 3956 572 4005 Aristoteliorum
593 3954 701 4002 iormam
722 3951 888 4016 ignoramus]

246 4040 270 4103 ¹)
290 4042 386 4090 Eodem
405 4053 474 4090 auno
493 4038 526 4089 52
544 4039 570 4089 L.
588 4037 727 4088 Lucullum
747 4039 797 4089 laio
818 4039 935 4088 iunctum
955 4050 1025 4097 esse,
1050 4039 1207 4087 Goerenaius
1227 4035 1293 4085 laiso

289 4128 386 4177 scribit.
416 4125 438 4175 is
458 4127 527 4174 enim
546 4130 649 4186 propter
669 4124 797 4175 Plutarchi
818 4124 894 4172 verba
913 4122 1025 4185 (Luauli.
1045 4123 1088 4183 43)
1108 4123 1293 4185 Ciceronisque

290 4213 321 4260 dc
344 4224 375 4260 eo
398 4214 424 4261 in
448 4210 566 4273 epistulis
586 4209 718 4260 silentium
738 4217 807 4260 recte
826 4210 939 4260 creditur
962 4210 1039 4272 paulo
1061 4214 1120 4272 post
1142 4219 1241 4256 annum
1260 4204 1292 4258 bl

291 4302 408 4346 mortuus
427 4308 491 4345 essa.
521 4296 571 4344 lieo
592 4299 616 4344 iu
636 4295 694 4344 iibri
715 4298 780 4344 tertii
801 4299 874 4344 initio
894 4296 947 4344 uiia
966 4301 1005 4344 ast
1020 4292 1174 4356 signiticaiio
1190 4292 1292 4342 Luculli

288 4386 367 4445 patris
396 4381 465 4429 brevi
493 4388 552 4429 ante
580 4384 674 4430 mortui
702 4384 825 4443 puerique
854 4380 929 4443 piane
958 4392 1040 4443 nuper
1063 4380 1169 4428 catonis
1197 4378 1292 4427 tuiaioa

288 4469 431 4517 commissi.
