3030 5086
632 503 806 551 uxcunsus
828 503 872 548 111.
1225 482 1287 547 803

218 762 265 822 ιι.
309 759 366 823 nn
387 755 488 822 nuc
512 758 594 823 rao
617 755 687 820 nu
705 793 747 802 -
770 753 962 836 onwan
980 755 1132 821 unsrun
1153 753 1208 818 nr
1229 752 1288 818 nu

541 855 641 922 nuc
660 895 700 905 -
724 855 919 938 onwan.
933 861 961 936 ι)

588 1012 639 1061 AI)
659 1012 723 1063 LIB.
739 1013 766 1061 ll
785 1012 814 1062 C.
829 1017 857 1072 8,
878 1017 917 1062 25.

677 1169 797 1176 ψ.-
820 1170 824 1174 .

304 1291 468 1347 Particulas
490 1309 522 1346 ue
546 1321 584 1332 -
607 1291 714 1364 quidun
742 1297 859 1362 praeter
886 1308 952 1346 curn
975 1307 1074 1357 usum,
1106 1287 1155 1361 qui
1183 1304 1288 1362 parva-

217 1376 386 1452 gatissimus
409 1384 462 1436 est,
486 1374 563 1431 hunc
585 1375 672 1431 etiam
695 1373 804 1430 habere
826 1384 878 1431 aut
898 1383 999 1432 notum
1023 1383 1068 1431 ast
1090 1382 1141 1430 aut
1157 1390 1222 1429 asse
1239 1370 1288 1428 de·

218 1462 314 1521 bebnt,
337 1469 378 1522 ut.
401 1459 644 1534 quemadmodum
663 1458 810 1518 Graecum
829 1451 906 1529 otti,
923 1459 965 1516 ibi
983 1467 1139 1535 ponantur,
1157 1456 1208 1515 ubi
1225 1456 1289 1514 siue

218 1546 278 1604 ullo
300 1545 443 1603 orationis
465 1546 606 1602 descensu
629 1555 680 1601 aut
702 1543 874 1620 gradatione
896 1545 1033 1621 negativa
1055 1543 1166 1617 aliquid
1185 1540 1290 1599 adiuu-

218 1640 305 1708 gatur
331 1630 532 1706 superioribus
560 1630 666 1687 simila.
717 1629 793 1686 Nam
824 1629 878 1685 hoc
905 1648 1037 1705 quoque,
1071 1629 1149 1703 quod
1179 1646 1288 1684 novum

217 1717 344 1784 accedit,
373 1727 451 1773 racto
478 1715 637 1791 insignitur
664 1714 780 1772 adiecto
807 1717 922 1789 quidem.
975 1716 1082 1790 Itaque
1109 1711 1290 1789 respondent

217 1801 324 1858 nostris
347 1801 499 1876 particulis
526 1801 587 1857 ilrlca
609 1802 703 1869 heller,
732 1799 948 1858 Germanorum
970 1802 1041 1858 nucis
1062 1801 1143 1858 nicht.
1187 1800 1289 1871 Atque

217 1887 294 1943 hanc
315 1886 373 1943 vim
398 1886 507 1942 habent
535 1902 601 1942 cunr
631 1886 660 1943 in
684 1885 768 1942 initio
791 1886 919 1960 periodi,
949 1903 1015 1943 cum
1042 1886 1080 1942 ad
1109 1884 1198 1941 aliam
1226 1901 1288 1939 ram

215 1972 371 2042 transitur,
401 1971 482 2028 velut
503 1972 581 2046 apud
604 1970 760 2029 Caesarem
785 1971 820 2027 B.
844 1970 882 2030 G.
906 1972 943 2039 V,
968 1972 1026 2041 44,
1050 1972 1084 2028 Β.
1108 1969 1141 2030 C.
1166 1970 1214 2038 Π,
1238 1968 1288 2038 33,

218 2068 278 2114 tum
308 2057 337 2112 in
365 2056 562 2132 comparando
585 2056 679 2128 (velut
701 2056 749 2115 III
771 2056 810 2113 N.
832 2056 870 2113 D.
894 2057 948 2114 68:
976 2057 1050 2114 Huic
1071 2065 1101 2113 ut
1122 2056 1222 2125 scelus,
1250 2055 1290 2110 sic

217 2163 249 2199 aa
270 2146 339 2199 ratio
361 2143 468 2216 quidem
490 2144 587 2216 defuit)
612 2151 643 2198 et
671 2142 701 2198 in
724 2140 926 2198 ratiocinando
949 2142 993 2215 (ut
1016 2140 1123 2199 Parad.
1145 2141 1209 2210 III,
1234 2139 1290 2195 22:

218 2229 326 2284 Etenim
348 2230 373 2283 si
394 2228 456 2283 bene
470 2229 553 2301 sacta
574 2237 643 2284 recte
658 2229 739 2301 sacta
761 2236 823 2283 suut
850 2236 874 2282 et
901 2228 967 2283 nillil
988 2237 1058 2284 recto
1079 2230 1191 2298 rectius,
1220 2233 1290 2282 certa

216 2332 248 2369 nc
271 2313 336 2368 bono
358 2313 465 2386 quidun
487 2313 580 2369 melius
602 2314 751 2386 quidquam
773 2314 886 2371 inventa·
901 2321 1003 2387 potest,
1027 2313 1117 2371 Tusc.
1141 2313 1172 2381 1,
1198 2313 1236 2367 14
1259 2319 1289 2366 et

218 2399 257 2454 53
281 2406 311 2454 et
334 2399 389 2463 54,
418 2397 456 2454 N.
480 2398 517 2454 D.
543 2398 604 2463 ΙΙΙ,
629 2398 690 2470 23).
742 2397 887 2471 Exempla
909 2397 1052 2471 quaedam
1076 2397 1195 2473 collegit
1218 2395 1289 2452 Dic·

216 2482 339 2539 trichius
367 2482 395 2538 iu
425 2481 526 2538 libello
553 2483 757 2556 quaestionum
785 2482 1041 2557 grammaticarum
1071 2491 1100 2539 et
1121 2481 1288 2538 criticorum

216 2567 309 2642 (Lips.
338 2567 431 2640 1835)
453 2587 480 2642 p.
501 2567 549 2624 73.
572 2568 602 2623 ἰιι
626 2586 661 2624 ao
684 2584 793 2636 errans,
822 2568 899 2641 quod
922 2568 951 2624 in
975 2567 1047 2643 ipsis
1070 2567 1115 2624 his
1138 2564 1289 2642 particulis

215 2653 412 2709 conclusionis
431 2652 672 2727 significationem
690 2653 786 2710 inesse
803 2663 887 2728 putat
904 2655 989 2726 (also
1005 2653 1075 2710 auch
1097 2652 1190 2725 nicht),
1213 2668 1289 2726 quac

216 2738 245 2792 in
270 2737 411 2793 orationis
434 2737 605 2807 formosat,
628 2738 658 2793 in
682 2737 834 2812 particulis
856 2757 914 2795 non
937 2738 1029 2814 magis
1046 2757 1133 2814 quam
1151 2739 1180 2794 iu
1200 2740 1288 2806 etiam,

218 2822 242 2878 si
265 2821 441 2878 affirmative
464 2822 559 2878 dicas:
587 2826 612 2878 ai
633 2824 694 2891 lroc,
717 2826 795 2879 etiam
817 2825 894 2880 illud.
939 2823 1044 2898 Itaque
1067 2823 1117 2880 ubi
1140 2821 1300 2892 conclusio

216 2906 282 2981 ipsa
304 2925 356 2981 per
378 2925 409 2962 sa
432 2897 614 2982 adiungitur,
637 2908 674 2963 ad
697 2925 761 2963 carn
787 2907 1006 2983 significandam
1030 2918 1081 2964 aut
1103 2911 1141 2964 ita
1163 2907 1289 2975 additur,

147 2981 150 2990 ¹
218 3001 250 3047 ut
272 2992 359 3048 Tusc.
384 2993 412 3053 Ι,
441 2992 476 3047 12
506 3002 535 3049 ct
556 2993 571 3049 I
595 2993 630 3048 de
653 2993 690 3048 N.
714 2993 751 3049 D.
779 2993 837 3049 110
865 3003 894 3049 et
921 2993 951 3050 ΙΙ
974 2993 1010 3048 de
1033 2992 1132 3049 Diviu.
1157 2994 1210 3059 tl,
1239 2999 1290 3047 aut

216 3080 313 3149 e'qr'tur.
337 3085 369 3133 ut
391 3095 444 3151 pro
468 3077 531 3133 Mil.
558 3078 613 3145 48,
637 3077 673 3133 de
695 3076 734 3135 N.
758 3077 796 3134 Ι).
819 3078 875 3143 ΙΙΙ,
899 3078 939 3134 43
963 3086 992 3134 et
1014 3079 1069 3153 44,
1098 3079 1134 3134 dc
1156 3078 1222 3136 Fin.
1246 3077 1288 3146 ΙΙ,

217 3163 271 3231 88,
302 3163 356 3224 IV,
381 3163 420 3217 55
444 3173 474 3219 et
498 3164 547 3231 67,
575 3165 614 3231 V,
639 3164 688 3219 91.
733 3161 935 3235 Quintilianea
962 3163 1098 3238 exempla
1127 3163 1289 3220 Bonnellus

216 3247 343 3322 collegit.

303 3333 363 3388 Pro
385 3331 538 3407 particulis
560 3352 592 3389 aa
609 3365 649 3375 -
672 3334 779 3407 quidem
802 3342 832 3388 et
853 3332 909 3390 hoc
931 3342 960 3390 ct
982 3333 1075 3390 altero
1098 3333 1150 3391 illo
1172 3334 1288 3410 vulgari

216 3417 380 3492 significatu
415 3417 500 3472 etism
536 3436 581 3474 nec
609 3416 668 3474 dici
694 3417 828 3475 traditur.
877 3418 916 3474 Et
944 3417 980 3474 do
1007 3417 1155 3476 inferioris
1183 3418 1289 3476 aetatis

216 3502 423 3577 scriptoribus,
453 3503 503 3576 qui
527 3512 593 3578 post
613 3504 780 3578 Augustum
804 3502 937 3573 inierunt,
967 3522 1013 3559 res
1041 3522 1099 3560 uon
1122 3503 1212 3562 dubia
1233 3514 1288 3575 cst,

217 3588 267 3662 qui
295 3607 342 3644 nec
369 3587 412 3643 sic
439 3586 520 3644 nullo
543 3588 710 3645 discrimine
740 3597 770 3645 et
794 3589 880 3645 initio
902 3589 1064 3646 sententiae
1088 3598 1117 3646 et
1138 3590 1168 3647 in
1191 3589 1290 3646 media

216 3683 337 3748 ponunt.
370 3667 514 3751 [Senecae
536 3673 617 3730 locos
629 3671 768 3732 Gertaius
790 3673 909 3750 collegit
925 3674 1058 3748 Quaestt.
1072 3673 1158 3733 criu.
1176 3694 1204 3751 p.
1220 3669 1285 3753 18,]

217 3757 392 3831 Quintiliani
411 3758 572 3816 Bonnallus
589 3777 616 3815 v.
628 3778 713 3833 neque
730 3754 748 3826 ζ
768 3768 797 3816 et
818 3777 847 3817 v.
861 3778 908 3816 nec
924 3778 951 3833 η.
986 3760 1109 3818 Tacitus
1131 3760 1173 3817 sic
1190 3761 1286 3835 loqui·

216 3852 265 3899 tur
280 3844 361 3900 Anu.
376 3843 415 3904 Il,
430 3844 469 3900 82
489 3844 585 3918 (aeque
606 3845 775 3918 insr'qnibus),
797 3845 852 3914 IV,
867 3844 906 3901 34
924 3845 1020 3919 (neque
1042 3846 1128 3919 heac),
1152 3845 1285 3905 Germ.6

245 4094 266 4156 ¹)
285 4095 327 4142 Ad
347 4094 530 4158 huncquoque
550 4095 744 4160 disputationem
763 4096 969 4159 Wesenbergiua‚
992 4111 1049 4145 cum
1068 4097 1094 4146 in
1112 4099 1212 4147 easdem
1230 4112 1286 4147 seu·

284 4163 376 4211 untias
394 4177 439 4211 sua
458 4171 547 4227 sponte
564 4163 705 4221 incidisset,
729 4173 824 4228 partem
846 4166 966 4214 materiae
983 4166 1099 4218 contulit.
1138 4165 1206 4233 [lion
1223 4177 1286 4230 puto

284 4245 350 4278 nunc
381 4231 529 4295 siugulatim
555 4236 766 4297 peraequandum,
799 4233 922 4297 quidquid
948 4235 974 4283 in
1001 4235 1044 4293 iia,
1077 4249 1142 4299 quae
1170 4235 1285 4284 Haudins

284 4299 392 4350 Tursell.
412 4299 449 4346 lV
468 4315 492 4363 p.
506 4304 552 4348 105
567 4309 592 4350 ot
608 4306 654 4350 142
673 4301 704 4349 de
721 4302 815 4351 eisdem
832 4304 1021 4366 quaestionibus
1038 4303 1132 4369 posuit,
1151 4304 1284 4368 discrepat,

282 4368 392 4415 maximo
415 4368 440 4416 in
465 4368 551 4417 altera.
589 4369 671 4429 Quam
694 4369 796 4419 incante
818 4373 980 4422 auctoritatae
998 4372 1116 4423 Handius
1139 4373 1285 4433 aestimarit,

282 4437 383 4502 saepius
402 4436 540 4504 admonui]
616 4454 617 4458 ¹

1031 4509 1080 4557 51*
