3030 5086
285 477 349 542 256
674 495 719 540 na
742 494 873 541 amians
896 494 967 540 nou.

285 662 345 727 ilic
372 662 462 726 dolor
488 661 597 742 populi
619 662 767 739 Romani,
800 664 878 727 duce
905 671 936 726 et
964 671 1092 727 auctore
1119 661 1232 741 Bruto,
1267 680 1365 727 causa

286 763 405 829 civitati
426 763 578 828 libertatis
600 761 667 841 init,
690 764 730 828 ob
752 763 880 845 eiusque
902 762 1039 828 mulieris
1061 764 1243 828 memoriam
1261 765 1364 844 primo

285 883 368 930 anuo
403 873 435 929 et
460 865 509 930 vir
535 871 566 928 et
593 872 684 944 pater
713 865 780 930 eius
808 865 916 929 consul
950 873 999 930 est
1027 863 1138 929 iactus.
1183 866 1301 931 Tenuis
1328 867 1365 930 L.

286 965 455 1048 Verginius
482 984 624 1047 unusque
651 967 692 1031 de
713 967 817 1031 multis
839 967 1032 1048 sexagesimo
1061 985 1142 1030 anno
1169 974 1244 1048 post
1270 967 1365 1034 liber·

248 1068 382 1134 btatem
410 1076 568 1148 receptam
597 1068 747 1149 virginem
774 1067 871 1132 filiam
904 1088 962 1132 sua
988 1087 1084 1133 manu
1111 1069 1224 1133 occidit
1249 1069 1366 1150 potius,

287 1187 379 1250 quam
403 1188 441 1234 ea
459 1172 518 1250 Ap.
533 1169 654 1234 Claudii
676 1170 802 1247 libidini,
826 1170 878 1251 qui
900 1180 965 1234 tum
988 1177 1058 1234 erat
1080 1188 1201 1234 summo
1224 1170 1366 1251 imperio,

287 1271 463 1335 dederetur.

372 1373 456 1437 XXI.
491 1375 541 1439 67.
574 1375 639 1438 Aut
659 1372 737 1437 baec
759 1374 828 1452 tibi,
858 1373 1031 1453 Torquate,
1059 1379 1134 1437 suut
1154 1372 1368 1453 vituperanda

286 1481 343 1538 aut
363 1475 568 1554 patrocinium
593 1475 762 1555 voluptatis
785 1475 1020 1555 repudiandum.
1067 1474 1158 1553 Quod
1180 1480 1285 1539 autem
1307 1493 1367 1555 pa-

229 1577 271 1642 10
288 1575 451 1640 trociuium
469 1584 523 1640 aut
540 1595 620 1657 quae
639 1576 701 1640 ista
719 1595 815 1640 causa
831 1584 879 1640 est
894 1576 1073 1656 voluptatis
1096 1594 1178 1656 quae
1194 1593 1250 1639 nec
1267 1583 1367 1640 testes
1396 1629 1400 1635 .

288 1677 368 1741 ullos
397 1695 414 1741 e
440 1678 533 1742 claris
561 1678 637 1742 viris
671 1697 727 1743 nec
755 1678 936 1742 laudatores
964 1678 1081 1758 poterit
1107 1675 1279 1741 adhibere?
1323 1678 1368 1743 Ut

288 1780 368 1843 euim
402 1798 460 1843 nos
493 1798 531 1843 ex
557 1780 714 1843 annalium
744 1778 950 1843 monumentis
979 1785 1076 1844 testes
1105 1777 1274 1842 excitamus
1303 1798 1367 1859 eos,

288 1898 419 1961 quorum
453 1883 554 1945 omnis
583 1880 647 1944 vita
674 1889 858 1961 cousumpta
886 1886 934 1944 est
965 1880 997 1943 in
1026 1880 1183 1944 laboribus
1212 1879 1367 1959 gloriosis,

288 1982 343 2062 qui
370 1981 539 2062 voluptatis
571 2000 680 2046 nomen
708 1983 819 2046 audire
848 2001 907 2045 non
936 1990 1079 2061 possent,
1113 1982 1159 2046 sic
1191 1980 1222 2045 iu
1251 1981 1368 2046 vestris

358 2189 478 2249 ascetae
496 2186 561 2234 estE
590 2185 687 2251 [Lucius
699 2185 732 2252 A]
772 2193 794 2234 ⁴.
814 2184 1075 2251 werewicum,
1106 2184 1368 2252 ercammarum

288 2269 360 2301 mana
377 2254 462 2302 sauli
501 2253 566 2319 [post
589 2269 635 2318 pro
651 2254 730 2318 potius
749 2254 799 2320 ΑΙ]
856 2259 878 2305 6.
899 2252 929 2304 Ρ.
952 2252 1050 2303 Claudii
1068 2253 1215 2319 [alsuca
1249 2263 1329 2304 lamen
1344 2254 1368 2303 E

288 2338 377 2370 summo
395 2322 570 2384 t'n(PM)llOr.
608 2328 631 2371 9.
651 2322 779 2386 voluptatis
795 2322 983 2386 patrocininmb
1023 2326 1059 2372 li.
1080 2321 1250 2371 animoliamE
1284 2323 1367 2388 [moni

288 2390 371 2438 mentis
389 2391 422 2456 A]
463 2395 500 2441 ia.
521 2391 583 2440 Post
600 2389 623 2438 in
642 2390 762 2439 laboribus
781 2393 839 2439 add.
860 2391 884 2439 in
900 2389 1051 2454 periculum
1091 2394 1128 2437 14.
1148 2390 1191 2454 qai
1207 2391 1298 2440 om.E

375 2563 429 2618 Hic
446 2564 522 2619 dolor
534 2561 772 2640 populr'liomoni)
791 2562 892 2633 idest,
915 2563 984 2619 hinc
1001 2573 1092 2633 ortus,
1116 2563 1203 2620 buius
1224 2563 1284 2634 rei,
1307 2562 1368 2620 vid.

289 2647 465 2705 Ramsborn.
487 2667 516 2722 p.
533 2649 593 2703 553
617 2657 647 2704 et
670 2649 730 2705 554
754 2647 799 2703 ed.
824 2648 852 2718 2,
875 2648 931 2705 etsi
954 2648 979 2704 is
1001 2667 1091 2706 unum
1115 2658 1144 2705 et
1167 2648 1291 2705 alterurn
1315 2666 1367 2705 ex-

289 2734 416 2807 emplum
441 2733 537 2789 minus
559 2734 743 2790 commodum
766 2733 930 2790 admiscuit.
965 2733 1062 2790 Huius
1079 2734 1196 2810 generis
1213 2743 1278 2790 erat
1293 2733 1368 2791 illud

289 2836 379 2893 supra
401 2818 469 2887 §54
493 2837 556 2892 qno
573 2819 721 2893 plebiscito,
745 2829 774 2875 et
796 2820 821 2890 1,
842 2821 895 2876 63:
918 2839 955 2876 ea
977 2823 1094 2876 canitia.
1128 2816 1220 2900 [Nam
1244 2819 1268 2876 si
1292 2818 1368 2878 Cae·

289 2921 393 2966 sarem,
418 2903 544 2970 Livium,
567 2904 702 2959 Tacitum
726 2905 878 2978 attingam,
902 2904 941 2961 sit
963 2904 1118 2960 inlinitum.
1153 2905 1283 2961 Tantum
1306 2903 1367 2960 h.l.

288 2987 566 3045 animadvertendus
588 2989 742 3062 genetivus
765 2989 891 3054 additus,
910 2991 1008 3063 populi
1029 2984 1168 3067 Boviani]

375 3092 477 3130 musmo
498 3069 623 3149 imperio)
646 3072 696 3131 sio
718 3074 805 3129 etiam
829 3073 905 3130 Pall.
929 3081 1078 3147 quattuor,
1101 3074 1179 3148 apud
1204 3074 1279 3130 Dav.
1297 3072 1367 3143 duo,

290 3156 370 3215 Oxx.
388 3167 542 3232 praeterio
565 3155 667 3236 (modo
690 3158 725 3213 de
748 3177 783 3214 eo
805 3166 884 3214 reete
902 3159 1057 3229 taceatur),
1083 3156 1150 3216 Gaii
1169 3176 1279 3228 omnes,
1303 3153 1368 3238 [B]

289 3243 358 3300 Non
382 3261 488 3317 magna
516 3242 546 3299 in
574 3243 629 3299 hac
651 3261 682 3298 re
706 3242 837 3299 codicum
861 3243 1036 3312 auctoritas;
1066 3243 1118 3299 sed
1141 3243 1238 3318 potius
1260 3242 1369 3300 dicitur

289 3347 347 3385 esse
368 3330 394 3384 in
417 3330 542 3402 imperim
565 3331 592 3384 in
614 3347 716 3384 summo
737 3332 847 3403 imperio
869 3347 926 3385 esse
948 3346 1005 3384 non
1028 3327 1097 3402 legi.
1141 3327 1368 3402 Praepositione

249 3411 252 3416 ’
289 3412 390 3469 addita
413 3413 506 3488 magis
528 3413 685 3488 significari
709 3413 834 3470 divisum
863 3431 928 3469 eum
957 3413 1079 3488 collegis
1101 3413 1271 3487 imperium,
1301 3412 1369 3486 quis

288 3498 390 3553 credat
423 3496 566 3555 Davisio?
621 3494 695 3578 [Sed
736 3498 884 3555 ablativus
923 3497 986 3554 sine
1026 3497 1246 3573 praepositione
1286 3498 1368 3555 nullo

290 3583 427 3657 exemplo
451 3583 578 3657 ponitur.
612 3584 636 3639 l.
655 3584 816 3639 Muellerus
839 3584 872 3640 11
893 3603 920 3658 p.
939 3585 976 3639 14
993 3603 1096 3640 stimmo
1112 3602 1171 3640 erim
1189 3586 1299 3658 imperio
1315 3592 1371 3640 aut

289 3685 349 3724 cum
370 3687 472 3724 aninmo
494 3671 565 3741 imp,
589 3680 676 3732 recte,
699 3678 733 3724 ut
754 3668 869 3742 opinor.
898 3664 1004 3746 1874]

376 3752 449 3828 Cap.
473 3753 566 3810 xxl.
592 3754 640 3808 67.
685 3752 853 3828 ἰαιιάαὶονεε)
882 3754 911 3809 Α
945 3753 1120 3809 iudiciorum
1155 3752 1369 3810 consvetudiue

290 3837 345 3892 boc
374 3856 478 3892 nonien
508 3836 672 3892 traductum
697 3847 754 3904 est;
784 3838 842 3894 vid.
867 3840 951 3893 Verr.
976 3839 1013 3905 V,
1038 3839 1076 3893 57
1102 3848 1129 3894 at
1154 3837 1235 3893 alibi.
1279 3837 1370 3894 Exei-

290 3930 390 3978 tantur
412 3931 502 3977 testes
526 3922 675 3995 (quoniam
704 3922 734 3977 in
763 3942 798 3979 eo
826 3921 945 3979 fuerunt
973 3923 1023 3995 qui
1047 3924 1216 3996 haererent)
1240 3922 1369 3998 proprie,

290 4026 355 4063 curn
379 4025 498 4081 surgere
521 4007 659 4062 iubentur
676 4016 706 4062 et
722 4007 840 4081 prodire
858 4010 923 4082 (pro
944 4008 1016 4065 Bab.
1031 4009 1113 4065 Post.
1127 4010 1177 4076 47,
1201 4026 1255 4083 pro
1272 4007 1369 4064 Balbo

291 4093 341 4160 41,
366 4101 398 4147 ut
420 4091 490 4147 alibi
514 4091 693 4148 recitatores.
718 4092 852 4160 lectores,
875 4093 939 4164 rei),
962 4103 1023 4149 tum
1042 4093 1071 4150 b.
1085 4093 1104 4149 1.
1122 4093 1212 4156 simili
1229 4091 1368 4168 imagine,

290 4187 377 4250 atque
401 4177 437 4232 ab
461 4175 563 4232 inferis
587 4176 709 4234 excitari
734 4177 867 4233 homines
890 4178 1035 4237 dicuntur.

376 4265 424 4335 qni
444 4264 588 4335 uoluptatis
604 4281 695 4318 norrea
712 4263 809 4318 audire
827 4263 1014 4337 conposuerat)
1033 4262 1116 4322 Scire
1133 4262 1232 4331 velim,
1257 4261 1292 4317 de
1310 4279 1369 4334 quo

290 4364 376 4402 nemo
394 4347 515 4402 verbum
533 4347 625 4403 ullum
643 4345 722 4415 fecit,
746 4348 823 4403 unde
842 4347 889 4403 bic
907 4347 946 4404 sit
962 4347 1166 4403 coniunctivae
1184 4348 1262 4421 (post
1280 4346 1370 4403 illud:

290 4443 447 4507 coassumpto
468 4436 519 4506 est)
542 4441 572 4489 et
593 4451 630 4489 ne
648 4436 785 4508 potuerint
801 4432 930 4507 quidem,
953 4433 1005 4490 sed
1023 4432 1225 4489 condicionale
1243 4440 1370 4506 tempus.
