3030 5086
485 492 529 538 nn
552 488 633 539 nnn.
655 492 718 539 nm.
740 493 775 540 rr
797 493 870 540 cre.
893 497 930 543 rs.
950 495 1013 556 (ra.)
1224 476 1289 543 545

217 661 410 738 Aristonem
433 662 515 741 quod
539 666 641 725 autam
658 680 705 742 ea,
728 680 808 742 qnae
829 664 871 726 ad
893 669 1039 727 naturam
1057 664 1291 731 accommodata

218 772 249 827 et
270 781 328 843 per
350 781 385 827 se
406 764 593 827 assumenda
615 782 684 828 asse
706 764 825 836 dicunt,
854 782 916 829 non
939 764 1113 846 adiungunt
1133 767 1174 830 ad
1196 765 1290 835 linem

219 864 386 942 bonomm,
414 865 590 930 desciscunt
616 884 635 929 a
663 873 775 930 natura
801 872 833 931 et
859 868 994 946 quodam
1016 868 1110 931 modo
1132 874 1205 932 sunt
1226 886 1287 932 nou

218 966 383 1031 dissimiles
406 967 571 1031 Aristonis.
605 968 660 1033 llle
676 968 759 1033 enim
776 969 970 1033 occurrentia
986 970 1089 1034 nescio
1108 989 1188 1050 qnae
1205 987 1295 1034 com·-

218 1068 450 1147 miniscebatur;
479 1068 510 1133 hi
539 1076 643 1133 autem
665 1077 785 1150 ponunt
811 1070 854 1134 illi
877 1071 1001 1151 quidem
1023 1071 1126 1151 prima
1147 1077 1329 1151 naturaei)

289 1277 310 1322 l.
329 1290 390 1336 quae
407 1282 429 1322 et
447 1272 481 1321 ad
497 1271 608 1322 naturam
626 1273 694 1322 EOr.
732 1280 753 1325 4.
773 1273 817 1322 illa
834 1274 893 1323 euim
913 1276 935 1323 E
972 1279 986 1322 5
1013 1275 1057 1325 ilia
1074 1275 1167 1339 quidem
1186 1276 1230 1325 Or.
1287 1305 1290 1309 <

219 1474 346 1538 ponunt;
369 1462 431 1533 cfr,
454 1482 529 1537 quac
551 1463 589 1520 ad
610 1464 704 1533 11,19
724 1465 787 1521 dixi
804 1465 881 1539 (boec
903 1468 995 1522 ultima
1017 1467 1163 1541 bonorum).
1198 1464 1289 1548 [Nam

218 1549 290 1605 haec
313 1549 411 1605 omnia
434 1549 568 1606 oriuntur
590 1568 606 1605 e
628 1551 782 1606 notissimo
804 1548 900 1618 fonte;
923 1550 976 1608 Gr.
990 1548 1181 1631 Lassora]
1216 1553 1289 1608 Mox

220 1643 287 1690 ante
311 1652 397 1690 voces
426 1636 465 1690 ad
492 1645 617 1691 naturam
639 1635 733 1694 Gzius
759 1645 784 1692 et
811 1635 923 1692 addidit
951 1655 987 1692 ex
1012 1636 1072 1693 nrt.
1096 1647 1125 1694 at
1143 1636 1225 1712 Spir.
1249 1633 1290 1716 [B

218 1730 243 1775 et
265 1738 322 1776 non
346 1715 463 1798 babet];
486 1720 545 1775 rid.
568 1720 610 1778 ad
622 1722 663 1786 ΙΙ,
683 1721 730 1777 63.
776 1717 961 1800 [Araumenda
983 1723 1039 1791 hic,
1064 1733 1094 1779 ut
1114 1723 1139 1791 Ι,
1160 1723 1209 1791 33,
1234 1723 1290 1791 ΙΙΙ,

223 1806 269 1871 18,
293 1804 397 1862 Cicero
420 1805 504 1869 dixit,
528 1824 603 1880 quae
626 1807 696 1863 alibi
720 1802 875 1885 sumenda]

299 1901 404 1964 ponunt
425 1893 465 1947 iili
485 1891 605 1965 quidem)
628 1893 671 1951 Ut
682 1893 757 1948 Dar.
770 1892 858 1949 scribi
870 1892 1014 1962 voluerat,
1038 1890 1167 1950 Orellins
1179 1891 1258 1949 Gnd.
1275 1895 1287 1949 l

218 1976 260 2048 (in
278 1994 336 2049 quo
354 1986 450 2031 tamen
468 1979 509 2032 ilii
523 1977 752 2051 superscriptum
766 1981 840 2047 erat)
853 1988 882 2033 et
893 1975 1006 2050 Bas.(?)
1018 1996 1143 2052 sequens
1160 1977 1292 2052 scripsit:

218 2070 317 2135 ponunt
339 2064 387 2117 iilo
408 2064 524 2135 quidem.
557 2062 667 2118 Mirere
684 2063 712 2119 in
731 2072 789 2119 tam
808 2072 879 2119 nota
895 2081 926 2119 re
944 2064 1035 2119 errari
1054 2064 1199 2138 potuisse3
1223 2063 1291 2133 vid,

221 2146 245 2203 si
268 2146 340 2202 tanti
364 2155 422 2214 est,
447 2148 622 2205 Ramshorn.
647 2167 674 2222 p.
694 2149 770 2214 529,
795 2148 890 2205 Beier.
915 2148 952 2204 ad
976 2146 1034 2206 Off.
1059 2149 1105 2218 ΙΙ,
1130 2150 1166 2204 21
1193 2168 1220 2223 p.
1240 2149 1291 2218 44,

222 2230 344 2308 [Opusc.
367 2241 468 2289 nostra
490 2233 584 2292 Aead.
605 2233 637 2290 Il
649 2253 678 2307 p.
693 2233 764 2303 314,
788 2232 842 2291 Gr.
857 2234 921 2290 Lat.
935 2238 949 2302 5
962 2234 1023 2290 489
1037 2232 1082 2311 b].·
1123 2234 1290 2291 Pronomen

220 2317 257 2372 ad
279 2318 498 2373 sustentandam
522 2317 694 2392 particulam
726 2318 857 2375 additum
880 2319 1045 2377 necessario
1068 2319 1104 2374 ed
1127 2319 1291 2376 subiectum

219 2400 358 2471 refertur.
389 2403 418 2459 in
442 2421 499 2476 quo
523 2412 552 2458 et
573 2404 743 2460 conceditur
771 2403 882 2477 aliquid
905 2407 1023 2478 (ponunt
1050 2405 1091 2460 itti
1116 2406 1235 2478 quadem)
1264 2415 1294 2461 et

221 2488 359 2543 contrarii
383 2488 494 2561 aliquid
517 2488 652 2546 obicitur.
699 2489 864 2546 Pronomen
889 2489 1053 2564 pronomini
1076 2491 1105 2545 in
1123 2489 1178 2546 hac
1197 2487 1293 2546 forma

221 2574 439 2645 superadditum
458 2584 503 2630 est
521 2574 578 2639 III,
598 2576 638 2630 54
655 2576 698 2644 (ec
718 2607 753 2616 -
774 2577 929 2646 referuntur
944 2576 991 2630 illc
1007 2576 1127 2649 quidem)
1144 2582 1174 2630 et
1191 2575 1229 2636 V.
1243 2576 1293 2630 71.

222 2661 279 2730 (iiia
294 2691 331 2700 —
351 2661 479 2733 complent
501 2679 532 2715 ea.
554 2662 673 2733 quidem)
696 2669 724 2716 et
744 2661 783 2716 68
801 2661 878 2731 (baec
891 2691 929 2702 -
949 2669 1012 2716 eunt
1033 2662 1081 2717 illo
1102 2661 1219 2734 quidem,
1243 2659 1292 2716 ubi

221 2742 315 2802 Gaius
338 2744 472 2818 imperite
494 2748 545 2800 iata
569 2745 693 2808 mavult,
723 2745 800 2818 quod
828 2763 988 2819 pronomen
1012 2745 1054 2801 sic
1076 2745 1147 2819 poni
1170 2745 1293 2818 nequit),

221 2827 272 2905 [de
290 2829 391 2885 Divin.
405 2831 428 2885 I.
443 2830 481 2885 39
501 2831 582 2903 (quoe
596 2863 632 2871 -
652 2832 790 2887 declarant
813 2833 860 2886 illu
882 2832 1009 2903 quiden),
1034 2831 1069 2886 de
1082 2828 1140 2887 Off.
1154 2829 1212 2896 III,
1226 2827 1292 2906 71],

223 2914 270 2968 Ad
294 2913 438 2969 obiectum
468 2925 529 2970 turn
558 2915 672 2970 demum
697 2914 799 2970 referri
822 2925 918 2989 potest
940 2934 1116 2989 pronomen,
1146 2915 1170 2971 si
1199 2915 1228 2970 in
1258 2933 1294 2971 eo

222 2999 285 3054 solo
308 2999 353 3063 id,
377 2999 455 3071 quod
478 3001 654 3056 contrarium
679 3010 737 3063 est,
762 3008 893 3068 notatur,
916 3011 949 3055 ut
972 3000 1017 3067 ΙΙ,
1043 3002 1081 3055 62
1106 3010 1135 3055 et
1157 3001 1212 3066 IV,
1237 3000 1293 3068 383

221 3084 320 3156 itaque
343 3083 418 3140 falso
441 3085 610 3152 Lambinus,
634 3085 817 3154 Schuetzius,
840 3085 969 3142 Orellius
991 3085 1029 3140 ad
1051 3084 1087 3157 Q.
1110 3086 1159 3141 Fr.
1182 3084 1240 3154 ΙΙΙ,
1267 3087 1293 3154 1,

223 3170 240 3224 6
264 3169 433 3225 ediderunt:
462 3170 598 3226 Urbanam
621 3173 802 3245 sepelitionem
825 3180 916 3242 urpvet
938 3172 1012 3225 iilum
1034 3172 1143 3244 quidem
1159 3180 1184 3227 et
1200 3171 1294 3226 Phiio-

222 3258 300 3310 timua
322 3265 347 3311 et
372 3256 494 3322 cunnus,
522 3257 571 3312 ced
592 3258 670 3311 etiam
692 3259 748 3330 ipae
768 3257 860 3312 crebro
882 3258 1020 3323 interum
1050 3264 1129 3312 recte
1156 3256 1185 3312 in
1215 3255 1294 3312 codi-

221 3339 335 3394 dicibus
364 3351 422 3396 est:
456 3351 548 3412 crocet
581 3344 623 3396 ilie
650 3343 772 3415 quidem,
807 3342 909 3398 eodem
943 3340 1059 3406 ordine,
1093 3359 1151 3415 quo
1184 3341 1292 3397 ibidem

223 3425 251 3484 1.
277 3428 310 3490 4,
336 3427 370 3480 3:
399 3427 443 3481 De
471 3431 544 3482 nonis
572 3428 684 3483 tribunis
709 3428 794 3501 plebia
821 3437 861 3483 eat
882 3430 926 3483 iile
947 3428 1053 3500 quidem
1083 3430 1110 3482 ia
1131 3445 1172 3482 me
1194 3428 1293 3499 offitio·

220 3513 342 3566 asarinus
366 3511 478 3567 Sestius.
506 3509 631 3590 [Contra
648 3513 683 3568 de
697 3514 730 3569 R.
744 3514 778 3568 P.
790 3513 831 3581 ΙΙ,
845 3514 882 3568 21
903 3512 1052 3586 expectari
1076 3521 1192 3587 poterat
1208 3531 1294 3586 proe-

220 3598 323 3650 claram
346 3599 419 3652 illum
442 3600 557 3669 quidem,
581 3598 630 3653 ubi
655 3608 698 3653 est
721 3595 789 3676 illa]
828 3600 956 3655 Rectene
979 3598 1008 3653 in
1032 3598 1087 3653 hac
1108 3596 1204 3653 forma
1226 3616 1294 3671 pro·

221 3699 327 3736 nomen
352 3683 513 3756 particulae
536 3683 726 3747 subiceretur,
749 3684 813 3740 iure
835 3683 982 3739 dubitavit
1004 3683 1126 3739 Baicrus
1148 3682 1185 3737 ad
1208 3681 1292 3739 Orat.

226 3768 262 3821 13
286 3768 387 3837 (multia
409 3771 515 3840 quidem
538 3771 585 3823 iliu
607 3771 777 3840 adiumentis)
801 3787 858 3824 non
883 3768 976 3824 solum
1001 3778 1122 3842 propter
1144 3767 1293 3840 exemplo·

221 3870 285 3907 rum
308 3853 468 3919 raritatem,
492 3854 542 3908 sed
565 3854 642 3927 quod
661 3872 695 3909 ea
712 3872 771 3909 una
787 3864 831 3909 est
848 3871 937 3909 causa
954 3853 1135 3927 pronominis
1155 3852 1292 3926 ponendi,

222 3948 254 3992 ut
282 3939 308 3994 ei
337 3939 481 4012 particula
504 3939 675 4006 adhaereat,
704 3939 758 3995 etsi
787 3938 838 3995 illo
867 3939 951 3994 modo
980 3937 1117 3994 scribitur
1145 3938 1232 3993 etiam
1256 3938 1293 3994 ad

222 4023 304 4079 Fam.
327 4025 519 4083 Xv1.21.6
543 4025 572 4094 (a
595 4023 737 4082 Cicerone
759 4024 832 4097 filio)
855 4032 884 4078 et
907 4023 942 4078 ad
966 4024 1030 4080 Art.
1053 4023 1124 4092 XV,
1146 4024 1192 4086 13,
1207 4024 1240 4092 53
1263 4024 1292 4079 in

223 4108 305 4166 Orat.
330 4112 383 4165 76.
415 4110 496 4165 Brut.
524 4111 581 4165 167
605 4119 634 4165 et
658 4110 716 4164 267
746 4128 782 4164 ex
811 4108 973 4181 scripturae
996 4108 1139 4164 varietate
1167 4109 1293 4183 perspici

223 4203 328 4267 potest.
352 4196 469 4269 saepius
492 4196 520 4250 in
544 4213 602 4250 uno
624 4205 653 4250 et
676 4194 768 4250 altero
791 4193 890 4249 codice
913 4202 963 4249 aut
981 4193 1045 4250 add.
1065 4202 1133 4249 vett.
1153 4194 1294 4249 aberrari.

223 4280 304 4335 Idem
336 4280 382 4336 hic
406 4283 442 4338 V.
467 4283 506 4336 43
535 4281 563 4336 in
593 4281 656 4336 cod.
684 4280 763 4336 arch.
791 4279 914 4343 accidit,
948 4280 997 4335 ubi
1026 4278 1171 4355 particula
1204 4279 1291 4335 etiam

223 4367 313 4420 verbo
336 4366 467 4421 subiecta
489 4377 541 4422 est.
575 4361 755 4444 [Addantur,
779 4383 854 4438 quae
866 4365 1002 4422 Halmius
1021 4365 1058 4421 ad
1075 4364 1206 4439 Philipp.
1219 4365 1293 4432 XIl,

226 4451 263 4506 18
292 4451 445 4508 annotavit
473 4452 501 4507 in
530 4451 575 4510 ed.
600 4446 716 4529 Turia]
760 4450 856 4508 Panlo
885 4459 951 4525 post
973 4459 1144 4526 prccpoumrt
1165 4449 1296 4506 restitnit

1057 4570 1088 4613 35
