3030 5086
497 433 541 479 nr
565 433 645 480 urm
668 433 733 478 me.
756 433 769 478 1
791 432 864 479 cnr.
886 437 908 479 a.
929 433 1028 493 (τ-ε.)
1259 415 1314 493 21,

216 601 359 667 Rutilius
380 601 477 667 multo
500 602 730 683 etiam'magis3
758 619 891 682 quorum
918 601 969 665 ille
990 600 1135 663 iudicium
1159 596 1300 663 reformi-

220 704 320 782 dans,
349 703 527 768 Tarentinis
554 703 599 767 ait
626 721 660 769 se
688 711 720 767 et
741 702 940 767 Consentinis
967 709 999 767 et
1021 701 1131 766 Siculis
1153 701 1299 766 scribere.

219 795 353 870 Facete
369 805 398 870 is
424 805 562 886 quidem,
596 805 678 870 sicut
704 805 779 883 alia3
814 806 869 869 sed
898 822 998 885 neque
1031 810 1095 866 tam
1123 804 1205 867 docti
1233 810 1299 866 tum

219 915 323 986 erant,
344 908 386 971 ad
408 924 540 987 quorum
562 907 709 971 iudicium
731 906 915 982 elaboraret,
938 914 969 970 et
991 915 1063 968 sunt
1080 904 1163 968 illius
1181 906 1300 986 scripta

220 1010 355 1087 leviora,
384 1017 420 1072 ut
440 1008 603 1072 urbanitas
626 1028 749 1073 summa
770 1015 937 1090 appareat,
962 1006 1105 1071 doctrina
1126 1006 1300 1072 mediocris.
1318 1007 1339 1070 5
1364 1001 1375 1009 ’

222 1112 252 1176 8.
303 1111 369 1193 Ego
402 1117 506 1174 autem
539 1129 629 1191 quem
663 1111 787 1174 timeam
819 1110 980 1187 lectorem,
1014 1127 1083 1173 cum
1115 1109 1156 1172 ad
1184 1114 1229 1185 te,
1263 1128 1302 1172 ne

221 1211 354 1278 Graecis
376 1212 503 1294 quidem
525 1212 686 1277 cedentem
707 1212 738 1276 in
761 1211 967 1293 philosophia,
989 1211 1122 1274 audeam
1145 1210 1301 1275 scribere?

221 1316 420 1394 Quamquam
441 1333 462 1377 a
483 1320 515 1377 te
535 1313 605 1394 ipso
627 1313 659 1377 id
677 1313 801 1394 quidem
819 1312 899 1377 lacio
916 1316 1105 1393 provocatus
1122 1312 1301 1392 gratissimo

220 1415 297 1479 mihi
326 1415 419 1492 libro,
454 1433 546 1495 qnam
578 1416 619 1480 ad
652 1415 767 1479 mede
795 1415 911 1478 virtute
938 1413 1057 1478 misisti.
1109 1413 1170 1477 Sed
1198 1432 1234 1478 ex
1263 1432 1300 1478 eo

220 1517 317 1580 credo
340 1515 527 1598 quibusdam
549 1516 740 1595 usuvenire,
761 1522 797 1580 ut
815 1515 1005 1580 abhorreant
1026 1533 1045 1578 a
1062 1515 1192 1593 Latinis,
1215 1515 1362 1596 qu0d10

293 1706 316 1752 8.
340 1701 404 1751 alias
428 1718 528 1752 omncs.
553 1702 597 1753 Or.
633 1721 675 1753 aec
699 1703 720 1753 C
755 1711 810 1752 tunc
832 1703 921 1752 PCOr.
965 1712 987 1753 4.
1012 1702 1136 1752 elaborare
1160 1703 1181 1750 Ε
1218 1706 1240 1753 6.
1260 1720 1301 1766 epo

221 1770 316 1834 quadem
335 1771 442 1834 queml}
482 1771 630 1819 tmreuturE
671 1778 693 1822 Β.
713 1770 869 1838 warocum<
884 1769 934 1837 ΑΙ]
954 1771 1095 1834 processuro
1115 1771 1134 1818 ln
1179 1777 1215 1820 ro.
1238 1769 1302 1838 [usui

220 1839 310 1891 νεηίη.
328 1849 416 1889 murat.
437 1840 467 1886 nb
487 1840 539 1887 ead.
560 1855 592 1887 m.
612 1840 638 1888 in
657 1839 717 1888 illud
733 1841 826 1889 καρκίνε
845 1838 879 1906 Α]
900 1840 978 1888 venire
995 1855 1039 1889 asu
1059 1839 1183 1889 LPMCR.
1328 1840 1332 1847 '

309 1999 377 2051 sicut
404 1996 473 2069 aliu)
502 1995 552 2053 Sic
579 1996 707 2055 Ursinus
734 1996 764 2052 in
794 1996 893 2053 codice
922 2015 985 2052 esse
1013 1996 1130 2064 scribit,
1165 2009 1301 2070 suspecto

221 2080 392 2137 testimonio
415 2079 456 2157 [B
480 2098 596 2154 quoque
618 2080 718 2158 oliae];
741 2082 793 2137 sed
809 2082 872 2138 iure
890 2082 983 2155 ipsam
1001 2081 1177 2155 scripturam
1196 2082 1303 2155 probat

221 2166 463 2240 Wesenbergius.
518 2166 596 2222 Nam
625 2169 695 2222 alias
722 2166 801 2242 apud
830 2165 1002 2224 Ciceronem
1037 2177 1066 2222 et
1100 2185 1201 2222 omnes
1233 2177 1301 2222 ante

221 2250 352 2307 Plinium
377 2258 423 2306 est
443 2253 497 2306 olio
519 2261 650 2325 tempora,
674 2270 832 2325 numquam
856 2254 909 2308 olio
932 2253 1001 2319 loco,
1025 2252 1073 2323 (ad
1097 2252 1190 2308 Attic.
1214 2252 1301 2313 XVI,

226 2339 280 2402 ll,
306 2337 322 2391 7
346 2335 532 2410 apertissime
555 2346 671 2410 tempus
694 2337 889 2412 significatum
918 2335 1023 2394 Cicero
1046 2337 1120 2393 scire
1145 2337 1222 2404 rult,
1251 2337 1301 2409 qui

222 2438 299 2476 nunc
322 2421 351 2477 in
375 2420 434 2476 illis
457 2419 530 2477 locis
551 2423 648 2496 gratia
668 2423 807 2484 floreant,
831 2422 969 2495 quoniam
993 2440 1051 2478 non
1074 2421 1162 2477 iidem
1186 2440 1302 2495 semper

220 2505 344 2581 gratiosi
368 2505 453 2576 sint);
486 2507 626 2581 temporis
655 2519 752 2563 autem
782 2506 958 2580 significatio
986 2506 1015 2562 in
1044 2507 1162 2580 scriptis
1190 2507 1232 2562 sic
1261 2507 1301 2562 ei·

223 2589 321 2646 tendis
348 2591 450 2665 inepta
477 2600 530 2647 est.
574 2591 689 2648 Deinde
712 2595 783 2647 altos
805 2593 875 2663 (non
899 2591 999 2647 addito
1021 2596 1112 2666 saepe)
1136 2591 1301 2667 significare

221 2675 341 2732 videtur
363 2693 452 2731 unum
475 2675 596 2749 aliquod
618 2687 741 2750 tempus.
787 2676 880 2750 Atqui
910 2694 963 2732 nec
991 2676 1056 2732 loco
1085 2696 1143 2733 uno
1166 2676 1225 2733 alio
1249 2696 1302 2733 nec

222 2769 356 2835 tempore
379 2759 474 2816 facete
498 2761 629 2817 Lucilius
652 2763 826 2837 scripserat,
856 2761 906 2817 sed
935 2780 1022 2836 saepe
1051 2762 1159 2831 multa,
1188 2763 1218 2817 id
1246 2773 1301 2832 ast,

221 2847 288 2902 alab.
331 2845 478 2902 Litterula
500 2865 537 2902 ex
560 2847 694 2919 sequenti
718 2865 790 2904 voce
812 2846 955 2903 adhaesit.

308 2932 356 2986 aed
379 2950 462 3004 neque
490 2941 544 2987 tum
566 2933 638 2987 docti
661 2931 732 3006 cet.)
761 2931 932 2991 Sententiae
961 2931 1050 3006 paulo
1078 2930 1232 2987 obscurius
1260 2931 1303 2988 sic

223 3014 396 3071 cohaerent:
426 3014 485 3073 Sed
508 3035 602 3089 neque
626 3026 696 3073 tum.
725 3018 750 3073 si
774 3016 942 3091 Scipionem
967 3028 996 3072 et
1018 3017 1162 3074 Rutilium
1191 3026 1220 3071 et
1242 3015 1302 3072 for-

223 3110 300 3156 tasse
335 3101 527 3174 paucissimos
557 3101 631 3157 alios
660 3103 805 3176 excipias,
840 3112 924 3157 erant
957 3102 1090 3158 homines
1125 3112 1182 3157 tam
1213 3101 1302 3171 docti,

223 3203 309 3259 quam
334 3204 412 3241 nunc
434 3195 511 3254 sunt,
535 3186 571 3241 ad
595 3205 719 3259 quorum
737 3188 875 3243 iudicium
900 3188 1010 3262 scripta
1027 3206 1079 3243 auu
1098 3197 1301 3261 componerem

222 3271 349 3343 (itaque,
379 3288 444 3326 cum
473 3288 504 3326 se
532 3271 569 3327 ad
600 3272 695 3328 minus
723 3272 859 3328 excultae
888 3272 1084 3329 multitudinis
1112 3283 1229 3346 captum
1254 3290 1302 3327 ac-

223 3356 436 3424 commodaret,
466 3355 528 3411 inre
556 3356 679 3413 subtiles
708 3357 775 3414 illos
803 3358 931 3414 arbitros
960 3358 1101 3430 vitabat);
1135 3367 1164 3412 et
1192 3357 1303 3431 scripta

223 3439 273 3496 illa
307 3440 420 3497 leviora
453 3451 535 3509 sunt,
570 3453 603 3498 ut
631 3443 681 3498 vix
710 3443 804 3499 videri
832 3453 941 3516 queant
969 3462 1098 3499 summos
1126 3443 1192 3498 illos
1221 3443 1301 3498 viros

222 3525 373 3581 doetrinae
396 3526 482 3599 copia
504 3535 604 3583 tenere
627 3528 768 3602 potuisse.
813 3529 897 3599 (Turn
926 3547 979 3602 pro
1008 3538 1069 3584 trcac
1092 3528 1178 3584 otium
1204 3525 1301 3604 [AB,]

222 3609 284 3665 cod.
310 3610 388 3666 Vict.
413 3622 442 3666 et
466 3610 541 3667 Dav.
565 3631 581 3667 e
605 3614 699 3669 tribus
722 3613 804 3685 suis.)

309 3695 336 3749 8.
360 3714 392 3749 ne
417 3695 530 3751 Graccus
553 3700 659 3770 quidem
682 3698 828 3772 cederrtern)
851 3696 920 3755 Vid.
944 3698 1038 3754 Acad.
1061 3698 1085 3766 I,
1107 3699 1153 3756 12,
1177 3696 1299 3753 Tuscul.

222 3779 258 3841 V,
291 3782 303 3834 l
336 3789 365 3836 et
389 3780 437 3834 30.
488 3782 626 3838 Veterem
661 3783 840 3840 academiam
875 3783 913 3838 ab
946 3782 1096 3839 Antiocho
1130 3782 1299 3837 suscitatam

223 3862 331 3920 Brutus
361 3865 540 3937 sequebatur
568 3868 659 3938 (Plut.
683 3868 766 3925 Brut.
793 3869 832 3939 2).
879 3867 997 3942 Scripta
1025 3867 1111 3923 Bruti
1142 3867 1176 3921 de
1206 3866 1300 3940 philo-

222 3948 326 4023 sophia
354 3949 555 4021 Quintilianus
584 3971 642 4007 non
671 3954 858 4009 mediocriter
885 3951 987 4008 laudat
1014 3953 1061 4021 X,
1089 3955 1118 4018 1,
1145 3952 1219 4019 123;
1248 3951 1300 4010 cfr.

222 4033 338 4108 Dialog.
362 4035 398 4090 de
422 4033 505 4093 Orat.
530 4037 579 4091 21.
625 4037 745 4093 Librum
769 4040 802 4093 de
824 4041 933 4103 virtute,
957 4056 1044 4110 quern
1067 4037 1104 4092 ad
1128 4036 1300 4094 Ciceronem

223 4119 356 4188 miserat,
391 4119 421 4176 id
450 4131 509 4189 est,
544 4121 571 4176 ei
599 4121 804 4196 inscripserat,
838 4121 971 4178 nominat
1000 4121 1114 4181 Seneca
1141 4121 1229 4179 Cons.
1263 4122 1300 4179 ad

222 4203 308 4260 Helr.
333 4206 366 4273 93
389 4207 423 4261 de
445 4207 540 4278 ostem
563 4205 716 4263 Charisius
740 4228 767 4282 p.
786 4208 826 4264 83
850 4216 879 4262 et
901 4207 1046 4264 Priscian.
1071 4227 1100 4281 p.
1120 4209 1157 4264 67
1162 4209 1189 4263 9.
1213 4226 1300 4281 quern

223 4289 324 4346 Senec.
343 4291 398 4364 Ep.
418 4290 467 4360 95,
489 4292 528 4347 45
552 4279 617 4366 περὶ
641 4280 828 4365 καθήκοντος
850 4292 997 4367 appellat;
1020 4294 1053 4348 de
1072 4296 1204 4367 patientia
1226 4293 1298 4348 Dio-

223 4375 321 4431 medes
344 4396 371 4451 p.
386 4376 457 4431 378.
1290 4370 1296 4377 ’
