3030 5086
446 515 489 560 nr
514 514 594 560 aar..
616 514 679 559 uua
702 514 738 560 m
761 514 834 560 oar.
854 502 979 576 mstis.)
1187 496 1252 562 467

175 701 233 748 nec
254 681 374 748 iustitis
402 700 460 746 neo
482 681 620 747 amicitia
648 700 718 746 esse
745 681 870 745 omnino
893 688 1054 763 poterunt,
1084 681 1143 747 nisi
1164 682 1254 763 ipsse

249 858 268 902 1.
289 851 407 918 [iusticias
429 869 471 901 aec
489 850 595 901 amicicie
613 849 643 918 Α]
671 851 775 900 nataliae
797 868 839 900 aec
857 850 975 900 ams'citiae
993 851 1114 901 ELI’MR
1142 861 1255 917 poterant

175 938 227 970 esse
244 921 337 969 omnine
357 921 378 969 E
394 929 521 985 potuerant
539 920 559 970 C
906 930 910 935 ’

175 1060 205 1116 in
228 1060 337 1116 sobolis
360 1060 395 1115 de
408 1058 541 1117 Gramm.
555 1060 617 1115 Lat.
631 1078 659 1133 p.
674 1059 735 1114 443
755 1058 873 1133 scripsit
896 1059 931 1114 de
954 1069 1001 1114 am
1014 1060 1138 1134 probari,
1161 1078 1254 1134 quan·

176 1157 236 1201 tum
260 1145 389 1201 habeant
411 1163 557 1202 errorem.
580 1144 735 1218 apparebit
760 1143 805 1198 rel
829 1163 866 1199 ex
890 1142 998 1218 Opusc.
1024 1145 1096 1201 meis
1119 1145 1213 1203 Aead.
1237 1145 1254 1203 1

176 1250 194 1305 p
219 1231 290 1297 456,
314 1228 368 1288 Gr.
392 1230 425 1286 L.
452 1230 513 1285 458
537 1247 553 1285 c
575 1239 635 1286 not.
660 1224 703 1306 2.]

260 1333 307 1371 aec
333 1318 435 1370 iustitia
466 1334 512 1370 aa·
539 1313 670 1387 amicitia)
693 1314 728 1370 ln
751 1313 852 1370 codice
874 1314 1036 1389 archetypo
1058 1323 1123 1370 erat
1144 1333 1190 1371 aec
1212 1318 1253 1372 ia·

175 1403 262 1456 stiriae
284 1418 330 1455 sec
352 1403 491 1468 amicitiae,
515 1400 593 1472 quod
617 1409 773 1455 tenuerunt
790 1399 952 1475 Victorius,
972 1398 1129 1468 Gruterus,
1149 1398 1253 1470 Gaius,
1315 1474 1318 1479 .

175 1485 333 1540 defendere
361 1495 484 1540 conatus
513 1494 557 1540 est
584 1484 721 1540 Bremius
749 1486 827 1554 (narn
858 1484 965 1546 Gaium
989 1484 1122 1556 omitto);
1150 1503 1252 1541 verum

176 1581 208 1625 ut
224 1570 377 1644 fingamus,
402 1570 458 1626 dici
477 1570 609 1643 potuisse
627 1573 752 1636 iustitias,
775 1572 929 1643 sapientias.
953 1573 1151 1643 temperantias,
1174 1570 1254 1643 quod

175 1655 265 1711 semel
283 1653 387 1712 Cicero
404 1656 580 1728 fortitudines
598 1655 633 1710 de
651 1654 734 1710 iterio
750 1673 858 1729 genere
875 1653 1058 1710 fortitudinis
1074 1655 1254 1728 promendae

175 1740 267 1808 dixit,
296 1739 370 1795 nihil
397 1740 427 1795 id
450 1740 569 1796 omuino
592 1740 628 1794 ad
657 1740 733 1794 hunc
756 1740 850 1795 locunt
875 1739 1016 1812 pertinet,
1045 1739 1095 1795 ubi
1124 1739 1160 1795 de
1188 1739 1254 1814 ipss

175 1835 280 1880 natura
308 1835 338 1880 et
365 1826 485 1881 notione
513 1825 643 1881 iustitiae
671 1836 701 1879 et
729 1824 876 1879 amicitiae
904 1825 1009 1899 agitur.
1060 1825 1165 1898 Itaque
1194 1843 1253 1882 non

175 1910 267 1985 magis
290 1908 442 1965 ferendum
466 1919 524 1978 est,
548 1910 626 1982 quod
650 1908 790 1965 Davisius
813 1928 849 1964 ex
873 1907 950 1967 CCC
972 1908 1064 1980 (Gud.
1091 1909 1122 1982 2)
1145 1909 1252 1967 edidit:

174 2015 220 2050 nec
241 1998 343 2050 iustitia
364 2013 410 2050 nec
432 1998 571 2050 amicitiae.
606 1992 698 2064 (Oxx.
715 2002 828 2049 tantum
847 1994 875 2049 in
891 1998 1047 2065 piastitiae
1063 2011 1138 2064 esse,
1161 1995 1190 2050 in
1209 1990 1252 2067 ξψ

174 2083 306 2136 amicitiae
323 2080 447 2152 notant.)
472 2079 516 2135 Ex
534 2083 652 2135 anticitia
666 2098 723 2135 esse
734 2078 843 2135 factum
857 2088 902 2134 est
916 2083 1048 2136 amicitiae
1064 2099 1129 2149 esse,
1147 2078 1253 2135 deinde

174 2165 211 2220 ad
228 2165 257 2220 id
270 2165 521 2220 accommodatum
540 2167 664 2220 institiae.
698 2164 867 2220 Notandum
886 2174 984 2220 autern
998 2165 1119 2220 verbum
1137 2163 1253 2239 plurale

174 2249 342 2305 nominibus
365 2249 564 2322 singularibus
588 2267 641 2323 per
656 2268 740 2322 neque
753 2281 791 2288 —
805 2267 889 2322 neque
906 2249 1069 2306 coniunctis
1087 2249 1251 2306 subiectum

176 2334 250 2410 (rid.
275 2335 392 2408 Zumpt.
410 2338 424 2403 ξ
439 2334 499 2390 374
517 2331 632 2413 [Madv.
651 2335 740 2403 §213
758 2333 777 2389 b
795 2344 854 2390 not.
870 2329 929 2412 1]);
953 2352 1007 2390 nec
1030 2334 1126 2409 potuit
1148 2333 1254 2393 Cicero

174 2420 263 2476 aliter
286 2419 397 2487 dicere,
427 2420 496 2492 quia
523 2419 690 2475 necessario
712 2419 913 2475 subiciendum
943 2427 1007 2475 erat
1028 2429 1200 2494 aspectantem
1229 2419 1254 2475 si
1312 2481 1315 2487 .

174 2508 306 2579 expetitur
328 2505 488 2564 diceretur,
512 2504 548 2559 de
571 2523 630 2560 una
652 2504 772 2561 notione
795 2505 842 2578 agi
865 2503 1024 2560 videretur.
1068 2501 1183 2584 [Ipsum
1206 2524 1252 2560 es·

168 2600 300 2664 peruritur
327 2607 403 2644 nunc
433 2590 542 2663 (1874)
564 2589 680 2645 restitui
704 2608 740 2645 ex
764 2589 894 2658 ABErl.,
923 2589 978 2646 hoe
1001 2599 1054 2653 est,
1083 2599 1115 2646 ut
1137 2589 1253 2664 opinor,

173 2693 209 2730 ex
223 2674 394 2749 archetypo,
413 2674 467 2730 etsi
486 2685 645 2748 arpetaatar
662 2694 715 2748 per
727 2692 758 2730 se
777 2684 888 2730 rectum
908 2683 980 2731 erat.
1017 2675 1076 2747 (De
1088 2684 1251 2730 ceterorum

153 2760 257 2815 'codd
276 2763 411 2830 tacetur.)
450 2759 526 2815 Nam
551 2759 580 2815 iu
605 2760 659 2815 hac
682 2760 823 2817 orationis
846 2757 951 2828 forma,
974 2777 1033 2832 qua
1054 2759 1166 2832 aliquid
1189 2759 1253 2815 lieri

174 2863 280 2918 posse
298 2853 464 2918 negatur,
482 2845 537 2900 nisi
557 2844 690 2900 condicio
708 2845 809 2917 aliqua
820 2844 942 2918 impleta
953 2845 1000 2909 sit,
1019 2843 1068 2900 ubi
1087 2844 1204 2917 quidem
1217 2844 1253 2900 de

173 2930 332 3003 praeterito
356 2941 488 3002 tempore
511 2929 627 2996 dicitur,
651 2928 724 2984 adeo
746 2938 916 2985 constanter
938 2933 991 2985 nisi
1011 2929 1049 3003 (si
1069 2949 1134 2999 nott,
1162 2929 1251 2985 etiam

89 3066 92 3070 .
172 3017 198 3070 si
219 3015 254 3070 de
278 3014 449 3070 condicione
472 3014 662 3088 impediente)
685 3013 902 3071 coniunctivum
927 3015 1044 3070 modum
1067 3015 1116 3088 (de
1139 3032 1170 3069 re
1193 3032 1250 3069 non

172 3099 263 3172 facta)
288 3100 390 3157 babet.
413 3109 445 3154 nt
468 3099 546 3172 apud
571 3098 655 3156 Caes.
679 3099 712 3154 B.
736 3098 802 3156 Civ.
826 3100 888 3161 III,
913 3101 953 3155 44
977 3102 1073 3172 (aeque
1094 3103 1251 3155 munitiones

176 3186 303 3241 Caesaris
321 3185 464 3257 probibere
483 3195 603 3258 poterat,
633 3187 686 3239 nisi
707 3186 811 3258 proelio
833 3186 970 3240 decertare
991 3187 1078 3258 vellet)
1101 3184 1250 3240 soloacum

171 3268 302 3326 futurum
326 3268 416 3325 fuerit
438 3270 554 3336 volebam
578 3268 630 3325 cfr.
655 3268 717 3327 Cic.
740 3270 829 3325 Tusc.
854 3270 895 3325 II.
920 3269 937 3324 3
961 3271 1047 3342 (quod
1068 3279 1157 3325 vetare
1178 3270 1252 3325 nullo

171 3356 249 3410 modo
267 3358 412 3428 potuimus,
436 3358 489 3410 nisi
510 3356 576 3410 nihil
597 3358 700 3410 manino
722 3355 917 3426 scriberemus),
942 3353 1005 3410 Liv.
1023 3355 1144 3423 XXVI,
1158 3354 1250 3423 382,

172 3440 328 3510 XXXIII,
353 3441 380 3495 8.
404 3442 436 3494 ll
463 3440 505 3510 (in
528 3440 635 3513 quibus
658 3440 730 3496 locis
753 3437 957 3513 imperfectum
981 3439 1160 3495 coniunctivi
1184 3440 1250 3512 est),

172 3524 233 3582 Cic.
263 3544 315 3599 pro
345 3525 417 3580 Rab.
447 3526 527 3580 Post.
553 3527 592 3580 28
627 3526 675 3596 (Ia
695 3527 791 3597 facere
819 3544 869 3580 noa
893 3534 1015 3599 poterat,
1046 3527 1099 3580 nisi
1124 3526 1251 3580 dioecetes

172 3620 239 3666 esset
257 3613 436 3682 constitutus),
460 3628 513 3683 pro
526 3609 611 3667 Font.
626 3609 674 3676 39,
694 3608 782 3668 Corn.
795 3610 871 3684 Nep.
885 3608 960 3667 Cim.
977 3612 1003 3677 l,
1016 3609 1081 3665 Liv.
1093 3609 1249 3678 XXXIX,

164 3696 228 3770 28,
253 3695 287 3761 5,
317 3694 421 3753 Senec.
446 3695 481 3749 de
505 3695 554 3750 Ira
577 3696 622 3762 Il,
648 3695 702 3764 28,
727 3695 744 3750 5
774 3696 815 3767 (in
844 3694 951 3768 quibus
979 3693 1052 3751 locis
1079 3695 1249 3769 plusquam·

172 3779 333 3855 perfectum
353 3788 417 3850 est),
437 3779 498 3837 Cic.
511 3781 596 3834 Verr.
609 3780 650 3847 Il,
667 3780 726 3836 128
740 3781 862 3851 (Artemo
878 3782 1004 3837 sacerdos
1014 3781 1080 3852 fieri
1089 3782 1161 3836 naim
1172 3782 1250 3836 niodo

167 3859 289 3940 poterat,
318 3869 343 3920 si
364 3866 519 3920 Herodotus
546 3867 658 3938 puidam
686 3867 803 3938 adesset)
831 3878 858 3919 et
892 3864 950 3922 139
981 3867 1018 3936 (si
1044 3883 1109 3921 cum
1133 3863 1249 3940 imperi.

172 3951 271 4021 coni.)
317 3950 374 4023 Qui
404 3951 481 4024 apud
510 3950 682 4007 Ciceronem
711 3968 787 4005 unus
815 3950 885 4006 mihi
915 3950 1044 4006 innotuit
1072 3951 1152 4006 locus
1180 3967 1249 4006 con-

172 4035 294 4099 trarius,
329 4055 382 4109 pro
417 4036 503 4090 domo
533 4035 572 4090 78
604 4035 680 4106 (fieri
710 4054 761 4090 aon
790 4045 916 4109 poterant
949 4037 1058 4104 Latini,
1089 4039 1142 4092 nisi
1173 4045 1250 4090 erant

171 4131 293 4176 artctores
309 4124 383 4192 sacti
404 4139 548 4192 nomenque
569 4121 728 4192 desierant),
757 4119 787 4175 in
815 4138 851 4176 eo
879 4124 932 4176 nisi
958 4121 987 4176 ln
1011 4120 1162 4177 codicibus
1190 4138 1248 4175 non

172 4206 287 4280 legitur,
312 4225 364 4260 nec
382 4205 448 4279 ipsi.
471 4205 520 4278 qui
539 4204 807 4278 proficiscebantur,
830 4216 909 4260 recte
933 4216 1068 4261 auctores
1090 4204 1162 4261 lacti
1185 4223 1248 4261 esse

119 4356 126 4365 ·
172 4291 228 4346 dici
252 4290 403 4358 videntur,
427 4290 532 4364 opinor
544 4289 716 4347 Ciceronem
741 4289 907 4364 scripsisse:
930 4309 981 4346 non
1000 4299 1126 4365 poterant
1142 4292 1248 4359 Latiai,
1293 4339 1296 4346 .

171 4372 349 4454 [priusquam
373 4371 482 4453 Latini]
504 4384 581 4431 erant
602 4385 724 4431 auctores
740 4377 826 4448 facti,
856 4393 942 4448 quani
965 4374 1090 4432 formam
1113 4375 1249 4451 proxima

171 4462 316 4517 sententia
345 4461 441 4517 habet.
486 4459 598 4518 Contra
626 4460 789 4535 praesentis
816 4460 959 4535 temporis
987 4470 1016 4517 et
1043 4461 1249 4518 coniunctivus

991 4575 1042 4625 ³0*
