3030 5086
210 514 214 521 -
274 471 338 535 694
667 489 711 534 oa
734 489 866 536 mutnus
889 490 961 536 eor.

273 676 346 721 rare
368 657 523 737 gestiant?
552 668 587 721 ut
608 676 738 738 pompa,
766 657 847 721 ludis
875 668 971 738 atque
993 658 1142 722 eiusmodi
1165 656 1357 738 spectaculis

273 768 440 823 teneantur
467 766 506 822 ob
535 778 666 840 eamque
694 779 759 824 rem
788 760 835 824 vel
864 759 975 824 lainam
1004 749 1035 824 et
1062 759 1143 822 sitim
1172 757 1358 839 perferant?

275 861 356 939 Quid
379 862 476 924 vero?
503 862 556 941 qui
579 861 720 940 ingenuis
743 862 854 925 studiis
882 870 979 941 atque
1005 862 1126 924 artibus
1149 861 1357 939 delectantur,

274 981 377 1026 nonno
394 962 534 1026 videmos
557 982 611 1027 eos
634 981 690 1026 nec
707 962 894 1046 valetudinis
918 980 975 1026 nec
997 963 1041 1027 rei
1060 962 1221 1026 familiaris
1239 962 1358 1027 habere

235 1064 427 1128 orationem
467 1065 631 1145 omniaque
669 1064 791 1144 perpeti
830 1064 900 1144 ipsa
940 1064 1117 1146 cognitione
1153 1072 1185 1128 et
1222 1063 1356 1128 scientia

274 1174 382 1245 captos
405 1173 526 1229 etcum
550 1166 691 1230 maximis
713 1165 796 1230 curis
819 1173 851 1230 et
872 1165 1033 1229 laboribus
1055 1183 1257 1247 compensare
1275 1184 1356 1242 earn,

274 1286 368 1348 quam
396 1286 432 1332 ex
460 1266 611 1332 discendo
633 1267 773 1348 capiant,
798 1268 1009 1348 voluptatem?
1052 1267 1104 1332 49.
1128 1268 1204 1332 Mihi
1226 1267 1357 1348 quidem

273 1368 430 1433 Homerus
452 1369 629 1433 huiusmodi
653 1369 801 1450 quiddam
819 1370 933 1434 vidisse
950 1371 1073 1434 videtur
1091 1369 1122 1433 in
1139 1369 1186 1447 iis,
1209 1387 1292 1451 quae
1315 1369 1358 1435 de

274 1471 416 1534 Sirenum
449 1470 593 1534 cantibus
625 1468 757 1535 finxerit.
812 1470 921 1550 Neque
949 1471 1031 1535 enim
1060 1489 1170 1535 vocum
1199 1471 1358 1536 svavitate

216 1574 257 1638 10
274 1572 419 1636 videntur
441 1579 496 1636 aut
513 1573 649 1636 novitate
666 1573 802 1652 quadam
821 1581 852 1636 et
869 1573 1021 1637 varietate
1038 1572 1187 1636 alandi
1204 1590 1360 1638 revocare

274 1692 328 1738 eos
352 1674 469 1753 solitae,
492 1673 544 1753 qui
567 1674 898 1753 praetervehebantur‚
921 1675 977 1738 scd
1000 1674 1074 1755 quia
1096 1673 1194 1738 multa
1215 1693 1250 1739 se
1272 1674 1360 1739 scire

274 1774 509 1855 profitebantur,
532 1781 568 1838 ut
588 1775 730 1840 homines
753 1777 793 1840 ad
810 1795 917 1840 earum
935 1795 1010 1840 saxa
1027 1776 1166 1840 discendi
1183 1776 1361 1856 cupiditate

274 1877 544 1942 adhaerescerent.
589 1879 638 1941 Ita
667 1878 747 1941 enim
775 1878 911 1942 invitant
933 1879 1052 1943 Ulixem
1081 1884 1167 1959 (nam
1197 1877 1292 1955 verti,
1322 1886 1362 1942 ut

274 1979 429 2060 quaedam
452 1979 591 2057 Homeri,
614 1980 658 2044 sic
679 1979 774 2043 istum
797 1980 898 2058 ipsum
921 1980 1049 2060 loouinlz

215 2084 256 2147 15
318 2084 344 2144 Ο
368 2081 484 2145 decus
504 2081 735 2162 Argolicum,
758 2081 848 2162 quin
871 2083 1027 2163 puppim
1047 2080 1187 2159 flectis
1209 2081 1361 2159 Ulixes

317 2182 487 2247 Auribus
510 2190 551 2246 ut
573 2189 730 2248 nostros
752 2183 881 2263 possis
904 2202 1119 2265 agnoscere
1141 2183 1302 2247 cantus?

346 2393 366 2437 l.
387 2396 428 2435 aut
444 2404 532 2451 pompa
551 2387 572 2434 E
615 2392 636 2433 2.
656 2395 677 2435 et
687 2389 781 2449 famem
800 2388 820 2434 h
839 2389 984 2450 autsamem
1003 2396 1045 2436 aut
1062 2386 1124 2434 sitim
1143 2385 1301 2435 chalcitim
1319 2386 1362 2437 vel

264 2458 359 2519 samem
378 2457 400 2503 ll
435 2460 457 2502 3.
478 2455 536 2518 qaid
553 2454 650 2518 inpertire
670 2456 690 2502 E
709 2456 807 2520 inperalia
825 2455 955 2519 studiisque
975 2457 995 2506 O
1032 2461 1054 2502 o.
1075 2455 1193 2504 laboribus
1211 2463 1233 2503 ct
1251 2454 1359 2504 curiali

274 2532 297 2570 s.
317 2523 477 2587 quoddamli
527 2523 694 2587 quidquamC
743 2523 892 2573 videalorll
940 2523 977 2572 liis
996 2523 1039 2573 Lo
1082 2521 1111 2572 de
1132 2522 1242 2573 St'renant
1261 2539 1311 2575 om.
1336 2525 1358 2573 lt

274 2597 295 2639 9.
307 2592 465 2654 finxerintE
509 2598 545 2644 to.
564 2591 727 2640 uideantorL
772 2597 808 2640 ta.
829 2591 960 2642 invitabant
979 2593 1018 2640 L,
1040 2590 1148 2656 Ulyssem
1168 2592 1188 2641 C
1212 2590 1313 2656 Ulyrem
1336 2594 1360 2642 R

273 2669 315 2709 ant
333 2660 390 2726 (pro
408 2661 443 2724 at)
463 2662 486 2708 H
543 2667 578 2710 14.
599 2659 734 2723 quidam?
778 2660 853 2724 tpsom
872 2676 920 2711 om.
941 2662 961 2712 C
1018 2665 1054 2707 lh.
1075 2660 1117 2723 qui
1134 2660 1177 2708 ΕΡ
1217 2659 1290 2709 Ulixe
1308 2659 1357 2711 Or.

277 2727 376 2794 Ulyasas
395 2730 415 2779 C
438 2727 523 2794 Ulyxie
543 2730 564 2776 ll
604 2734 638 2779 16,
659 2737 680 2777 et
698 2737 790 2777 nostros
810 2730 831 2777 E

273 2911 436 2969 recurrunt,
454 2902 598 2959 nihildum
615 2903 725 2969 sciunt;
746 2912 774 2959 et
794 2901 949 2959 manifesto
968 2912 1027 2959 tres
1044 2911 1111 2958 sunt
1129 2903 1213 2976 quasi
1230 2903 1358 2978 gratim:

272 3006 450 3063 cognoscere
473 2988 584 3061 aliquid
603 2987 730 3053 student.
753 3006 896 3062 cognosse
914 3007 944 3045 se
962 2987 1100 3063 gaudent,
1123 2987 1190 3044 aliis
1208 2989 1356 3063 cognitio·

273 3091 338 3129 nem
363 3073 514 3148 impertire
537 3073 674 3144 gestiunt.
713 3069 753 3152 [B
776 3083 808 3128 ut
831 3073 905 3139 Eri.
929 3093 986 3129 om.
1009 3083 1047 3142 ul,
1070 3073 1151 3129 addit
1174 3083 1279 3148 postea
1300 3069 1356 3153 td]

359 3158 410 3217 49.
427 3160 554 3231 flaccet)
571 3157 664 3216 Codd.
679 3158 747 3215 Bas.
765 3168 795 3214 et
807 3157 935 3215 Vindob.
949 3156 1016 3215 Gaii
1032 3160 1130 3230 flurin
1153 3168 1183 3214 et
1205 3177 1277 3215 sane
1293 3177 1355 3216 non

216 3235 221 3244 ’
272 3243 458 3318 apertissima
482 3252 525 3299 est
549 3243 729 3300 coniunctivi
752 3261 850 3301 causa.
893 3242 986 3301 Gzius
1009 3242 1167 3318 significari
1192 3252 1285 3318 putat,
1308 3244 1355 3301 in·

273 3338 384 3384 certum
408 3329 501 3385 videri
525 3328 643 3397 Pisoni.
668 3328 697 3384 id
720 3337 778 3393 cst,
803 3327 954 3398 Ciceroni,
984 3328 1084 3403 ipsene
1108 3328 1257 3385 Homerus
1279 3329 1354 3387 haec

274 3413 392 3469 finxerit
421 3433 457 3469 an
486 3414 523 3469 ab
552 3413 618 3470 aliis
646 3414 808 3488 acceperit,
843 3415 920 3487 quod
950 3424 979 3470 et
1006 3433 1109 3488 parum
1138 3414 1279 3470 credibile
1309 3426 1356 3472 est

273 3498 447 3557 Ciceronem
471 3517 603 3563 curasse,
627 3517 681 3555 nee
703 3518 738 3555 ea
761 3499 936 3574 significatio
959 3518 996 3554 ex
1020 3499 1107 3555 modo
1130 3499 1212 3555 verbi
1236 3510 1355 3556 senten·

272 3584 331 3640 tiae
354 3584 496 3640 relativae
519 3583 656 3642 efficitur.
692 3583 797 3642 Cicero
816 3585 873 3639 vim
894 3584 1036 3640 orationis
1054 3584 1209 3658 pendentis
1231 3583 1268 3640 ad
1286 3603 1355 3641 sen-

273 3670 394 3725 tentiam
412 3669 566 3726 relativam
584 3670 740 3744 pertulisse
753 3669 878 3740 videtur,
896 3669 973 3743 quod
991 3688 1048 3725 non
1067 3669 1160 3726 solum
1179 3668 1215 3725 de
1229 3669 1355 3727 Homeri

273 3754 396 3811 consilio
415 3755 534 3817 iudicat,
558 3756 618 3824 sed,
643 3755 713 3829 quid
730 3756 767 3810 ab
780 3756 911 3811 Homero
929 3755 1028 3810 lictum
1047 3755 1093 3821 sit.
1116 3753 1211 3823 aliter,
1235 3772 1270 3811 ac
1288 3754 1355 3812 fieri

273 3840 356 3908 solet,
380 3840 606 3914 interpretatur,
630 3840 658 3896 in
683 3840 858 3915 cognitionis
881 3839 1094 3916 pollicitatione
1117 3857 1260 3896 summam
1285 3857 1355 3898 nar·

271 3925 395 3982 rationis
418 3925 493 3982 verti
518 3926 627 3984 dicens.
674 3924 714 4002 [B
737 3934 768 3981 ut
791 3925 853 3983 Erl.
872 3923 1030 4000 ‚dirceriotJ

358 4031 419 4066 nom
442 4009 524 4087 vera)
547 4030 583 4066 ex
607 4009 713 4086 Odyss.
726 4009 790 4067 Xll
803 4030 829 4066 v.
847 4015 903 4067 tal
918 4029 981 4084 sqq.
1017 4010 1065 4066 Ad
1088 4008 1228 4066 Pisonem
1246 4007 1356 4068 Cicero

272 4096 328 4152 hoc
351 4097 497 4169 (quaedam
520 4096 642 4169 Homen)
666 4096 850 4153 transtulisse
875 4097 991 4152 ridetur
1013 4115 1030 4150 a
1053 4112 1107 4151 sua
1129 4111 1264 4169 persona.

364 4180 471 4259 Ulires)
485 4181 533 4240 Sic
545 4177 610 4261 [B‚]
623 4181 738 4239 codices
751 4182 839 4247 Dav„
852 4175 988 4255 UxioOE}
1000 4182 1110 4252 Ulixis),
1123 4188 1264 4251 quattuor
1272 4178 1356 4247 Gaii,

273 4266 429 4332 Davisius;
452 4267 595 4323 edebatur
617 4269 728 4341 Lllpssee
747 4276 862 4324 etanta
885 4268 1006 4339 Ulyssem
1024 4267 1140 4339 (contra
1158 4265 1234 4321 Dav.
1257 4265 1357 4336 codd..

273 4351 308 4418 E,
332 4351 400 4409 Gzii
424 4354 583 4426 quattuor).
617 4352 710 4411 Gaius
739 4354 826 4409 Uline.
861 4351 920 4410 Sed
944 4351 1357 4412 ei'ruse.11.49etnead.

272 4438 314 4506 ΙΙ,
328 4437 366 4492 89
382 4446 410 4493 et
429 4437 464 4493 de
476 4437 560 4497 Orat.
574 4438 631 4508 ΙΙΙ,
648 4439 705 4494 162
725 4455 826 4495 omnes
843 4437 960 4495 codices
981 4456 995 4494 s
1013 4436 1142 4493 litteram
1165 4444 1300 4507 tuentur,
1324 4445 1359 4495 ut
