3030 5086
425 515 469 560 nu
493 514 573 560 unu.
596 514 657 560 nra
681 515 703 561 v
725 514 797 561 cnr.
825 517 928 564 ra-ra
943 512 1077 578 (sa-ss.)
1222 496 1285 561 669

218 686 370 750 videntur.
404 684 470 747 Iam
482 701 555 747 vero
571 683 693 748 animus
710 702 771 747 nou
789 701 858 748 esse
875 682 983 760 solum,
1001 683 1055 747 sed
1072 683 1166 747 etlam
1183 681 1285 747 euius·

217 788 289 852 dam
311 786 394 850 modi
416 785 509 850 debet
530 803 613 863 esse,
641 793 676 849 ut
696 795 729 850 et
749 803 856 851 omnes
879 794 986 866 partes
1009 802 1082 848 sues
1104 784 1217 849 habeat
1238 784 1285 847 in·

217 889 353 953 culumes
380 895 412 952 et
438 889 477 951 de
504 887 670 952 virtutibus
697 887 782 953 nulle
807 888 896 953 desit
944 889 1047 966 Atque
1079 885 1110 950 in
1143 885 1286 951 sensibus

217 998 265 1056 est
287 1008 345 1054 sue
367 989 517 1070 cuiusque
538 990 651 1065 virtue,
679 996 714 1053 ut
741 1008 780 1053 ne
808 990 881 1070 quid
908 988 1072 1069 impediat,
1099 1006 1161 1068 quo
1182 988 1285 1053 minus

217 1110 274 1158 suo
303 1109 413 1156 seusus
440 1092 572 1172 quisque
593 1109 721 1155 munere
742 1090 888 1172 fungatur
917 1091 947 1155 in
970 1090 1008 1155 iis
1030 1089 1123 1155 rebus
1144 1089 1285 1154 celeriter
1304 1100 1325 1159 ὀ

217 1195 421 1275 expediteque
454 1193 682 1274 percipienda,
719 1210 801 1279 quae
837 1192 994 1258 subiectae
1031 1198 1105 1255 sunt
1136 1191 1285 1256 sensibus,

217 1297 302 1361 XIII.
325 1296 428 1359 Animi
450 1301 554 1360 autern
577 1302 608 1359 et
629 1294 696 1360 eius
718 1294 812 1358 animi
831 1277 948 1374 partis,
970 1312 1052 1374 quae
1072 1292 1217 1374 princeps
1239 1302 1288 1358 est

218 1416 359 1480 quaeque
370 1415 457 1462 mens
475 1397 659 1475 nominatur,
676 1397 782 1477 plures
798 1395 1022 1474 suutvirtutes‚
1038 1394 1096 1460 sed
1112 1395 1175 1460 duo
1185 1394 1287 1475 prima
1357 1478 1361 1485 ¹

218 1518 340 1583 genera,
362 1517 456 1563 unum
479 1518 596 1577 esrum,
618 1518 699 1580 quae
719 1499 941 1580 ingenerantur
962 1504 1074 1579 suapte
1096 1505 1209 1561 nature
1230 1515 1286 1577 ep-

289 1675 308 1717 l.
328 1668 638 1733 cuius(procuiasdam)l3
675 1675 697 1717 2.
716 1686 767 1718 esse
785 1668 850 1718 debet
864 1670 927 1719 llllr.
955 1685 1013 1717 suas
1032 1667 1134 1716 orn.LP
1170 1672 1193 1714 3.
1214 1667 1290 1731 Atqui

219 1737 352 1788 LPCROr.
404 1746 426 1787 ⁴.
444 1738 485 1786 sui
499 1738 651 1800 cuaaapuell
685 1745 710 1786 ut
727 1738 819 1787 ornE
868 1743 890 1787 ⁵.
909 1735 984 1785 la‘sL
1034 1741 1056 1786 6.
1073 1736 1287 1800 percipienduml'

220 1811 241 1857 7.
257 1807 370 1871 partique
387 1805 445 1871 (pro
465 1805 544 1870 partis
562 1810 633 1869 quae)
654 1807 674 1854 E
709 1814 782 1855 estet
800 1821 906 1870 quasque
926 1804 945 1853 L
998 1810 1019 1853 8.
1040 1822 1087 1854 nou
1109 1804 1213 1853 minatur
1230 1807 1286 1869 (pro

219 1876 362 1931 nominatur)
380 1876 403 1923 r:
439 1879 463 1922 9.
481 1892 527 1923 aua
543 1883 614 1937 parte
631 1876 762 1924 naturast

303 2033 390 2070 stranea
408 2024 504 2088 partes
520 2013 599 2088 suus)
617 2015 689 2071 Situs
707 2015 866 2071 omiserunt
879 2013 957 2071 vict.
971 2021 1001 2069 et
1011 2011 1108 2078 Grut.‚
1131 2011 1179 2068 hie
1192 2012 1254 2068 Pal.
1268 2014 1286 2068 4

217 2109 346 2157 auctore.
392 2099 555 2156 Revocavit
573 2101 661 2169 Dan,
684 2100 812 2174 quinque
835 2098 918 2156 codd.
943 2093 1062 2155 teet'ens.
1085 2096 1178 2170 (οη.
1192 2097 1287 2172 EQ),

219 2185 312 2243 Gzius
334 2204 371 2240 ex
385 2184 455 2254 Eri,
480 2185 557 2260 Spin.
571 2182 636 2262 [8],
660 2187 751 2253 Mon„
771 2185 839 2242 Bas.
873 2185 957 2258 (Esse
979 2185 1053 2240 debet
1070 2181 1161 2253 Crat,
1184 2182 1288 2251 Gaius,

112 2316 120 2329 .
219 2272 293 2326 debet
315 2289 371 2326 esse
383 2267 448 2347 [B]
472 2269 568 2338 Grut„
594 2272 681 2344 Dav.)
709 2270 743 2327 In
766 2280 847 2344 utque
869 2280 986 2326 secutus
1008 2286 1070 2325 sum
1084 2268 1145 2325 Erl.
1168 2277 1197 2324 et
1209 2268 1286 2343 Spin.

219 2353 288 2433 [B];
312 2355 498 2431 progreditur
520 2356 614 2412 oratio
637 2355 811 2431 explicando
834 2356 887 2427 (Ac
905 2359 1023 2430 prlmum
1045 2356 1072 2408 in
1094 2354 1226 2427 sensibus)

303 2440 376 2515 Cap.
396 2441 486 2500 XIII.
510 2443 559 2498 scd
580 2443 634 2498 duo
652 2445 743 2516 ρνίνια
762 2442 874 2516 penora)
897 2439 1028 2497 Eandem
1051 2457 1111 2494 rem
1130 2438 1234 2497 Cicero
1257 2440 1287 2497 in

217 2526 401 2594 Aead.1‚20
419 2526 587 2601 significans
603 2527 645 2583 ait
662 2527 690 2582 in
709 2526 806 2584 auimo
823 2544 842 2582 a
859 2526 1009 2582 veteribus
1026 2543 1061 2580 ea
1077 2524 1197 2580 laudate
1214 2543 1287 2583 esse.

217 2631 286 2685 quae
313 2622 399 2668 essent
426 2615 465 2667 ad
490 2613 762 2687 comprehendendam
789 2615 911 2668 virtutem
939 2612 1048 2673 idonea,
1082 2628 1165 2684 eaque
1192 2611 1227 2665 ab
1255 2615 1288 2668 r'is

216 2700 243 2752 ia
266 2706 390 2752 nutrirem
412 2707 436 2753 et
457 2717 542 2753 mores
564 2699 652 2754 divisa
673 2717 738 2754 esse,
782 2699 918 2772 Apparet
935 2696 1012 2753 enirn
1031 2704 1153 2751 naturae
1170 2696 1288 2754 nomine

217 2780 386 2855 significari,
399 2800 483 2855 ⁸quae
505 2782 553 2838 hie
575 2793 670 2857 srmpte
693 2795 790 2839 ηατιινα
812 2781 854 2855 (id
876 2795 930 2848 est,
953 2781 1018 2857 ipsa
1037 2780 1217 2855 singulorum
1236 2782 1288 2839 bo·

218 2866 328 2921 minum
359 2876 464 2922 natura
490 2877 519 2922 et
546 2885 600 2924 sua
623 2872 739 2941 sponte)
761 2870 912 2939 degenerari
933 2866 1076 2922 dicuntur.
1120 2865 1289 2939 Exponitur

218 2949 324 3006 divisio
336 2951 365 3006 in
378 2951 573 3024 (Aristotelis)
586 2952 702 3027 Magnis
715 2951 877 3011 Moralibus
891 2953 904 3007 l
917 2970 942 3008 c.
952 2953 980 3015 5,
999 2969 1056 3024 qno
1069 2949 1134 3005 loeo
1147 2950 1288 3008 Morelius

220 3053 288 3091 usus
306 3045 350 3092 est
368 3036 475 3106 (narn
466 3055 495 3091 1n
515 3036 583 3095 Eth.
601 3037 715 3094 Nicom.
729 3040 752 3103 Ι,
769 3036 806 3095 13
823 3048 898 3094 extr
918 3035 1089 3093 brevissime
1106 3034 1213 3093 divisio
1230 3033 1288 3092 τῶν

218 3117 406 3212 θιανοητικών
424 3109 471 3175 nal
485 3117 543 3176 τῶν
554 3111 694 3219 ηθικῶν’
677 3118 788 3198 αρετῶν
800 3122 1006 3218 significatur).
1017 3110 1101 3178 nim
1118 3118 1143 3175 θ’
1144 3108 1191 3217 ἡ
1195 3108 1287 3195 ψυχή,

218 3221 258 3267 ως
275 3221 382 3275 ηαμεν,
405 3198 446 3268 εἰς
464 3191 516 3261 udo
534 3197 608 3279 μέρη
625 3199 789 3303 διῃρημένη,
813 3197 854 3272 εἴς
869 3225 902 3263 τε
898 3191 1038 3299 λόγον
1022 3221 1089 3301 egos
1103 3221 1153 3259 και
1144 3192 1287 3298 ἄλογον.

216 3277 264 3342 Ἐν
285 3277 338 3380 μὲν
362 3277 395 3361 δὴ
411 3307 453 3359 τῳ
439 3275 594 3384 ’λόγον’
578 3306 715 3388 egum
691 3283 828 3365 νηηίνεταν
845 3279 996 3387 ρρόνησις
1020 3280 1203 3387 ἀγηίνοια
1184 3283 1288 3381 σοφία,

218 3360 376 3463 εὐμάθεια
394 3360 491 3447 μνήμη
508 3362 557 3428 καὶ
573 3391 612 3429 τα
628 3371 762 3430 τοιαῦτα
782 3367 811 3430 ἐν
828 3374 858 3432 de
875 3392 917 3446 τῳ
928 3360 1039 3468 ἀλόγῳ
1040 3388 1128 3430 autur
1140 3391 1171 3428 αν
1163 3358 1288 3465 ’ἀρεταὶ

218 3444 380 3530 λεγόμεναι,
397 3444 582 3549 σωφροσύνη,
605 3446 782 3553 δικαιοσύνη,
789 3450 915 3554 ἀνδρία,
934 3444 1002 3514 ὅσαι.
1018 3445 1105 3513 ἄλλαι
1122 3473 1175 3511 τον
1163 3442 1290 3547 ’ἤθους

219 3534 386 3594 θοκοῦσιν’
372 3557 518 3635 agalmate
510 3528 619 3598 εἶναι.
654 3531 745 3597 Κατὰ
762 3532 818 3618 γὰρ
835 3530 950 3607 ταύτας
967 3535 1111 3599 {naereses
1104 3526 1288 3615 λεηόμεθα
1366 3530 1370 3545 “

218 3612 295 3677 κατὰ
312 3611 394 3677 δὲ
358 3643 416 3687 rae
431 3615 553 3680 τοῦτὸν
570 3613 688 3701 λόγον’
672 3642 791 3722 εχοντος
808 3616 935 3694 ealdele'
921 3628 1089 3683 επαινεῑται.
1135 3624 1194 3683 Sed
1210 3622 1288 3696 quod

218 3706 265 3762 hie
277 3721 378 3781 aperte
390 3720 419 3764 et
431 3709 618 3784 neglegenter
629 3711 685 3767 hae
697 3709 820 3769 virtutes
835 3703 864 3766 ἐν
875 3730 917 3783 τῳ
903 3697 1025 3786 ’ἀλόγῳ
1038 3719 1193 3784 ponuntur
1211 3707 1289 3783 apud

219 3792 377 3850 Stobaeurn
383 3813 428 3888 p.
447 3795 508 3851 294
539 3796 653 3853 cautius
680 3786 745 3868 περὶ
772 3785 808 3852 τὸ
814 3781 945 3892 ἄλογον
967 3793 1120 3869 γίγνεσθαι
1141 3793 1287 3852 dicuntur.

218 3877 295 3933 Nam
317 3868 393 3950 μετὰ
415 3866 503 3953 λόγον
525 3871 581 3945 τὰς
603 3870 751 3954 ἠθικὰς
732 3871 841 3955 waic
860 3872 944 3947 εἶναι,
967 3879 1145 3936 Aristoteles
1167 3879 1290 3936 docebat

218 3962 298 4031 (Eth.
312 3964 427 4021 Nieorn
448 3963 473 4032 Ι,
494 3965 600 4033 13,18
618 3975 648 4021 et
660 3964 713 4032 VI
730 3965 789 4037 13).
833 3963 902 4020 Et
893 3982 922 4019 rn
941 3963 1239 4039 MagnisMoralibus
1262 3974 1291 4019 et

218 4048 296 4122 apud
316 4049 475 4105 Stobaeum
499 4038 641 4124 φρόνησις
662 4060 693 4106 et
714 4042 808 4121 σοφία
829 4049 859 4105 iu
882 4048 980 4124 priore
1002 4067 1109 4125 genere
1131 4057 1289 4125 ponuntur,

217 4133 295 4207 apud
313 4133 485 4191 Ciceronem
508 4145 605 4191 autern
625 4133 802 4229 prudentia'
792 4153 822 4190 rn
845 4133 954 4202 altero3
976 4134 1090 4209 etipse
1113 4133 1290 4192 Aristoteles

218 4218 290 4275 satis
317 4220 484 4287 confirmat,
512 4210 564 4294 τὴν
591 4207 734 4294 φρόνησιν
761 4237 855 4293 neque
883 4219 921 4275 ab
949 4219 1046 4276 ethiea
1067 4219 1176 4276 virtute
1204 4237 1291 4318 posse

218 4303 331 4402 seiungi
360 4322 454 4379 neque
481 4305 544 4361 sine
572 4312 674 4360 nostra
696 4303 848 4361 voluntate
875 4314 905 4360 et
927 4304 1067 4362 laudabili
1090 4304 1219 4362 studio
1209 4323 1291 4380 ruge·

218 4390 314 4447 uereri
337 4391 416 4462 (Eth.
439 4389 555 4471 Nieorn.
582 4388 633 4458 VI,
651 4389 678 4454 5,
702 4390 755 4460 vl,
776 4390 824 4460 13,
838 4391 865 4456 6,
885 4389 945 4465 al).
988 4391 1094 4465 Itaque
1116 4389 1289 4447 divisionem

217 4473 247 4529 in
270 4473 353 4532 libris
376 4474 546 4532 Aristotelis
568 4484 599 4531 et
620 4475 728 4532 veteris
749 4472 881 4533 familiae
892 4474 1084 4533 Aristoteliae
1106 4474 1203 4534 minus
1223 4474 1292 4533 dili·
