3030 5086
444 488 487 533 nn
511 487 591 534 nnn
615 487 677 534 um.
701 487 722 532 v
745 486 1062 546 oan.t-s.(11-1a.)
1228 467 1289 531 621

217 677 285 722 rum
302 664 383 735 sunt,
400 674 496 720 unum
514 655 707 736 populariter
724 654 884 735 seriptum,
901 655 986 734 quod
1004 641 1172 734 ἐξωτερικόν
1183 654 1292 735 appel-

217 760 332 839 labant
355 760 485 823 alterum
507 756 658 834 limatius,
680 758 763 837 quod
786 756 817 819 in
841 756 1070 821 commentariis
1092 754 1293 836 reliquerunt

218 879 279 924 non
308 879 431 942 semper
458 860 540 924 idem
567 859 670 923 dioere
697 859 855 937 videntur3
890 875 946 922 neo
978 858 1009 922 in
1039 876 1160 922 summa
1188 865 1291 921 tamen

217 963 287 1043 ipsa
309 969 365 1026 aut
380 962 517 1027 varietas
539 967 589 1025 est
604 961 676 1040 ulla,
698 962 783 1041 apud
799 959 857 1025 hos
874 960 1008 1041 quidem,
1031 978 1110 1040 quos
1128 958 1293 1036 nominavi,

217 1072 272 1128 aut
299 1065 381 1128 inter
408 1064 494 1144 ipsos
523 1063 686 1128 dissensio.
731 1062 792 1127 Sed
819 1081 887 1127 oum
915 1062 1008 1126 beata
1029 1062 1094 1125 vita
1121 1063 1331 1142 quaeraturb

218 1166 311 1246 idque
333 1166 375 1230 sit
396 1184 501 1243 unum,
523 1166 608 1245 quod
629 1163 828 1246 philosophia
850 1172 995 1245 spectare
1016 1171 1048 1229 et
1065 1163 1155 1245 sequi
1171 1163 1292 1241 debeat

218 1268 298 1331 sitne
320 1287 358 1332 ea
380 1274 447 1330 tota
468 1267 530 1331 sita
550 1266 582 1330 in
605 1272 762 1347 potestate
783 1266 933 1348 sapientis
956 1285 995 1330 an
1019 1266 1120 1346 possit
1136 1272 1190 1329 aut
1207 1263 1292 1328 labe-

218 1368 329 1433 factari
350 1376 405 1433 aut
426 1368 504 1451 eripi
527 1369 621 1432 rebus
643 1368 794 1448 adversis,
816 1368 847 1432 in
870 1386 907 1432 eo
926 1386 1159 1449 nonnumquam
1176 1366 1294 1430 variari

217 1471 298 1534 inter
325 1489 379 1535 eos
407 1477 439 1534 et
459 1469 594 1534 dubitari
618 1470 749 1534 videtur.
795 1471 887 1550 Quod
915 1470 1047 1534 maxime
1074 1467 1169 1535 efficit
1191 1468 1293 1532 Theo·

218 1571 339 1653 phrasti
361 1574 401 1636 de
422 1572 514 1636 beata
535 1571 601 1661 rita
621 1571 714 1650 liber,
741 1572 772 1636 in
801 1591 863 1653 quo
884 1572 1016 1637 multum
1037 1571 1207 1636 admodum
1228 1567 1293 1634 for·
1313 1571 1355 1635 10

286 1798 310 1841 3.
329 1791 494 1841 videontarE
530 1793 556 1841 in
579 1791 695 1842 renuntio
714 1801 794 1841 tomen
813 1793 857 1841 1„ss
911 1797 933 1842 5.
958 1792 1032 1842 ᾰὼείο
1050 1792 1108 1859 (pro
1125 1789 1294 1856 dissensiolss

220 1865 242 1912 6.
258 1859 472 1924 philosopiiomll
514 1864 535 1910 7.
554 1878 586 1909 aa
605 1859 787 1923 labefactas-il]
832 1866 855 1909 8.
875 1878 1001 1925 numquam
1020 1860 1105 1910 aonL
1155 1866 1189 1910 10.
1201 1858 1294 1922 sortior

219 1937 255 1977 eet
272 1933 328 1993 (pro
337 1932 456 1993 fortunae
474 1928 556 1989 datur)
576 1929 595 1976 P

304 2138 429 2195 limatius.
452 2137 526 2210 quod
547 2139 573 2191 ia
595 2139 789 2193 commeator-ita
810 2137 988 2211 reliquerunt)
1015 2137 1082 2194 Non
1106 2136 1222 2192 dicendi
1244 2153 1295 2210 ge·

218 2239 288 2276 nere
311 2231 341 2277 at
362 2221 509 2277 scribendi
532 2230 595 2276 arte
618 2220 739 2295 politius
762 2221 847 2290 dicit,
876 2221 927 2278 sed
954 2222 984 2278 in
1013 2240 1071 2296 quo
1094 2221 1204 2278 veritas
1226 2220 1295 2277 sub·

218 2306 299 2363 tilius
311 2306 459 2379 exquisita
475 2305 514 2363 sit
531 2316 561 2361 et
577 2305 683 2362 nudius
695 2306 902 2380 astrictiusque
919 2307 1068 2382 explicata
1085 2324 1139 2363 nac
1155 2306 1191 2362 ad
1204 2305 1293 2362 ullam

218 2391 438 2448 similitudinem
472 2391 670 2448 communium
698 2391 869 2466 opinionum
905 2402 935 2448 at
961 2391 1125 2449 communis
1151 2391 1296 2447 sermonis

218 2476 349 2533 studiose
373 2475 601 2533 accommodata.
649 2474 733 2550 (cm,
756 2495 842 2550 quem
866 2477 961 2533 loonm
986 2476 1079 2534 Gzius
1102 2476 1212 2541 laudat,
1236 2474 1294 2534 Off.

217 2563 258 2631 11,
272 2562 310 2618 35
335 2572 366 2617 at
387 2580 476 2636 supra
498 2561 555 2623 111,
570 2562 631 2633 40.)
676 2560 887 2620 commentarii
910 2574 1008 2618 autam
1032 2571 1109 2631 sunt,
1132 2560 1295 2635 quosquis

216 2647 246 2703 in
269 2664 354 2703 suum
378 2663 575 2720 paucorumve
597 2665 682 2711 usum
706 2647 885 2722 compositos
907 2647 986 2704 domi
1014 2647 1123 2703 retinet
1149 2664 1203 2702 neo
1225 2645 1296 2703 iusti

217 2731 284 2787 libri
308 2731 410 2787 habitu
433 2740 463 2786 et
484 2731 618 2787 orations
641 2742 760 2788 ornatos
777 2731 867 2807 vulgo
890 2731 1030 2807 legendos
1052 2732 1143 2789 tradit
1165 2740 1194 2788 et
1217 2749 1296 2787 oom-

217 2816 345 2886 mendat‚
369 2815 471 2888 quales
490 2826 575 2871 erant
594 2816 816 2891 magistratuum
840 2827 870 2873 et
891 2817 1076 2874 sacerdotum
1094 2814 1296 2873 commentarii

218 2910 269 2957 aut
292 2912 441 2957 oratorum
465 2901 560 2971 (Brut.
591 2902 660 2967 164,
683 2900 807 2973 Quintil.
830 2902 871 2970 X,
896 2903 924 2970 7,
949 2901 1088 2974 30-32)
1111 2910 1295 2971 linteorum,

218 2986 277 3059 qui.
301 3004 376 3059 quae
399 2985 592 3060 philosophos
614 2994 665 3042 aut
684 2986 758 3042 alios
775 2985 914 3043 docentes
930 2986 1114 3048 audiverant,
1138 2985 1296 3042 memoriae

218 3089 307 3126 causa
324 3071 467 3127 notabant
478 3070 611 3144 (Tuscul.
623 3070 682 3139 ΙΙΙ,
696 3072 758 3143 54).
793 3070 858 3127 Neo
874 3072 996 3147 propria
1011 3070 1187 3146 significatio
1205 3070 1296 3139 vocis,

218 3174 304 3229 quam
328 3155 510 3211 retinendam
535 3173 599 3211 essa
622 3156 710 3212 etiam
733 3174 770 3212 ex
787 3156 879 3212 verbo
901 3159 1065 3230 reliquerunt
1087 3164 1212 3230 apparet
1228 3155 1296 3227 (hoo

219 3250 271 3299 est.
295 3259 352 3296 non
371 3259 408 3296 ax
425 3240 645 3297 commentariis
662 3240 693 3296 in
710 3240 804 3297 lucem
823 3241 1031 3315 protulerunt),
1055 3250 1194 3309 mutatur,
1218 3239 1296 3314 quod

219 3326 401 3399 quorundam
424 3335 573 3382 oratorum
596 3325 653 3400 ipsi
677 3326 878 3383 commentarii
901 3326 1039 3402 descripti
1068 3336 1098 3383 et
1126 3326 1196 3383 editi
1219 3335 1297 3389 sunt,

218 3420 270 3465 aut
291 3411 370 3483 quod
393 3410 552 3485 scriptores
574 3409 687 3485 aliquot
710 3410 870 3468 modestiae
898 3430 988 3468 eausa
1014 3430 1066 3469 eos
1088 3411 1194 3479 libros,
1223 3427 1297 3484 quos

219 3494 354 3562 edebant,
378 3496 420 3551 sio
442 3495 664 3570 inscripserunt.
710 3496 816 3570 ltaque
839 3496 927 3553 etiam
950 3497 1009 3566 111,
1036 3499 1073 3553 10
1095 3502 1297 3553 commentarios

220 3581 387 3636 Amatotelioa
408 3582 451 3636 ita
472 3580 629 3654 dissipato,
652 3591 686 3636 ut
707 3581 781 3637 haec
803 3581 839 3637 de
862 3600 961 3639 eorum
985 3582 1127 3640 librorum
1151 3580 1247 3639 forma
1269 3591 1299 3637 et

221 3665 333 3740 origine
356 3664 501 3721 sententia
524 3665 712 3740 significetur.

305 3752 386 3824 idque
408 3753 442 3806 sit
464 3770 545 3806 onum
567 3749 640 3827 eat.)
663 3750 731 3807 Vid.
753 3750 792 3807 ad
810 3753 832 3809 1.
846 3752 895 3808 62.
930 3752 1024 3809 Paulo
1048 3762 1115 3826 post
1136 3754 1190 3808 sito
1212 3750 1298 3807 omit·

222 3835 292 3890 titur
315 3836 343 3890 in
368 3833 447 3893 Gud.
473 3836 500 3890 2.

311 3920 490 3995 Theophrasti
516 3921 550 3975 de
577 3919 654 3976 beato
675 3924 731 3976 vita
752 3921 831 3995 oba)
853 3911 920 3997 περὶ
943 3910 1135 3993 εὐδαιμονίας
1158 3920 1297 3995 (Diogen.

221 4007 318 4062 Laert.
332 4007 369 4074 V,
383 4005 438 4072 43;
461 4004 537 4060 alius
549 4014 594 4060 est
611 4005 687 4060 enim
705 3994 771 4078 tropi
788 4003 840 4079 τῆς
857 3999 947 4071 θείας
958 3995 1148 4078 εὐδαιμονίας
1161 4004 1221 4063 ibd.
1235 4005 1297 4073 49).

220 4091 303 4147 ouius
325 4092 431 4165 ipsum,
455 4099 488 4145 ut
505 4088 629 4147 videtur.
652 4088 768 4145 initium
792 4091 912 4164 ponitur
928 4087 1007 4146 infra
1023 4093 1038 4159 5
1052 4090 1107 4157 863
1130 4089 1299 4146 nominatur

220 4176 295 4232 liber
318 4176 406 4232 etiam
426 4175 514 4231 Tuso.
528 4176 565 4234 V.
579 4175 628 4232 24.
653 4173 803 4232 molliores
824 4184 923 4231 autem
946 4173 1011 4231 aius
1033 4175 1197 4231 sententiae
1219 4191 1298 4230 oom-

220 4271 420 4318 msmorantur
432 4260 526 4317 Aoad.
538 4260 563 4326 Ι,
578 4259 626 4328 33,
648 4260 687 4326 11,
703 4259 772 4327 134,
790 4260 880 4317 Tuso.
894 4260 932 4327 V,
947 4260 1002 4327 853
1025 4276 1078 4315 neo
1095 4259 1208 4327 dubito,
1228 4259 1297 4334 quin

220 4346 250 4402 in
274 4346 376 4403 eodem
394 4345 470 4402 libro
488 4344 687 4420 Theophrasti
710 4344 821 4401 devita
842 4343 1072 4420 contemplativa
1090 4343 1230 4402 iudicium
1248 4362 1300 4401 ax·

221 4431 349 4505 positum
377 4429 475 4488 fuerit.
521 4429 554 4488 Si
583 4439 680 4486 tamen
704 4428 839 4489 Cioeroni
862 4429 928 4497 illa,
957 4447 1034 4504 quaa
1061 4447 1130 4486 mox
1158 4429 1299 4506 appellat,
