3030 5086
392 489 436 535 nn
460 489 540 535 man.
559 459 628 533 ¹nur.
653 488 664 533 1
687 486 760 534 cau.
786 487 893 534 re-re.
913 486 1046 546 xer-ea.)
1197 467 1258 530 115

181 666 288 724 rantes
311 667 343 723 et
363 657 484 738 ignavi,
507 674 676 738 numquam
698 655 730 719 in
753 653 908 720 sententia
929 659 1157 736 permanentes,
1179 671 1259 735 quas

182 760 221 826 ob
248 778 361 824 causas
387 759 419 823 in
447 778 554 824 eorum
578 758 642 822 vita
671 757 756 822 nulla
778 764 832 821 est
859 756 1061 837 intercapedo
1088 755 1257 821 molestiae.

156 920 159 925 .
182 863 282 943 igitur
311 880 411 942 neque
439 862 605 925 stultorum
626 860 792 941 quisquam
814 859 925 924 beatirs
947 876 1048 939 neque
1070 857 1257 938 sapientium

183 984 243 1030 uon
278 964 397 1028 beatus.
447 963 609 1044 Multoque
642 962 700 1026 hoc
732 961 842 1027 melius
876 979 934 1025 nos
968 959 1133 1041 veriusque
1166 977 1259 1040 quam
1370 1026 1374 1031 ,

182 1066 285 1131 Stoici.
330 1065 377 1129 llli
400 1064 483 1130 euim
505 1072 621 1147 negant
641 1082 711 1128 esse
733 1065 846 1128 bonum
869 1063 1040 1145 quidquam
1067 1061 1126 1126 nisi
1153 1062 1298 1128 nesci05

183 1187 276 1250 quam
297 1167 381 1232 illam
405 1166 559 1245 umbram,
593 1166 679 1247 quod
706 1165 868 1248 appellant
893 1163 1071 1242 honestum,
1105 1183 1167 1228 non
1195 1171 1259 1229 tam

183 1269 282 1334 solido
305 1287 399 1350 quarn
421 1268 585 1349 splendido
608 1267 746 1349 nomine3
775 1268 921 1332 virtutem
949 1275 1054 1331 autem
1077 1267 1178 1334 nixam
1202 1266 1261 1332 boc
1292 1254 1298 1265 ’

182 1369 313 1435 honesto
336 1369 450 1434 nullam
472 1369 633 1451 requirere
650 1369 841 1450 voluptatem
864 1377 960 1450 atque
981 1369 1022 1433 ad
1045 1366 1136 1433 beate
1154 1369 1260 1433 viren-

182 1474 257 1537 dum
280 1490 315 1537 se
335 1471 406 1553 ipsa
428 1489 497 1536 esse
520 1476 705 1536 contentam.

268 1573 351 1638 XIX.
370 1574 420 1639 62.
433 1572 494 1639 Sed
506 1572 728 1654 possunthaec
738 1574 875 1654 quadam
887 1572 1009 1636 ratione
1021 1571 1081 1636 dici
1093 1591 1155 1637 non
1167 1573 1259 1636 modo
1280 1573 1321 1639 10

184 1695 245 1740 non
268 1674 528 1757 repugnantibus,
552 1693 659 1739 verum
682 1675 776 1739 etiam
798 1673 1047 1755 approbantibus
1071 1673 1168 1739 nobis.
1210 1672 1261 1740 Sic

185 1777 264 1842 enim
293 1778 333 1841 ab
355 1776 491 1859 Epicuro
519 1778 643 1859 sapiens
671 1794 795 1857 semper
822 1775 933 1840 beatus
955 1775 1128 1840 inducitur:
1153 1773 1260 1840 'finitas

254 1985 277 2031 3.
296 1996 337 2029 nec
355 1981 427 2030 etc
463 1979 602 2044 quaquam
637 1980 768 2045 sapientam
787 1978 882 2047 [AJLR
917 1986 941 2030 4.
956 1979 1033 2029 verina
1047 1997 1089 2029 nor
1104 1979 1230 2043 caelebsque
1239 1980 1264 2028 1.

151 2060 154 2065 ’
186 2065 229 2111 qne
257 2047 325 2113 (poet
351 2048 440 2111 verine)
464 2065 512 2097 orn.
537 2049 559 2097 E
614 2053 635 2096 b.
663 2065 712 2112 neq.
737 2065 772 2098 en.
798 2049 818 2096 E
859 2049 910 2099 bon.
930 2048 1009 2113 qnidq.
1033 2066 1084 2098 aare
1103 2048 1261 2101 LPLCROr.

186 2122 208 2167 9,
228 2132 254 2165 re
272 2116 388 2182 ι’ρεαηιῦ
429 2123 464 2169 12.
486 2121 569 2168 beatae
588 2132 637 2167 om.
657 2117 702 2166 Pa
822 2137 825 2143 >

184 2308 412 2381 intemperantes
436 2317 534 2381 atque,
557 2306 624 2363 dnm
649 2307 859 2382 cupiditatibus
879 2307 1090 2381 obsequuntur,
1113 2308 1150 2364 ad
1172 2325 1261 2385 agen·

185 2393 252 2449 dum
278 2392 415 2467 prompti,
439 2402 469 2448 et
492 2392 600 2467 ignavi,
624 2411 642 2448 a
664 2410 735 2449 vera
757 2392 903 2449 industria
920 2401 949 2448 et
966 2391 1139 2449 fortitudine
1156 2392 1261 2450 remoti

186 2487 264 2533 siant.
309 2477 346 2534 Id
367 2486 407 2533 est
428 2496 482 2552 pro
504 2479 582 2533 iidem
605 2478 693 2534 etiam
718 2478 801 2534 Parc.
829 2482 854 2546 l,
879 2478 897 2534 3
921 2477 997 2533 Dav.

272 2563 360 2634 Iqr‘tnr
388 2581 472 2636 neque
493 2562 646 2637 stultorum)
675 2562 822 2637 Exempla
850 2561 1051 2621 Ciceroniana·
1073 2563 1154 2620 vocis
1180 2566 1262 2636 iqitar

185 2646 270 2703 initio
293 2646 455 2704 sententiae
479 2648 592 2720 positae
615 2647 644 2702 in
668 2657 770 2722 aperta
792 2658 822 2703 et
844 2647 970 2722 simplici
990 2649 1186 2718 conclusione,
1210 2648 1261 2705 ubi

186 2731 268 2788 nulle
295 2732 354 2788 alia
383 2750 440 2791 vox
470 2749 528 2788 una
555 2733 744 2807 praecipuam
773 2732 945 2808 dignitatem
973 2732 1108 2800 baberet,
1142 2733 1262 2810 collegit

187 2816 354 2873 Boetticher
380 2817 410 2873 in
440 2818 550 2875 Lexico
578 2817 700 2874 Taciteo
730 2837 758 2893 p.
778 2817 848 2886 237,
884 2835 949 2874 cunr
983 2819 1019 2875 de
1053 2837 1088 2876 eo
1121 2820 1160 2876 ab
1188 2819 1261 2894 ipsis

187 2899 340 2959 Ciceronis
373 2902 535 2959 editoribus
563 2903 729 2959 dubitatum
758 2912 836 2960 esset
858 2902 896 2958 ob
925 2903 1101 2976 Quintiliani
1134 2905 1262 2960 auctori·

186 2996 275 3042 tatem
300 2988 336 3057 (I,
362 2989 391 3055 5,
411 2988 467 3061 ·39)
490 2996 542 3043 aut
563 2988 677 3052 saltem,
701 2996 733 3044 ut
756 3007 773 3044 a
796 2987 930 3057 Biennio,
961 2989 1148 3046 condiciones
1171 2990 1262 3063 parti·

186 3072 270 3129 culae
293 3073 334 3127 sic
359 3073 510 3147 ponendae
539 3091 595 3129 non
625 3073 697 3130 satis
720 3091 808 3129 verae
831 3072 968 3147 scriptae.
1013 3075 1058 3130 De
1081 3075 1145 3149 ipso
1169 3074 1262 3147 Quin·

108 3187 112 3193 .
186 3157 289 3213 tiliano
312 3157 364 3213 cfr.
389 3176 465 3213 nunc
488 3159 658 3216 Bonnellns.
705 3159 781 3215 Turn
805 3176 898 3232 neque
921 3159 958 3214 ad
981 3157 1087 3217 Gaium
1119 3159 1178 3215 lere
1201 3160 1263 3216 edi·

186 3253 247 3298 tum
281 3247 450 3316 sapientum
490 3244 611 3299 alteram
647 3243 771 3300 formam
805 3242 852 3299 hic
887 3245 1038 3301 revocavit
1076 3265 1091 3299 e
1123 3255 1264 3318 quattuor

186 3327 246 3383 suis
269 3328 371 3397 codd,
407 3325 450 3407 [et
477 3328 519 3384 sic
541 3329 570 3384 Α
600 3347 716 3403 quoque
739 3334 753 3397 ξ
773 3324 837 3407 70],
884 3329 978 3387 Paulo
1006 3342 1073 3404 post
1100 3333 1141 3387 illi
1166 3341 1263 3405 neqant

186 3416 252 3468 enim
280 3413 380 3484 (etiarn
411 3413 490 3470 Gud.
515 3415 560 3486 2),
595 3415 673 3487 quod
696 3412 790 3471 Gaius
818 3413 978 3489 probabat.
1013 3416 1144 3472 ordinem
1174 3415 1263 3472 habat

187 3516 291 3572 prosae
320 3499 462 3555 orationis
492 3500 686 3573 scriptoribus
714 3517 771 3554 non
795 3499 935 3556 usitatum
960 3500 1030 3570 (vid.
1054 3501 1151 3557 Hand.
1175 3501 1263 3558 Ture.

186 3583 218 3639 II
240 3603 267 3657 p.
288 3584 369 3655 399).
421 3581 470 3663 [ln
499 3585 601 3640 ordine
630 3585 832 3659 proximorum
857 3585 1012 3641 verborum
1041 3603 1117 3642 nunc
1146 3594 1263 3643 secutus

186 3687 249 3724 sum
273 3670 311 3729 A.
336 3668 408 3734 Erl..
433 3669 475 3737 B;
504 3680 591 3725 antea
614 3688 768 3744 posueram
792 3688 849 3727 esee
876 3672 971 3744 qur'clq.
995 3672 1089 3727 bonnm
1112 3680 1261 3745 tamquam

186 3772 222 3808 ex
247 3749 321 3831 Eri]
356 3753 449 3820 (Crat.
473 3754 576 3811 habet:
600 3774 656 3811 ease
679 3757 772 3810 bonrrm
795 3757 945 3830 qrn'clquam
967 3758 1046 3827 ease.)

271 3842 391 3894 contutant
415 3845 506 3895 ninam
525 3841 572 3896 boc
590 3838 709 3917 horreolo)
733 3839 810 3913 Quid
833 3840 941 3897 boc'et
963 3840 1029 3897 aliis
1052 3840 1125 3898 locis
1147 3840 1264 3897 intersit

186 3923 262 3978 inter
284 3913 336 3996 τὴν
359 3911 465 3998 ἀρετήν
488 3935 516 3980 et
539 3914 574 3980 τὸ
592 3914 690 3980 καλόν.
715 3925 888 3982 brevissime
906 3925 1081 4000 significato,
1105 3925 1129 3983 si
1148 3936 1262 3983 nostro·

186 4027 248 4063 rum
273 4007 515 4082 pbilosophorum
541 4009 638 4065 verbis
663 4020 747 4066 utens
771 4010 894 4066 alteram
917 4010 1110 4068 subiectivanr
1133 4011 1262 4068 notionis

186 4105 297 4168 partem
317 4093 420 4149 dixero
438 4113 512 4165 esse,
535 4095 657 4151 alteram
682 4094 868 4151 obiectivam.
902 4095 1017 4160 Deinde
1040 4098 1154 4153 solidum
1171 4115 1263 4153 nomen

185 4179 373 4252 aequalitatis
396 4196 497 4235 causa.
523 4190 554 4235 ut
577 4180 754 4236 contrarium
779 4190 857 4237 esset
878 4183 1032 4255 splendido,
1057 4181 1263 4240 Cicero'ineo·

186 4264 293 4319 lentius
318 4263 393 4318 dixit
416 4283 469 4337 pro
493 4284 537 4334 eo,
561 4265 607 4321 cui
631 4266 764 4321 subesset
786 4284 833 4322 res
856 4266 959 4321 solida.

271 4348 343 4422 Cap.
367 4349 455 4405 XIX.
482 4351 529 4407 62.
576 4351 623 4406 Sic
653 4354 720 4406 enim
750 4352 784 4406 ab
812 4351 935 4425 Epicuro
957 4352 1026 4427 cet.)
1050 4352 1175 4409 insitum
1200 4363 1263 4410 erat

186 4434 240 4491 hoc
263 4434 355 4490 reteri
379 4434 593 4509 philosophiae,
617 4448 696 4492 certe
719 4446 786 4511 post
802 4435 1005 4508 Aristotelem,
1029 4438 1079 4512 qui
1102 4437 1177 4496 hanc
1200 4457 1261 4496 rem

1023 4557 1053 4600 ⁸.
