<?xml version="1.0" encoding="UTF-8"?>
<!DOCTYPE html PUBLIC "-//W3C//DTD XHTML 1.0 Transitional//EN"
    "http://www.w3.org/TR/xhtml1/DTD/xhtml1-transitional.dtd">
<html xmlns="http://www.w3.org/1999/xhtml" xml:lang="en" lang="en">
 <head>
  <title>
</title>
<meta http-equiv="Content-Type" content="text/html;charset=utf-8" />
  <meta name='ocr-system' content='tesseract 3.04.00' />
  <meta name='ocr-capabilities' content='ocr_page ocr_carea ocr_par ocr_line ocrx_word'/>
</head>
<body>
  <div class='ocr_page' id='page_1' title='image "./mtulliiciceroni35cicegoog_0140.png"; bbox 0 0 3030 5086; ppageno 0'>
   <div class='ocr_carea' id='block_1_1' title="bbox 491 403 1295 488">
    <p class='ocr_par' dir='ltr' id='par_1_1' title="bbox 491 403 1295 488">
     <span class='ocr_line' id='line_1_1' title="bbox 491 403 1295 488; baseline 0.001 -21"><span class='ocrx_word' id='word_1_1' title='bbox 491 421 535 468; x_wconf 83' lang='lat' dir='ltr'>nr</span> <span class='ocrx_word' id='word_1_2' title='bbox 558 419 759 467; x_wconf 74' lang='lat' dir='ltr'>arnamar</span> <span class='ocrx_word' id='word_1_3' title='bbox 781 419 854 468; x_wconf 78' lang='lat' dir='ltr'>cnr.</span> <span class='ocrx_word' id='word_1_4' title='bbox 874 423 898 471; x_wconf 84' lang='lat' dir='ltr'>a.</span> <span class='ocrx_word' id='word_1_5' title='bbox 915 421 1030 485; x_wconf 85' lang='lat' dir='ltr'>(a-ro.)</span> <span class='ocrx_word' id='word_1_6' title='bbox 1118 479 1122 488; x_wconf 33' lang='grc' dir='ltr'>Ι</span> <span class='ocrx_word' id='word_1_7' title='bbox 1254 403 1295 468; x_wconf 79' lang='lat'>25</span> 
     </span>
    </p>
   </div>
   <div class='ocr_carea' id='block_1_2' title="bbox 216 586 1295 671">
    <p class='ocr_par' dir='ltr' id='par_1_2' title="bbox 216 586 1295 671">
     <span class='ocr_line' id='line_1_2' title="bbox 216 586 1295 671; baseline -0.002 -17"><span class='ocrx_word' id='word_1_8' title='bbox 216 591 271 655; x_wconf 89' lang='lat'>10.</span> <span class='ocrx_word' id='word_1_9' title='bbox 305 589 369 656; x_wconf 86' lang='lat' dir='ltr'>Sed</span> <span class='ocrx_word' id='word_1_10' title='bbox 394 590 463 655; x_wconf 89' lang='lat' dir='ltr'>iure</span> <span class='ocrx_word' id='word_1_11' title='bbox 484 586 616 655; x_wconf 83' lang='lat' dir='ltr'>Mucius</span> <span class='ocrx_word' id='word_1_12' title='bbox 659 589 727 671; x_wconf 82' lang='lat' dir='ltr'>Ego</span> <span class='ocrx_word' id='word_1_13' title='bbox 754 595 858 655; x_wconf 85' lang='lat' dir='ltr'>autam</span> <span class='ocrx_word' id='word_1_14' title='bbox 886 589 994 655; x_wconf 92' lang='lat' dir='ltr'>mirari</span> <span class='ocrx_word' id='word_1_15' title='bbox 1020 589 1096 653; x_wconf 79' lang='lat' dir='ltr'>satia</span> <span class='ocrx_word' id='word_1_16' title='bbox 1122 608 1184 654; x_wconf 91' lang='lat' dir='ltr'>non</span> <span class='ocrx_word' id='word_1_17' title='bbox 1206 607 1295 670; x_wconf 88' lang='lat' dir='ltr'>queo,</span> 
     </span>
    </p>
   </div>
   <div class='ocr_carea' id='block_1_3' title="bbox 104 689 1294 769">
    <p class='ocr_par' dir='ltr' id='par_1_3' title="bbox 104 689 1294 769">
     <span class='ocr_line' id='line_1_3' title="bbox 104 689 1294 769; baseline -0.004 -12"><span class='ocrx_word' id='word_1_18' title='bbox 104 754 122 769; x_wconf 79' lang='grc'><strong><em>,</em></strong></span> <span class='ocrx_word' id='word_1_19' title='bbox 214 693 305 757; x_wconf 87' lang='lat' dir='ltr'>unde</span> <span class='ocrx_word' id='word_1_20' title='bbox 330 692 390 757; x_wconf 90' lang='lat' dir='ltr'>hoc</span> <span class='ocrx_word' id='word_1_21' title='bbox 416 693 458 756; x_wconf 90' lang='lat' dir='ltr'>sit</span> <span class='ocrx_word' id='word_1_22' title='bbox 484 698 548 756; x_wconf 87' lang='lat' dir='ltr'>tam</span> <span class='ocrx_word' id='word_1_23' title='bbox 569 691 706 756; x_wconf 89' lang='lat' dir='ltr'>insolens</span> <span class='ocrx_word' id='word_1_24' title='bbox 728 691 967 756; x_wconf 89' lang='lat' dir='ltr'>domesticarum</span> <span class='ocrx_word' id='word_1_25' title='bbox 996 709 1099 756; x_wconf 89' lang='lat' dir='ltr'>rerum</span> <span class='ocrx_word' id='word_1_26' title='bbox 1127 689 1294 756; x_wconf 81' lang='lat' dir='ltr'>fastidium.</span> 
     </span>
    </p>
   </div>
   <div class='ocr_carea' id='block_1_4' title="bbox 216 792 1334 1178">
    <p class='ocr_par' dir='ltr' id='par_1_4' title="bbox 216 792 1334 1178">
     <span class='ocr_line' id='line_1_4' title="bbox 216 792 1296 873; baseline -0.001 -16"><span class='ocrx_word' id='word_1_27' title='bbox 216 793 293 859; x_wconf 80' lang='lat' dir='ltr'>Non</span> <span class='ocrx_word' id='word_1_28' title='bbox 315 801 364 859; x_wconf 89' lang='lat' dir='ltr'>est</span> <span class='ocrx_word' id='word_1_29' title='bbox 384 793 508 858; x_wconf 92' lang='lat' dir='ltr'>omnino</span> <span class='ocrx_word' id='word_1_30' title='bbox 530 793 579 857; x_wconf 90' lang='lat' dir='ltr'>hic</span> <span class='ocrx_word' id='word_1_31' title='bbox 601 792 733 857; x_wconf 89' lang='lat' dir='ltr'>docendi</span> <span class='ocrx_word' id='word_1_32' title='bbox 753 792 854 871; x_wconf 84' lang='lat' dir='ltr'>locus3</span> <span class='ocrx_word' id='word_1_33' title='bbox 879 794 935 858; x_wconf 90' lang='lat' dir='ltr'>sed</span> <span class='ocrx_word' id='word_1_34' title='bbox 956 793 1001 856; x_wconf 90' lang='lat' dir='ltr'>ita</span> <span class='ocrx_word' id='word_1_35' title='bbox 1023 792 1123 857; x_wconf 87' lang='lat' dir='ltr'>sentio</span> <span class='ocrx_word' id='word_1_36' title='bbox 1146 799 1178 857; x_wconf 91' lang='lat' dir='ltr'>et</span> <span class='ocrx_word' id='word_1_37' title='bbox 1200 810 1296 873; x_wconf 84' lang='lat' dir='ltr'>saepe</span> 
     </span>
     <span class='ocr_line' id='line_1_5' title="bbox 218 893 1295 979; baseline -0.002 -20"><span class='ocrx_word' id='word_1_38' title='bbox 218 895 365 973; x_wconf 86' lang='lat' dir='ltr'>disserui,</span> <span class='ocrx_word' id='word_1_39' title='bbox 386 895 532 959; x_wconf 83' lang='lat' dir='ltr'><strong>Latinam</strong></span> <span class='ocrx_word' id='word_1_40' title='bbox 552 894 690 977; x_wconf 84' lang='lat' dir='ltr'>linguam</span> <span class='ocrx_word' id='word_1_41' title='bbox 712 911 774 979; x_wconf 88' lang='lat' dir='ltr'>non</span> <span class='ocrx_word' id='word_1_42' title='bbox 795 897 889 960; x_wconf 91' lang='lat' dir='ltr'>modo</span> <span class='ocrx_word' id='word_1_43' title='bbox 911 913 974 958; x_wconf 93' lang='lat' dir='ltr'>non</span> <span class='ocrx_word' id='word_1_44' title='bbox 995 893 1130 974; x_wconf 88' lang='lat' dir='ltr'>inopem,</span> <span class='ocrx_word' id='word_1_45' title='bbox 1152 901 1188 957; x_wconf 90' lang='lat' dir='ltr'>ut</span> <span class='ocrx_word' id='word_1_46' title='bbox 1203 894 1295 973; x_wconf 59' lang='lat' dir='ltr'>sumo</span> 
     </span>
     <span class='ocr_line' id='line_1_6' title="bbox 219 995 1334 1078; baseline 0.001 -17"><span class='ocrx_word' id='word_1_47' title='bbox 219 1003 384 1078; x_wconf 87' lang='lat' dir='ltr'>putarent,</span> <span class='ocrx_word' id='word_1_48' title='bbox 423 997 479 1061; x_wconf 88' lang='lat' dir='ltr'>sed</span> <span class='ocrx_word' id='word_1_49' title='bbox 511 995 744 1076; x_wconf 78' lang='lat' dir='ltr'>locupletiorem</span> <span class='ocrx_word' id='word_1_50' title='bbox 777 995 870 1060; x_wconf 88' lang='lat' dir='ltr'>ctiam</span> <span class='ocrx_word' id='word_1_51' title='bbox 902 1013 972 1060; x_wconf 87' lang='lat' dir='ltr'>esse</span> <span class='ocrx_word' id='word_1_52' title='bbox 1005 1013 1098 1076; x_wconf 89' lang='lat' dir='ltr'>quarn</span> <span class='ocrx_word' id='word_1_53' title='bbox 1132 995 1334 1062; x_wconf 83' lang='lat' dir='ltr'>Graecamb</span> 
     </span>
     <span class='ocr_line' id='line_1_7' title="bbox 220 1096 1296 1178; baseline -0.002 -16"><span class='ocrx_word' id='word_1_54' title='bbox 220 1098 357 1178; x_wconf 89' lang='lat' dir='ltr'>Quando</span> <span class='ocrx_word' id='word_1_55' title='bbox 385 1098 467 1162; x_wconf 90' lang='lat' dir='ltr'>enim</span> <span class='ocrx_word' id='word_1_56' title='bbox 494 1097 599 1175; x_wconf 81' lang='lat' dir='ltr'>nobie,</span> <span class='ocrx_word' id='word_1_57' title='bbox 628 1098 677 1162; x_wconf 86' lang='lat' dir='ltr'>vel</span> <span class='ocrx_word' id='word_1_58' title='bbox 705 1097 819 1174; x_wconf 86' lang='lat' dir='ltr'>dicam,</span> <span class='ocrx_word' id='word_1_59' title='bbox 846 1101 902 1161; x_wconf 90' lang='lat' dir='ltr'>aut</span> <span class='ocrx_word' id='word_1_60' title='bbox 928 1097 1105 1161; x_wconf 85' lang='lat' dir='ltr'>oratoribus</span> <span class='ocrx_word' id='word_1_61' title='bbox 1128 1096 1226 1162; x_wconf 88' lang='lat' dir='ltr'>bonis·</span> <span class='ocrx_word' id='word_1_62' title='bbox 1240 1102 1296 1161; x_wconf 90' lang='lat' dir='ltr'>aut</span> 
     </span>
    </p>
   </div>
   <div class='ocr_carea' id='block_1_5' title="bbox 216 1264 1296 1403">
    <p class='ocr_par' dir='ltr' id='par_1_5' title="bbox 216 1264 1296 1403">
     <span class='ocr_line' id='line_1_8' title="bbox 293 1264 1296 1324; baseline -0.001 -9"><span class='ocrx_word' id='word_1_63' title='bbox 293 1272 313 1315; x_wconf 79' lang='lat' dir='ltr'>t</span> <span class='ocrx_word' id='word_1_64' title='bbox 328 1268 558 1324; x_wconf 71' lang='lat' dir='ltr'>sardomomues:</span> <span class='ocrx_word' id='word_1_65' title='bbox 576 1267 637 1316; x_wconf 74' lang='lat' dir='ltr'>actis</span> <span class='ocrx_word' id='word_1_66' title='bbox 651 1266 737 1315; x_wconf 81' lang='lat' dir='ltr'>mirari</span> <span class='ocrx_word' id='word_1_67' title='bbox 744 1264 786 1315; x_wconf 88' lang='lat' dir='ltr'>Or.</span> <span class='ocrx_word' id='word_1_68' title='bbox 816 1272 837 1317; x_wconf 75' lang='lat'>2.</span> <span class='ocrx_word' id='word_1_69' title='bbox 853 1275 952 1314; x_wconf 84' lang='lat' dir='ltr'>tamam</span> <span class='ocrx_word' id='word_1_70' title='bbox 972 1266 1039 1314; x_wconf 80' lang='lat' dir='ltr'>LPlt</span> <span class='ocrx_word' id='word_1_71' title='bbox 1066 1271 1089 1316; x_wconf 85' lang='lat'>3.</span> <span class='ocrx_word' id='word_1_72' title='bbox 1103 1265 1296 1315; x_wconf 77' lang='lat' dir='ltr'>bicomainoEll</span> 
     </span>
     <span class='ocr_line' id='line_1_9' title="bbox 216 1333 1030 1403; baseline -0.001 -20"><span class='ocrx_word' id='word_1_73' title='bbox 216 1344 242 1383; x_wconf 73' lang='grc'>4.</span> <span class='ocrx_word' id='word_1_74' title='bbox 265 1352 311 1384; x_wconf 78' lang='lat' dir='ltr'>noe</span> <span class='ocrx_word' id='word_1_75' title='bbox 329 1335 397 1385; x_wconf 81' lang='lat' dir='ltr'>medo</span> <span class='ocrx_word' id='word_1_76' title='bbox 415 1337 505 1401; x_wconf 77' lang='lat' dir='ltr'>rbopem</span> <span class='ocrx_word' id='word_1_77' title='bbox 527 1334 620 1403; x_wconf 82' lang='lat' dir='ltr'><strong>[A]EP</strong></span> <span class='ocrx_word' id='word_1_78' title='bbox 656 1339 680 1387; x_wconf 79' lang='lat' dir='ltr'>d.</span> <span class='ocrx_word' id='word_1_79' title='bbox 698 1333 735 1384; x_wconf 84' lang='lat' dir='ltr'>vel</span> <span class='ocrx_word' id='word_1_80' title='bbox 751 1335 818 1384; x_wconf 80' lang='lat' dir='ltr'>nobis</span> <span class='ocrx_word' id='word_1_81' title='bbox 836 1334 913 1383; x_wconf 84' lang='lat' dir='ltr'>dicam</span> <span class='ocrx_word' id='word_1_82' title='bbox 933 1334 1030 1384; x_wconf 77' lang='lat' dir='ltr'>Lutea</span> 
     </span>
    </p>
   </div>
   <div class='ocr_carea' id='block_1_6' title="bbox 144 1473 1386 4441">
    <p class='ocr_par' dir='ltr' id='par_1_6' title="bbox 218 1473 1301 3251">
     <span class='ocr_line' id='line_1_10' title="bbox 310 1473 1297 1548; baseline 0 -18"><span class='ocrx_word' id='word_1_83' title='bbox 310 1475 357 1532; x_wconf 87' lang='lat'>10.</span> <span class='ocrx_word' id='word_1_84' title='bbox 390 1477 488 1530; x_wconf 82' lang='lat' dir='ltr'>mirari</span> <span class='ocrx_word' id='word_1_85' title='bbox 507 1477 575 1531; x_wconf 80' lang='lat' dir='ltr'>satia</span> <span class='ocrx_word' id='word_1_86' title='bbox 595 1494 647 1530; x_wconf 75' lang='lat' dir='ltr'>ama</span> <span class='ocrx_word' id='word_1_87' title='bbox 663 1473 742 1548; x_wconf 84' lang='lat' dir='ltr'>queo)</span> <span class='ocrx_word' id='word_1_88' title='bbox 760 1473 966 1531; x_wconf 81' lang='lat' dir='ltr'>Necessarium</span> <span class='ocrx_word' id='word_1_89' title='bbox 985 1474 1219 1548; x_wconf 89' lang='lat' dir='ltr'>supplementem</span> <span class='ocrx_word' id='word_1_90' title='bbox 1237 1473 1297 1547; x_wconf 92' lang='lat' dir='ltr'>pri·</span> 
     </span>
     <span class='ocr_line' id='line_1_11' title="bbox 220 1556 1297 1634; baseline -0.002 -19"><span class='ocrx_word' id='word_1_91' title='bbox 220 1578 286 1616; x_wconf 88' lang='lat' dir='ltr'>mus</span> <span class='ocrx_word' id='word_1_92' title='bbox 308 1559 486 1634; x_wconf 76' lang='lat' dir='ltr'>interposuit</span> <span class='ocrx_word' id='word_1_93' title='bbox 506 1558 603 1615; x_wconf 86' lang='lat' dir='ltr'>Aldus</span> <span class='ocrx_word' id='word_1_94' title='bbox 626 1559 792 1625; x_wconf 78' lang='lat' dir='ltr'>Manutius,</span> <span class='ocrx_word' id='word_1_95' title='bbox 815 1559 958 1615; x_wconf 90' lang='lat' dir='ltr'>sedante</span> <span class='ocrx_word' id='word_1_96' title='bbox 981 1562 1090 1628; x_wconf 59' lang='lat' dir='ltr'>mirare</span> <span class='ocrx_word' id='word_1_97' title='bbox 1113 1559 1191 1633; x_wconf 91' lang='lat' dir='ltr'>apud</span> <span class='ocrx_word' id='word_1_98' title='bbox 1214 1556 1297 1616; x_wconf 85' lang='lat' dir='ltr'>Cice·</span> 
     </span>
     <span class='ocr_line' id='line_1_12' title="bbox 218 1643 1296 1718; baseline 0 -18"><span class='ocrx_word' id='word_1_99' title='bbox 218 1662 322 1700; x_wconf 87' lang='lat' dir='ltr'>ronam</span> <span class='ocrx_word' id='word_1_100' title='bbox 356 1644 402 1701; x_wconf 92' lang='lat' dir='ltr'>bis</span> <span class='ocrx_word' id='word_1_101' title='bbox 433 1643 543 1718; x_wconf 87' lang='lat' dir='ltr'>legitur</span> <span class='ocrx_word' id='word_1_102' title='bbox 570 1647 668 1699; x_wconf 80' lang='lat' dir='ltr'>mirari</span> <span class='ocrx_word' id='word_1_103' title='bbox 693 1647 760 1700; x_wconf 83' lang='lat' dir='ltr'>satia</span> <span class='ocrx_word' id='word_1_104' title='bbox 786 1663 837 1700; x_wconf 84' lang='lat' dir='ltr'>aon</span> <span class='ocrx_word' id='word_1_105' title='bbox 866 1663 946 1718; x_wconf 84' lang='lat' dir='ltr'>queo,</span> <span class='ocrx_word' id='word_1_106' title='bbox 981 1643 1071 1701; x_wconf 89' lang='lat' dir='ltr'>semel</span> <span class='ocrx_word' id='word_1_107' title='bbox 1099 1647 1166 1700; x_wconf 82' lang='lat' dir='ltr'>actis</span> <span class='ocrx_word' id='word_1_108' title='bbox 1194 1647 1296 1713; x_wconf 81' lang='lat' dir='ltr'>rairom&#39;,</span> 
     </span>
     <span class='ocr_line' id='line_1_13' title="bbox 219 1727 1298 1804; baseline 0 -20"><span class='ocrx_word' id='word_1_109' title='bbox 219 1728 330 1798; x_wconf 79' lang='lat' dir='ltr'>iudices,</span> <span class='ocrx_word' id='word_1_110' title='bbox 353 1748 404 1786; x_wconf 85' lang='lat' dir='ltr'>noa</span> <span class='ocrx_word' id='word_1_111' title='bbox 425 1747 501 1803; x_wconf 81' lang='lat' dir='ltr'>queo.</span> <span class='ocrx_word' id='word_1_112' title='bbox 546 1727 687 1787; x_wconf 84' lang='lat' dir='ltr'>Codicum</span> <span class='ocrx_word' id='word_1_113' title='bbox 710 1728 884 1804; x_wconf 81' lang='lat' dir='ltr'>scripturam</span> <span class='ocrx_word' id='word_1_114' title='bbox 907 1728 1103 1785; x_wconf 81' lang='lat' dir='ltr'>defenderunt</span> <span class='ocrx_word' id='word_1_115' title='bbox 1121 1729 1246 1786; x_wconf 88' lang='lat' dir='ltr'>Rathius</span> <span class='ocrx_word' id='word_1_116' title='bbox 1269 1737 1298 1784; x_wconf 90' lang='lat' dir='ltr'>et</span> 
     </span>
     <span class='ocr_line' id='line_1_14' title="bbox 219 1812 1297 1889; baseline -0.003 -17"><span class='ocrx_word' id='word_1_117' title='bbox 219 1812 329 1883; x_wconf 72' lang='lat' dir='ltr'>Gaius,</span> <span class='ocrx_word' id='word_1_118' title='bbox 357 1814 407 1888; x_wconf 89' lang='lat' dir='ltr'>qni</span> <span class='ocrx_word' id='word_1_119' title='bbox 430 1814 486 1870; x_wconf 86' lang='lat' dir='ltr'>hoo</span> <span class='ocrx_word' id='word_1_120' title='bbox 508 1812 681 1872; x_wconf 84' lang='lat' dir='ltr'>Ciceronem</span> <span class='ocrx_word' id='word_1_121' title='bbox 705 1813 801 1871; x_wconf 85' lang='lat' dir='ltr'>dicere</span> <span class='ocrx_word' id='word_1_122' title='bbox 825 1818 943 1889; x_wconf 86' lang='lat' dir='ltr'>putant,</span> <span class='ocrx_word' id='word_1_123' title='bbox 978 1832 1096 1871; x_wconf 87' lang='lat' dir='ltr'>causam</span> <span class='ocrx_word' id='word_1_124' title='bbox 1124 1832 1155 1870; x_wconf 90' lang='lat' dir='ltr'>se</span> <span class='ocrx_word' id='word_1_125' title='bbox 1179 1813 1297 1887; x_wconf 87' lang='lat' dir='ltr'>quidem</span> 
     </span>
     <span class='ocr_line' id='line_1_15' title="bbox 219 1898 1297 1974; baseline 0 -20"><span class='ocrx_word' id='word_1_126' title='bbox 219 1898 331 1963; x_wconf 83' lang='lat' dir='ltr'>ridere,</span> <span class='ocrx_word' id='word_1_127' title='bbox 354 1899 485 1955; x_wconf 89' lang='lat' dir='ltr'>sednon</span> <span class='ocrx_word' id='word_1_128' title='bbox 509 1904 573 1956; x_wconf 87' lang='lat' dir='ltr'>asse</span> <span class='ocrx_word' id='word_1_129' title='bbox 597 1899 643 1954; x_wconf 87' lang='lat' dir='ltr'>hie</span> <span class='ocrx_word' id='word_1_130' title='bbox 666 1899 729 1955; x_wconf 88' lang='lat' dir='ltr'>eius</span> <span class='ocrx_word' id='word_1_131' title='bbox 752 1899 943 1974; x_wconf 85' lang='lat' dir='ltr'>exponendae</span> <span class='ocrx_word' id='word_1_132' title='bbox 961 1899 1067 1955; x_wconf 90' lang='lat' dir='ltr'>locum.</span> <span class='ocrx_word' id='word_1_133' title='bbox 1101 1899 1212 1973; x_wconf 86' lang='lat' dir='ltr'>Lepide</span> <span class='ocrx_word' id='word_1_134' title='bbox 1231 1917 1297 1973; x_wconf 90' lang='lat' dir='ltr'>pro-</span> 
     </span>
     <span class='ocr_line' id='line_1_16' title="bbox 219 1982 1297 2058; baseline -0.001 -18"><span class='ocrx_word' id='word_1_135' title='bbox 219 1982 299 2041; x_wconf 83' lang='lat' dir='ltr'>fecto</span> <span class='ocrx_word' id='word_1_136' title='bbox 316 1982 432 2057; x_wconf 86' lang='lat' dir='ltr'>Cicero,</span> <span class='ocrx_word' id='word_1_137' title='bbox 455 2001 520 2040; x_wconf 89' lang='lat' dir='ltr'>cnm</span> <span class='ocrx_word' id='word_1_138' title='bbox 545 1984 588 2040; x_wconf 88' lang='lat' dir='ltr'>rei</span> <span class='ocrx_word' id='word_1_139' title='bbox 611 1993 670 2040; x_wconf 91' lang='lat' dir='ltr'>tam</span> <span class='ocrx_word' id='word_1_140' title='bbox 695 1984 794 2053; x_wconf 90' lang='lat' dir='ltr'>mirae,</span> <span class='ocrx_word' id='word_1_141' title='bbox 817 1994 846 2040; x_wconf 90' lang='lat' dir='ltr'>et</span> <span class='ocrx_word' id='word_1_142' title='bbox 863 1984 899 2040; x_wconf 90' lang='lat' dir='ltr'>de</span> <span class='ocrx_word' id='word_1_143' title='bbox 916 2003 976 2058; x_wconf 89' lang='lat' dir='ltr'>qua</span> <span class='ocrx_word' id='word_1_144' title='bbox 992 1995 1052 2041; x_wconf 90' lang='lat' dir='ltr'>tam</span> <span class='ocrx_word' id='word_1_145' title='bbox 1070 1985 1162 2040; x_wconf 88' lang='lat' dir='ltr'>multa</span> <span class='ocrx_word' id='word_1_146' title='bbox 1179 1983 1297 2051; x_wconf 84' lang='lat' dir='ltr'>dixerit,</span> 
     </span>
     <span class='ocr_line' id='line_1_17' title="bbox 219 2069 1296 2145; baseline -0.001 -20"><span class='ocrx_word' id='word_1_147' title='bbox 219 2087 338 2125; x_wconf 87' lang='lat' dir='ltr'>causam</span> <span class='ocrx_word' id='word_1_148' title='bbox 361 2069 444 2132; x_wconf 80' lang='lat' dir='ltr'>sciat,</span> <span class='ocrx_word' id='word_1_149' title='bbox 467 2087 531 2125; x_wconf 90' lang='lat' dir='ltr'>eam</span> <span class='ocrx_word' id='word_1_150' title='bbox 555 2087 609 2126; x_wconf 88' lang='lat' dir='ltr'>nec</span> <span class='ocrx_word' id='word_1_151' title='bbox 631 2069 679 2125; x_wconf 91' lang='lat' dir='ltr'>hic</span> <span class='ocrx_word' id='word_1_152' title='bbox 701 2086 755 2125; x_wconf 88' lang='lat' dir='ltr'>nec</span> <span class='ocrx_word' id='word_1_153' title='bbox 777 2069 848 2125; x_wconf 89' lang='lat' dir='ltr'>alibi</span> <span class='ocrx_word' id='word_1_154' title='bbox 871 2069 1007 2145; x_wconf 86' lang='lat' dir='ltr'>exponit,</span> <span class='ocrx_word' id='word_1_155' title='bbox 1032 2070 1082 2126; x_wconf 89' lang='lat' dir='ltr'>sed</span> <span class='ocrx_word' id='word_1_156' title='bbox 1106 2069 1165 2125; x_wconf 85' lang='lat' dir='ltr'>alia</span> <span class='ocrx_word' id='word_1_157' title='bbox 1187 2079 1296 2124; x_wconf 86' lang='lat' dir='ltr'>narrat.</span> 
     </span>
     <span class='ocr_line' id='line_1_18' title="bbox 220 2153 1297 2228; baseline 0 -18"><span class='ocrx_word' id='word_1_158' title='bbox 220 2153 257 2210; x_wconf 88' lang='lat' dir='ltr'>Et</span> <span class='ocrx_word' id='word_1_159' title='bbox 281 2163 378 2210; x_wconf 88' lang='lat' dir='ltr'>tamen</span> <span class='ocrx_word' id='word_1_160' title='bbox 402 2153 518 2210; x_wconf 82' lang='lat' dir='ltr'>dixerat</span> <span class='ocrx_word' id='word_1_161' title='bbox 540 2154 624 2210; x_wconf 89' lang='lat' dir='ltr'>initio</span> <span class='ocrx_word' id='word_1_162' title='bbox 641 2155 668 2228; x_wconf 66' lang='grc' dir='ltr'>(ξ</span> <span class='ocrx_word' id='word_1_163' title='bbox 682 2156 714 2226; x_wconf 85' lang='grc'>4)</span> <span class='ocrx_word' id='word_1_164' title='bbox 731 2172 762 2210; x_wconf 88' lang='lat' dir='ltr'>se</span> <span class='ocrx_word' id='word_1_165' title='bbox 780 2155 835 2210; x_wconf 86' lang='lat' dir='ltr'>hoc</span> <span class='ocrx_word' id='word_1_166' title='bbox 853 2155 968 2222; x_wconf 81' lang='lat' dir='ltr'>mirari;</span> <span class='ocrx_word' id='word_1_167' title='bbox 992 2164 1020 2210; x_wconf 90' lang='lat' dir='ltr'>et</span> <span class='ocrx_word' id='word_1_168' title='bbox 1040 2155 1139 2211; x_wconf 90' lang='lat' dir='ltr'>statim</span> <span class='ocrx_word' id='word_1_169' title='bbox 1159 2154 1297 2223; x_wconf 86' lang='lat' dir='ltr'>ostendit,</span> 
     </span>
     <span class='ocr_line' id='line_1_19' title="bbox 219 2237 1297 2308; baseline 0.001 -14"><span class='ocrx_word' id='word_1_170' title='bbox 219 2256 278 2295; x_wconf 89' lang='lat' dir='ltr'>non</span> <span class='ocrx_word' id='word_1_171' title='bbox 301 2256 333 2294; x_wconf 90' lang='lat' dir='ltr'>se</span> <span class='ocrx_word' id='word_1_172' title='bbox 356 2255 473 2294; x_wconf 86' lang='lat' dir='ltr'>causam</span> <span class='ocrx_word' id='word_1_173' title='bbox 497 2248 597 2296; x_wconf 90' lang='lat' dir='ltr'>tenere</span> <span class='ocrx_word' id='word_1_174' title='bbox 620 2239 701 2296; x_wconf 88' lang='lat' dir='ltr'>illius</span> <span class='ocrx_word' id='word_1_175' title='bbox 723 2237 849 2308; x_wconf 84' lang='lat' dir='ltr'>fastidii,</span> <span class='ocrx_word' id='word_1_176' title='bbox 872 2238 924 2295; x_wconf 91' lang='lat' dir='ltr'>sed</span> <span class='ocrx_word' id='word_1_177' title='bbox 947 2239 1058 2296; x_wconf 89' lang='lat' dir='ltr'>nullam</span> <span class='ocrx_word' id='word_1_178' title='bbox 1081 2257 1146 2295; x_wconf 88' lang='lat' dir='ltr'>esse</span> <span class='ocrx_word' id='word_1_179' title='bbox 1169 2257 1297 2295; x_wconf 87' lang='lat' dir='ltr'>causam.</span> 
     </span>
     <span class='ocr_line' id='line_1_20' title="bbox 219 2322 1297 2398; baseline 0 -18"><span class='ocrx_word' id='word_1_180' title='bbox 219 2322 304 2380; x_wconf 88' lang='lat' dir='ltr'>Nihil</span> <span class='ocrx_word' id='word_1_181' title='bbox 326 2323 393 2380; x_wconf 92' lang='lat' dir='ltr'>dico</span> <span class='ocrx_word' id='word_1_182' title='bbox 415 2323 451 2380; x_wconf 89' lang='lat' dir='ltr'>de</span> <span class='ocrx_word' id='word_1_183' title='bbox 468 2324 611 2380; x_wconf 88' lang='lat' dir='ltr'>orationis</span> <span class='ocrx_word' id='word_1_184' title='bbox 627 2323 732 2395; x_wconf 87' lang='lat' dir='ltr'>forma,</span> <span class='ocrx_word' id='word_1_185' title='bbox 755 2324 786 2380; x_wconf 92' lang='lat' dir='ltr'>in</span> <span class='ocrx_word' id='word_1_186' title='bbox 809 2341 868 2397; x_wconf 92' lang='lat' dir='ltr'>qua</span> <span class='ocrx_word' id='word_1_187' title='bbox 889 2326 986 2380; x_wconf 67' lang='lat' dir='ltr'>inmari</span> <span class='ocrx_word' id='word_1_188' title='bbox 1006 2345 1056 2380; x_wconf 81' lang='lat' dir='ltr'>non</span> <span class='ocrx_word' id='word_1_189' title='bbox 1079 2343 1146 2398; x_wconf 82' lang='lat' dir='ltr'>queo</span> <span class='ocrx_word' id='word_1_190' title='bbox 1168 2325 1224 2381; x_wconf 87' lang='lat' dir='ltr'>erit</span> <span class='ocrx_word' id='word_1_191' title='bbox 1246 2344 1297 2380; x_wconf 82' lang='lat' dir='ltr'>non</span> 
     </span>
     <span class='ocr_line' id='line_1_21' title="bbox 220 2407 1297 2482; baseline 0.003 -19"><span class='ocrx_word' id='word_1_192' title='bbox 220 2412 311 2464; x_wconf 79' lang='lat' dir='ltr'>miror.</span> <span class='ocrx_word' id='word_1_193' title='bbox 347 2407 405 2466; x_wconf 89' lang='lat' dir='ltr'>Sed</span> <span class='ocrx_word' id='word_1_194' title='bbox 428 2409 495 2465; x_wconf 90' lang='lat' dir='ltr'>boni</span> <span class='ocrx_word' id='word_1_195' title='bbox 519 2408 563 2466; x_wconf 92' lang='lat' dir='ltr'>illi</span> <span class='ocrx_word' id='word_1_196' title='bbox 586 2409 642 2466; x_wconf 88' lang='lat' dir='ltr'>viri</span> <span class='ocrx_word' id='word_1_197' title='bbox 661 2428 705 2478; x_wconf 88' lang='lat' dir='ltr'>ea,</span> <span class='ocrx_word' id='word_1_198' title='bbox 728 2426 804 2482; x_wconf 87' lang='lat' dir='ltr'>quae</span> <span class='ocrx_word' id='word_1_199' title='bbox 826 2419 997 2482; x_wconf 89' lang='lat' dir='ltr'>sequuntur,</span> <span class='ocrx_word' id='word_1_200' title='bbox 1021 2409 1057 2466; x_wconf 93' lang='lat' dir='ltr'>de</span> <span class='ocrx_word' id='word_1_201' title='bbox 1080 2426 1168 2466; x_wconf 89' lang='lat' dir='ltr'>causa</span> <span class='ocrx_word' id='word_1_202' title='bbox 1185 2409 1297 2466; x_wconf 87' lang='lat' dir='ltr'>fastidii</span> 
     </span>
     <span class='ocr_line' id='line_1_22' title="bbox 219 2493 1298 2563; baseline 0.001 -13"><span class='ocrx_word' id='word_1_203' title='bbox 219 2493 441 2563; x_wconf 84' lang='lat' dir='ltr'>intellexerunt,</span> <span class='ocrx_word' id='word_1_204' title='bbox 463 2512 529 2550; x_wconf 93' lang='lat' dir='ltr'>cum</span> <span class='ocrx_word' id='word_1_205' title='bbox 548 2493 719 2553; x_wconf 86' lang='lat' dir='ltr'>hocCicero</span> <span class='ocrx_word' id='word_1_206' title='bbox 735 2493 822 2560; x_wconf 91' lang='lat' dir='ltr'>dieat,</span> <span class='ocrx_word' id='word_1_207' title='bbox 845 2512 877 2549; x_wconf 90' lang='lat' dir='ltr'>se</span> <span class='ocrx_word' id='word_1_208' title='bbox 893 2494 1032 2551; x_wconf 89' lang='lat' dir='ltr'>iudicium</span> <span class='ocrx_word' id='word_1_209' title='bbox 1057 2513 1141 2551; x_wconf 89' lang='lat' dir='ltr'>sunm</span> <span class='ocrx_word' id='word_1_210' title='bbox 1164 2495 1200 2550; x_wconf 92' lang='lat' dir='ltr'>de</span> <span class='ocrx_word' id='word_1_211' title='bbox 1223 2495 1298 2551; x_wconf 89' lang='lat' dir='ltr'>divi·</span> 
     </span>
     <span class='ocr_line' id='line_1_23' title="bbox 219 2577 1299 2657; baseline 0 -22"><span class='ocrx_word' id='word_1_212' title='bbox 219 2578 270 2637; x_wconf 86' lang='lat' dir='ltr'>tiia</span> <span class='ocrx_word' id='word_1_213' title='bbox 292 2577 411 2655; x_wconf 74' lang='lat' dir='ltr'>linguae</span> <span class='ocrx_word' id='word_1_214' title='bbox 434 2579 558 2635; x_wconf 89' lang='lat' dir='ltr'>Latinae</span> <span class='ocrx_word' id='word_1_215' title='bbox 586 2596 665 2635; x_wconf 89' lang='lat' dir='ltr'>uuna</span> <span class='ocrx_word' id='word_1_216' title='bbox 692 2578 778 2654; x_wconf 89' lang='lat' dir='ltr'>plene</span> <span class='ocrx_word' id='word_1_217' title='bbox 801 2578 951 2653; x_wconf 89' lang='lat' dir='ltr'>explicare</span> <span class='ocrx_word' id='word_1_218' title='bbox 975 2597 1033 2636; x_wconf 90' lang='lat' dir='ltr'>non</span> <span class='ocrx_word' id='word_1_219' title='bbox 1056 2598 1150 2654; x_wconf 89' lang='lat' dir='ltr'>posse.</span> <span class='ocrx_word' id='word_1_220' title='bbox 1197 2579 1299 2657; x_wconf 82' lang='lat' dir='ltr'>[Quod</span> 
     </span>
     <span class='ocr_line' id='line_1_24' title="bbox 219 2663 1301 2739; baseline -0.002 -18"><span class='ocrx_word' id='word_1_221' title='bbox 219 2664 374 2733; x_wconf 89' lang='lat' dir='ltr'>Baiterns,</span> <span class='ocrx_word' id='word_1_222' title='bbox 403 2663 494 2720; x_wconf 80' lang='lat' dir='ltr'>Alani</span> <span class='ocrx_word' id='word_1_223' title='bbox 517 2663 643 2720; x_wconf 89' lang='lat' dir='ltr'>Hiberni</span> <span class='ocrx_word' id='word_1_224' title='bbox 666 2663 864 2720; x_wconf 91' lang='lat' dir='ltr'>coniecturam</span> <span class='ocrx_word' id='word_1_225' title='bbox 894 2675 1027 2734; x_wconf 87' lang='lat' dir='ltr'>secutus,</span> <span class='ocrx_word' id='word_1_226' title='bbox 1057 2665 1176 2739; x_wconf 88' lang='lat' dir='ltr'>scripsit</span> <span class='ocrx_word' id='word_1_227' title='bbox 1205 2667 1301 2721; x_wconf 73' lang='lat' dir='ltr'>rimari</span> 
     </span>
     <span class='ocr_line' id='line_1_25' title="bbox 218 2748 1297 2822; baseline 0.001 -18"><span class='ocrx_word' id='word_1_228' title='bbox 218 2769 272 2806; x_wconf 79' lang='lat' dir='ltr'>noa</span> <span class='ocrx_word' id='word_1_229' title='bbox 294 2768 374 2822; x_wconf 79' lang='lat' dir='ltr'>queo,</span> <span class='ocrx_word' id='word_1_230' title='bbox 404 2748 478 2805; x_wconf 91' lang='lat' dir='ltr'>nihil</span> <span class='ocrx_word' id='word_1_231' title='bbox 499 2748 651 2812; x_wconf 82' lang='lat' dir='ltr'>obstabat,</span> <span class='ocrx_word' id='word_1_232' title='bbox 679 2767 738 2822; x_wconf 90' lang='lat' dir='ltr'>quo</span> <span class='ocrx_word' id='word_1_233' title='bbox 767 2749 862 2805; x_wconf 90' lang='lat' dir='ltr'>minus</span> <span class='ocrx_word' id='word_1_234' title='bbox 885 2748 990 2807; x_wconf 88' lang='lat' dir='ltr'>Cicero</span> <span class='ocrx_word' id='word_1_235' title='bbox 1017 2750 1190 2820; x_wconf 83' lang='lat' dir='ltr'>rimaretur,</span> <span class='ocrx_word' id='word_1_236' title='bbox 1220 2751 1297 2807; x_wconf 90' lang='lat' dir='ltr'>unde</span> 
     </span>
     <span class='ocr_line' id='line_1_26' title="bbox 218 2832 1299 2910; baseline 0.001 -20"><span class='ocrx_word' id='word_1_237' title='bbox 218 2832 373 2891; x_wconf 85' lang='lat' dir='ltr'>fastidium</span> <span class='ocrx_word' id='word_1_238' title='bbox 395 2833 470 2890; x_wconf 90' lang='lat' dir='ltr'>illud</span> <span class='ocrx_word' id='word_1_239' title='bbox 492 2844 579 2902; x_wconf 87' lang='lat' dir='ltr'>esset,</span> <span class='ocrx_word' id='word_1_240' title='bbox 603 2834 655 2890; x_wconf 88' lang='lat' dir='ltr'>sed</span> <span class='ocrx_word' id='word_1_241' title='bbox 677 2833 851 2909; x_wconf 86' lang='lat' dir='ltr'>intellegere</span> <span class='ocrx_word' id='word_1_242' title='bbox 872 2853 931 2891; x_wconf 90' lang='lat' dir='ltr'>non</span> <span class='ocrx_word' id='word_1_243' title='bbox 954 2843 1080 2909; x_wconf 89' lang='lat' dir='ltr'>poterat.</span> <span class='ocrx_word' id='word_1_244' title='bbox 1116 2835 1180 2892; x_wconf 87' lang='lat' dir='ltr'>Nec</span> <span class='ocrx_word' id='word_1_245' title='bbox 1202 2843 1299 2910; x_wconf 85' lang='lat' dir='ltr'>potest</span> 
     </span>
     <span class='ocr_line' id='line_1_27' title="bbox 219 2917 1298 2994; baseline 0.001 -19"><span class='ocrx_word' id='word_1_246' title='bbox 219 2919 264 2975; x_wconf 89' lang='lat' dir='ltr'>sic</span> <span class='ocrx_word' id='word_1_247' title='bbox 280 2917 422 2994; x_wconf 86' lang='lat' dir='ltr'>intellegi,</span> <span class='ocrx_word' id='word_1_248' title='bbox 445 2936 503 2975; x_wconf 91' lang='lat' dir='ltr'>non</span> <span class='ocrx_word' id='word_1_249' title='bbox 528 2936 591 2975; x_wconf 89' lang='lat' dir='ltr'>esse</span> <span class='ocrx_word' id='word_1_250' title='bbox 614 2936 691 2975; x_wconf 87' lang='lat' dir='ltr'>nunc</span> <span class='ocrx_word' id='word_1_251' title='bbox 714 2928 829 2994; x_wconf 88' lang='lat' dir='ltr'>tempus</span> <span class='ocrx_word' id='word_1_252' title='bbox 852 2919 882 2975; x_wconf 92' lang='lat' dir='ltr'>id</span> <span class='ocrx_word' id='word_1_253' title='bbox 899 2920 1039 2988; x_wconf 84' lang='lat' dir='ltr'>rimandi3</span> <span class='ocrx_word' id='word_1_254' title='bbox 1063 2938 1130 2975; x_wconf 77' lang='lat' dir='ltr'>nani</span> <span class='ocrx_word' id='word_1_255' title='bbox 1154 2938 1207 2976; x_wconf 88' lang='lat' dir='ltr'>nec</span> <span class='ocrx_word' id='word_1_256' title='bbox 1229 2938 1298 2977; x_wconf 67' lang='lat' dir='ltr'>tarrac</span> 
     </span>
     <span class='ocr_line' id='line_1_28' title="bbox 218 3003 1298 3077; baseline 0.002 -18"><span class='ocrx_word' id='word_1_257' title='bbox 218 3003 339 3060; x_wconf 89' lang='lat' dir='ltr'>additur</span> <span class='ocrx_word' id='word_1_258' title='bbox 372 3013 401 3059; x_wconf 90' lang='lat' dir='ltr'>et</span> <span class='ocrx_word' id='word_1_259' title='bbox 432 3003 490 3059; x_wconf 91' lang='lat' dir='ltr'>hoc</span> <span class='ocrx_word' id='word_1_260' title='bbox 523 3013 589 3077; x_wconf 90' lang='lat' dir='ltr'>post</span> <span class='ocrx_word' id='word_1_261' title='bbox 622 3004 739 3060; x_wconf 86' lang='lat' dir='ltr'>demum</span> <span class='ocrx_word' id='word_1_262' title='bbox 773 3005 900 3061; x_wconf 88' lang='lat' dir='ltr'>dicitur:</span> <span class='ocrx_word' id='word_1_263' title='bbox 940 3004 1002 3061; x_wconf 71' lang='lat' dir='ltr'>nan</span> <span class='ocrx_word' id='word_1_264' title='bbox 1035 3015 1074 3061; x_wconf 82' lang='lat' dir='ltr'>cat</span> <span class='ocrx_word' id='word_1_265' title='bbox 1106 3007 1222 3074; x_wconf 66' lang='lat' dir='ltr'>cosniero,</span> <span class='ocrx_word' id='word_1_266' title='bbox 1243 3014 1298 3061; x_wconf 89' lang='lat' dir='ltr'>eet.</span> 
     </span>
     <span class='ocr_line' id='line_1_29' title="bbox 218 3087 1298 3164; baseline 0.002 -19"><span class='ocrx_word' id='word_1_267' title='bbox 218 3089 325 3162; x_wconf 86' lang='lat' dir='ltr'>Neque</span> <span class='ocrx_word' id='word_1_268' title='bbox 353 3088 382 3144; x_wconf 89' lang='lat' dir='ltr'>in</span> <span class='ocrx_word' id='word_1_269' title='bbox 411 3088 464 3144; x_wconf 90' lang='lat' dir='ltr'>tali</span> <span class='ocrx_word' id='word_1_270' title='bbox 492 3106 524 3144; x_wconf 92' lang='lat' dir='ltr'>re</span> <span class='ocrx_word' id='word_1_271' title='bbox 552 3087 657 3146; x_wconf 87' lang='lat' dir='ltr'>Cicero</span> <span class='ocrx_word' id='word_1_272' title='bbox 685 3092 781 3145; x_wconf 76' lang='lat' dir='ltr'>minari</span> <span class='ocrx_word' id='word_1_273' title='bbox 812 3089 897 3163; x_wconf 87' lang='lat' dir='ltr'>quasi</span> <span class='ocrx_word' id='word_1_274' title='bbox 931 3090 966 3145; x_wconf 91' lang='lat' dir='ltr'>de</span> <span class='ocrx_word' id='word_1_275' title='bbox 1000 3088 1226 3164; x_wconf 85' lang='lat' dir='ltr'>investigatione</span> <span class='ocrx_word' id='word_1_276' title='bbox 1255 3091 1298 3147; x_wconf 92' lang='lat' dir='ltr'>rei</span> 
     </span>
     <span class='ocr_line' id='line_1_30' title="bbox 218 3169 555 3251; baseline -0.003 -22"><span class='ocrx_word' id='word_1_277' title='bbox 218 3173 384 3229; x_wconf 89' lang='lat' dir='ltr'>occultatae</span> <span class='ocrx_word' id='word_1_278' title='bbox 406 3169 555 3251; x_wconf 80' lang='lat' dir='ltr'>dixisset]</span> 
     </span>
    </p>

    <p class='ocr_par' dir='ltr' id='par_1_7' title="bbox 144 3257 1386 4269">
     <span class='ocr_line' id='line_1_31' title="bbox 306 3257 1298 3334; baseline 0.004 -22"><span class='ocrx_word' id='word_1_279' title='bbox 306 3278 355 3313; x_wconf 80' lang='lat' dir='ltr'>nou</span> <span class='ocrx_word' id='word_1_280' title='bbox 378 3260 456 3314; x_wconf 73' lang='lat' dir='ltr'>niodo</span> <span class='ocrx_word' id='word_1_281' title='bbox 478 3257 543 3333; x_wconf 84' lang='lat' dir='ltr'>noo)</span> <span class='ocrx_word' id='word_1_282' title='bbox 565 3257 701 3315; x_wconf 86' lang='lat' dir='ltr'>Alteram</span> <span class='ocrx_word' id='word_1_283' title='bbox 730 3259 916 3333; x_wconf 87' lang='lat' dir='ltr'>negationem</span> <span class='ocrx_word' id='word_1_284' title='bbox 946 3278 963 3314; x_wconf 93' lang='lat' dir='ltr'>a</span> <span class='ocrx_word' id='word_1_285' title='bbox 991 3268 1130 3332; x_wconf 91' lang='lat' dir='ltr'>quattuor</span> <span class='ocrx_word' id='word_1_286' title='bbox 1157 3260 1217 3316; x_wconf 88' lang='lat' dir='ltr'>suis</span> <span class='ocrx_word' id='word_1_287' title='bbox 1246 3279 1298 3334; x_wconf 90' lang='lat' dir='ltr'>op·</span> 
     </span>
     <span class='ocr_line' id='line_1_32' title="bbox 220 3341 1298 3420; baseline 0.003 -22"><span class='ocrx_word' id='word_1_288' title='bbox 220 3342 300 3399; x_wconf 84' lang='lat' dir='ltr'>timis</span> <span class='ocrx_word' id='word_1_289' title='bbox 327 3344 432 3400; x_wconf 86' lang='lat' dir='ltr'>abesse</span> <span class='ocrx_word' id='word_1_290' title='bbox 455 3341 549 3401; x_wconf 81' lang='lat' dir='ltr'>Gaius</span> <span class='ocrx_word' id='word_1_291' title='bbox 576 3343 657 3400; x_wconf 88' lang='lat' dir='ltr'>dicit.</span> <span class='ocrx_word' id='word_1_292' title='bbox 701 3342 812 3420; x_wconf 85' lang='lat' dir='ltr'>[Abest</span> <span class='ocrx_word' id='word_1_293' title='bbox 834 3362 852 3400; x_wconf 88' lang='lat' dir='ltr'>a</span> <span class='ocrx_word' id='word_1_294' title='bbox 874 3341 926 3420; x_wconf 91' lang='lat' dir='ltr'>B.]</span> <span class='ocrx_word' id='word_1_295' title='bbox 970 3343 1038 3400; x_wconf 91' lang='lat' dir='ltr'>Non</span> <span class='ocrx_word' id='word_1_296' title='bbox 1068 3355 1112 3400; x_wconf 88' lang='lat' dir='ltr'>est</span> <span class='ocrx_word' id='word_1_297' title='bbox 1140 3363 1214 3419; x_wconf 91' lang='lat' dir='ltr'>opus</span> <span class='ocrx_word' id='word_1_298' title='bbox 1247 3363 1298 3401; x_wconf 88' lang='lat' dir='ltr'>eos</span> 
     </span>
     <span class='ocr_line' id='line_1_33' title="bbox 219 3427 1297 3503; baseline 0.002 -20"><span class='ocrx_word' id='word_1_299' title='bbox 219 3427 360 3493; x_wconf 81' lang='lat' dir='ltr'>refutare,</span> <span class='ocrx_word' id='word_1_300' title='bbox 378 3429 438 3501; x_wconf 91' lang='lat' dir='ltr'>qni,</span> <span class='ocrx_word' id='word_1_301' title='bbox 457 3428 606 3485; x_wconf 90' lang='lat' dir='ltr'>erroribus</span> <span class='ocrx_word' id='word_1_302' title='bbox 623 3428 735 3501; x_wconf 90' lang='lat' dir='ltr'>aliquot</span> <span class='ocrx_word' id='word_1_303' title='bbox 751 3428 937 3486; x_wconf 90' lang='lat' dir='ltr'>librariorum</span> <span class='ocrx_word' id='word_1_304' title='bbox 956 3429 1183 3503; x_wconf 86' lang='lat' dir='ltr'>patrocinantes,</span> <span class='ocrx_word' id='word_1_305' title='bbox 1202 3429 1297 3486; x_wconf 88' lang='lat' dir='ltr'>omitti</span> 
     </span>
     <span class='ocr_line' id='line_1_34' title="bbox 220 3512 1386 3590; baseline 0.004 -22"><span class='ocrx_word' id='word_1_306' title='bbox 220 3532 271 3568; x_wconf 85' lang='lat' dir='ltr'>non</span> <span class='ocrx_word' id='word_1_307' title='bbox 299 3523 368 3569; x_wconf 88' lang='lat' dir='ltr'>ante</span> <span class='ocrx_word' id='word_1_308' title='bbox 395 3516 445 3570; x_wconf 79' lang='lat' dir='ltr'>aad</span> <span class='ocrx_word' id='word_1_309' title='bbox 466 3517 544 3569; x_wconf 83' lang='lat' dir='ltr'>etiam</span> <span class='ocrx_word' id='word_1_310' title='bbox 569 3532 653 3589; x_wconf 88' lang='lat' dir='ltr'>posse</span> <span class='ocrx_word' id='word_1_311' title='bbox 677 3512 871 3570; x_wconf 81' lang='lat' dir='ltr'>defenderunt</span> <span class='ocrx_word' id='word_1_312' title='bbox 889 3512 967 3590; x_wconf 84' lang='lat' dir='ltr'>[non</span> <span class='ocrx_word' id='word_1_313' title='bbox 990 3514 1208 3571; x_wconf 88' lang='lat' dir='ltr'>animadverso.</span> <span class='ocrx_word' id='word_1_314' title='bbox 1239 3533 1298 3588; x_wconf 90' lang='lat' dir='ltr'>qua</span> <span class='ocrx_word' id='word_1_315' title='bbox 1384 3571 1386 3573; x_wconf 83' lang='lat'>.</span> 
     </span>
     <span class='ocr_line' id='line_1_35' title="bbox 220 3598 1298 3673; baseline 0.002 -19"><span class='ocrx_word' id='word_1_316' title='bbox 220 3598 383 3654; x_wconf 87' lang='lat' dir='ltr'>sententiae</span> <span class='ocrx_word' id='word_1_317' title='bbox 416 3598 560 3673; x_wconf 88' lang='lat' dir='ltr'>singulari</span> <span class='ocrx_word' id='word_1_318' title='bbox 592 3598 784 3655; x_wconf 88' lang='lat' dir='ltr'>inclinatione</span> <span class='ocrx_word' id='word_1_319' title='bbox 812 3598 877 3667; x_wconf 88' lang='lat' dir='ltr'>fiat,</span> <span class='ocrx_word' id='word_1_320' title='bbox 911 3608 944 3654; x_wconf 88' lang='lat' dir='ltr'>ut</span> <span class='ocrx_word' id='word_1_321' title='bbox 971 3608 1039 3654; x_wconf 89' lang='lat' dir='ltr'>ante</span> <span class='ocrx_word' id='word_1_322' title='bbox 1067 3619 1099 3655; x_wconf 83' lang='lat' dir='ltr'>ne</span> <span class='ocrx_word' id='word_1_323' title='bbox 1122 3633 1159 3642; x_wconf 88' lang='lat'>—</span> <span class='ocrx_word' id='word_1_324' title='bbox 1190 3602 1298 3672; x_wconf 81' lang='lat' dir='ltr'>quidem</span> 
     </span>
     <span class='ocr_line' id='line_1_36' title="bbox 221 3682 1298 3757; baseline 0.002 -19"><span class='ocrx_word' id='word_1_325' title='bbox 221 3683 316 3739; x_wconf 91' lang='lat' dir='ltr'>omitti</span> <span class='ocrx_word' id='word_1_326' title='bbox 334 3683 436 3757; x_wconf 90' lang='lat' dir='ltr'>possit.</span> <span class='ocrx_word' id='word_1_327' title='bbox 471 3683 511 3739; x_wconf 88' lang='lat' dir='ltr'>Et</span> <span class='ocrx_word' id='word_1_328' title='bbox 534 3693 631 3739; x_wconf 89' lang='lat' dir='ltr'>tamen</span> <span class='ocrx_word' id='word_1_329' title='bbox 655 3684 684 3739; x_wconf 88' lang='lat' dir='ltr'>in</span> <span class='ocrx_word' id='word_1_330' title='bbox 708 3683 759 3739; x_wconf 90' lang='lat' dir='ltr'>illo</span> <span class='ocrx_word' id='word_1_331' title='bbox 783 3701 905 3739; x_wconf 90' lang='lat' dir='ltr'>numero</span> <span class='ocrx_word' id='word_1_332' title='bbox 922 3682 1238 3742; x_wconf 89' lang='lat' dir='ltr'>fnitC.O.Muellerus</span> <span class='ocrx_word' id='word_1_333' title='bbox 1260 3684 1298 3740; x_wconf 88' lang='lat' dir='ltr'>ad</span> 
     </span>
     <span class='ocr_line' id='line_1_37' title="bbox 144 3768 1296 3843; baseline 0 -19"><span class='ocrx_word' id='word_1_334' title='bbox 144 3783 147 3787; x_wconf 79' lang='grc'>’</span> <span class='ocrx_word' id='word_1_335' title='bbox 222 3768 458 3827; x_wconf 87' lang='lat' dir='ltr'>Varr.deL.L.</span> <span class='ocrx_word' id='word_1_336' title='bbox 478 3769 1007 3843; x_wconf 71' lang='lat' dir='ltr'>lx,7et14(vl11p.1280t129</span> <span class='ocrx_word' id='word_1_337' title='bbox 1027 3768 1114 3843; x_wconf 83' lang='lat' dir='ltr'>Bip.).</span> <span class='ocrx_word' id='word_1_338' title='bbox 1150 3768 1207 3826; x_wconf 87' lang='lat' dir='ltr'>Sed</span> <span class='ocrx_word' id='word_1_339' title='bbox 1221 3770 1296 3824; x_wconf 91' lang='lat' dir='ltr'>Vur·</span> 
     </span>
     <span class='ocr_line' id='line_1_38' title="bbox 220 3852 1299 3929; baseline -0.001 -20"><span class='ocrx_word' id='word_1_340' title='bbox 220 3855 300 3909; x_wconf 86' lang='lat' dir='ltr'>ronis</span> <span class='ocrx_word' id='word_1_341' title='bbox 328 3852 478 3909; x_wconf 89' lang='lat' dir='ltr'>codicibus</span> <span class='ocrx_word' id='word_1_342' title='bbox 506 3853 577 3926; x_wconf 90' lang='lat' dir='ltr'>quid</span> <span class='ocrx_word' id='word_1_343' title='bbox 604 3853 634 3909; x_wconf 93' lang='lat' dir='ltr'>in</span> <span class='ocrx_word' id='word_1_344' title='bbox 664 3855 718 3910; x_wconf 90' lang='lat' dir='ltr'>hoc</span> <span class='ocrx_word' id='word_1_345' title='bbox 745 3872 853 3929; x_wconf 90' lang='lat' dir='ltr'>genere</span> <span class='ocrx_word' id='word_1_346' title='bbox 876 3853 1063 3910; x_wconf 89' lang='lat' dir='ltr'>tribuendum</span> <span class='ocrx_word' id='word_1_347' title='bbox 1092 3854 1145 3922; x_wconf 90' lang='lat' dir='ltr'>sit,</span> <span class='ocrx_word' id='word_1_348' title='bbox 1174 3863 1299 3928; x_wconf 86' lang='lat' dir='ltr'>apparet</span> 
     </span>
     <span class='ocr_line' id='line_1_39' title="bbox 221 3937 1299 4012; baseline 0.002 -18"><span class='ocrx_word' id='word_1_349' title='bbox 221 3938 268 3994; x_wconf 82' lang='lat' dir='ltr'>rel</span> <span class='ocrx_word' id='word_1_350' title='bbox 289 3957 327 3994; x_wconf 84' lang='lat' dir='ltr'>ex</span> <span class='ocrx_word' id='word_1_351' title='bbox 350 3957 395 4008; x_wconf 89' lang='lat' dir='ltr'>eo,</span> <span class='ocrx_word' id='word_1_352' title='bbox 420 3938 498 4011; x_wconf 91' lang='lat' dir='ltr'>quod</span> <span class='ocrx_word' id='word_1_353' title='bbox 519 3939 550 3994; x_wconf 91' lang='lat' dir='ltr'>in</span> <span class='ocrx_word' id='word_1_354' title='bbox 574 3937 917 4012; x_wconf 86' lang='lat' dir='ltr'>eodemlibro(p.130)</span> <span class='ocrx_word' id='word_1_355' title='bbox 941 3957 994 4012; x_wconf 92' lang='lat' dir='ltr'>pro</span> <span class='ocrx_word' id='word_1_356' title='bbox 1017 3958 1067 3994; x_wconf 82' lang='lat' dir='ltr'>aaa</span> <span class='ocrx_word' id='word_1_357' title='bbox 1089 3941 1166 3995; x_wconf 82' lang='lat' dir='ltr'>modo</span> <span class='ocrx_word' id='word_1_358' title='bbox 1188 3938 1299 3996; x_wconf 89' lang='lat' dir='ltr'>babent</span> 
     </span>
     <span class='ocr_line' id='line_1_40' title="bbox 220 4019 1294 4101; baseline 0.002 -23"><span class='ocrx_word' id='word_1_359' title='bbox 220 4019 320 4101; x_wconf 67' lang='lat' dir='ltr'>niodo}</span> <span class='ocrx_word' id='word_1_360' title='bbox 366 4023 413 4079; x_wconf 91' lang='lat' dir='ltr'>De</span> <span class='ocrx_word' id='word_1_361' title='bbox 434 4022 500 4097; x_wconf 89' lang='lat' dir='ltr'>ipso</span> <span class='ocrx_word' id='word_1_362' title='bbox 523 4024 579 4080; x_wconf 90' lang='lat' dir='ltr'>boc</span> <span class='ocrx_word' id='word_1_363' title='bbox 601 4023 711 4080; x_wconf 89' lang='lat' dir='ltr'>iudicio</span> <span class='ocrx_word' id='word_1_364' title='bbox 733 4023 786 4080; x_wconf 86' lang='lat' dir='ltr'>cfr.</span> <span class='ocrx_word' id='word_1_365' title='bbox 809 4024 866 4092; x_wconf 89' lang='lat'>111,</span> <span class='ocrx_word' id='word_1_366' title='bbox 892 4024 920 4092; x_wconf 82' lang='lat'>5,</span> <span class='ocrx_word' id='word_1_367' title='bbox 944 4024 1033 4081; x_wconf 82' lang='lat' dir='ltr'>Tusa.</span> <span class='ocrx_word' id='word_1_368' title='bbox 1057 4023 1099 4090; x_wconf 90' lang='lat' dir='ltr'>II,</span> <span class='ocrx_word' id='word_1_369' title='bbox 1124 4024 1174 4091; x_wconf 84' lang='lat'>35,</span> <span class='ocrx_word' id='word_1_370' title='bbox 1197 4024 1233 4080; x_wconf 92' lang='lat' dir='ltr'>de</span> <span class='ocrx_word' id='word_1_371' title='bbox 1256 4024 1294 4081; x_wconf 92' lang='lat' dir='ltr'>N.</span> 
     </span>
     <span class='ocr_line' id='line_1_41' title="bbox 220 4106 1296 4182; baseline -0.001 -17"><span class='ocrx_word' id='word_1_372' title='bbox 220 4108 258 4165; x_wconf 93' lang='lat' dir='ltr'>D.</span> <span class='ocrx_word' id='word_1_373' title='bbox 280 4109 310 4177; x_wconf 91' lang='lat'>1,</span> <span class='ocrx_word' id='word_1_374' title='bbox 335 4110 363 4164; x_wconf 87' lang='grc'>8.</span> <span class='ocrx_word' id='word_1_375' title='bbox 409 4106 580 4182; x_wconf 83' lang='lat' dir='ltr'>Simplicius</span> <span class='ocrx_word' id='word_1_376' title='bbox 609 4128 709 4164; x_wconf 87' lang='lat' dir='ltr'>verum</span> <span class='ocrx_word' id='word_1_377' title='bbox 738 4108 849 4165; x_wconf 88' lang='lat' dir='ltr'>fatetur</span> <span class='ocrx_word' id='word_1_378' title='bbox 875 4109 962 4178; x_wconf 83' lang='lat' dir='ltr'>alibi,</span> <span class='ocrx_word' id='word_1_379' title='bbox 993 4118 1025 4163; x_wconf 91' lang='lat' dir='ltr'>ut</span> <span class='ocrx_word' id='word_1_380' title='bbox 1048 4109 1094 4165; x_wconf 91' lang='lat' dir='ltr'>hic</span> <span class='ocrx_word' id='word_1_381' title='bbox 1116 4109 1179 4178; x_wconf 91' lang='lat' dir='ltr'>III,</span> <span class='ocrx_word' id='word_1_382' title='bbox 1203 4109 1241 4165; x_wconf 83' lang='lat'>51</span> <span class='ocrx_word' id='word_1_383' title='bbox 1267 4110 1296 4164; x_wconf 90' lang='lat' dir='ltr'>in</span> 
     </span>
     <span class='ocr_line' id='line_1_42' title="bbox 220 4192 1251 4269; baseline -0.001 -20"><span class='ocrx_word' id='word_1_384' title='bbox 220 4212 346 4269; x_wconf 86' lang='lat' dir='ltr'>persona</span> <span class='ocrx_word' id='word_1_385' title='bbox 369 4192 501 4251; x_wconf 88' lang='lat' dir='ltr'>Catonis.</span> <span class='ocrx_word' id='word_1_386' title='bbox 1249 4214 1251 4218; x_wconf 94' lang='lat'>·</span> 
     </span>
    </p>

    <p class='ocr_par' dir='ltr' id='par_1_8' title="bbox 221 4278 1295 4441">
     <span class='ocr_line' id='line_1_43' title="bbox 304 4278 1294 4352; baseline 0 -19"><span class='ocrx_word' id='word_1_387' title='bbox 304 4279 387 4342; x_wconf 81' lang='lat' dir='ltr'>nobie,</span> <span class='ocrx_word' id='word_1_388' title='bbox 405 4280 446 4334; x_wconf 85' lang='lat' dir='ltr'>vel</span> <span class='ocrx_word' id='word_1_389' title='bbox 462 4279 564 4350; x_wconf 83' lang='lat' dir='ltr'>dicam)</span> <span class='ocrx_word' id='word_1_390' title='bbox 583 4278 608 4335; x_wconf 90' lang='lat' dir='ltr'>E</span> <span class='ocrx_word' id='word_1_391' title='bbox 625 4278 726 4335; x_wconf 90' lang='lat' dir='ltr'>codice</span> <span class='ocrx_word' id='word_1_392' title='bbox 744 4296 797 4336; x_wconf 91' lang='lat' dir='ltr'>suo</span> <span class='ocrx_word' id='word_1_393' title='bbox 814 4279 871 4337; x_wconf 93' lang='lat' dir='ltr'>boc</span> <span class='ocrx_word' id='word_1_394' title='bbox 889 4279 1015 4352; x_wconf 89' lang='lat' dir='ltr'>sumpsit</span> <span class='ocrx_word' id='word_1_395' title='bbox 1032 4278 1191 4348; x_wconf 88' lang='lat' dir='ltr'>Victorius,</span> <span class='ocrx_word' id='word_1_396' title='bbox 1209 4297 1294 4351; x_wconf 92' lang='lat' dir='ltr'>quem</span> 
     </span>
     <span class='ocr_line' id='line_1_44' title="bbox 221 4362 1295 4441; baseline -0.003 -20"><span class='ocrx_word' id='word_1_397' title='bbox 221 4362 350 4421; x_wconf 89' lang='lat' dir='ltr'>Orellius</span> <span class='ocrx_word' id='word_1_398' title='bbox 368 4373 484 4420; x_wconf 86' lang='lat' dir='ltr'>secutus</span> <span class='ocrx_word' id='word_1_399' title='bbox 502 4374 554 4421; x_wconf 76' lang='lat' dir='ltr'>est</span> <span class='ocrx_word' id='word_1_400' title='bbox 579 4362 741 4441; x_wconf 88' lang='lat' dir='ltr'>[habetque</span> <span class='ocrx_word' id='word_1_401' title='bbox 759 4364 835 4420; x_wconf 89' lang='lat' dir='ltr'>idem</span> <span class='ocrx_word' id='word_1_402' title='bbox 854 4363 1055 4439; x_wconf 85' lang='lat' dir='ltr'>Erlangensis,</span> <span class='ocrx_word' id='word_1_403' title='bbox 1079 4382 1147 4434; x_wconf 88' lang='lat' dir='ltr'>non,</span> <span class='ocrx_word' id='word_1_404' title='bbox 1166 4374 1207 4433; x_wconf 78' lang='lat' dir='ltr'>nt,</span> <span class='ocrx_word' id='word_1_405' title='bbox 1226 4363 1295 4420; x_wconf 88' lang='lat' dir='ltr'>olim</span> 
     </span>
    </p>
   </div>
   <div class='ocr_carea' id='block_1_7' title="bbox 0 0 1524 5086">
    <p class='ocr_par' dir='ltr' id='par_1_9' title="bbox 0 0 1524 5086">
     <span class='ocr_line' id='line_1_45' title="bbox 0 0 1524 5086; baseline 0 0"><span class='ocrx_word' id='word_1_406' title='bbox 0 0 1524 5086; x_wconf 95' lang='lat' dir='ltr'> </span> 
     </span>
    </p>
   </div>
  </div>
 </body>
</html>
