<?xml version="1.0" encoding="UTF-8"?>
<!DOCTYPE html PUBLIC "-//W3C//DTD XHTML 1.0 Transitional//EN"
    "http://www.w3.org/TR/xhtml1/DTD/xhtml1-transitional.dtd">
<html xmlns="http://www.w3.org/1999/xhtml" xml:lang="en" lang="en">
 <head>
  <title>
</title>
<meta http-equiv="Content-Type" content="text/html;charset=utf-8" />
  <meta name='ocr-system' content='tesseract 3.04.00' />
  <meta name='ocr-capabilities' content='ocr_page ocr_carea ocr_par ocr_line ocrx_word'/>
</head>
<body>
  <div class='ocr_page' id='page_1' title='image "./mtulliiciceroni35cicegoog_0774.png"; bbox 0 0 3030 5086; ppageno 0'>
   <div class='ocr_carea' id='block_1_1' title="bbox 461 474 1285 554">
    <p class='ocr_par' dir='ltr' id='par_1_1' title="bbox 461 474 1285 554">
     <span class='ocr_line' id='line_1_1' title="bbox 461 474 1285 554; baseline 0.004 -21"><span class='ocrx_word' id='word_1_1' title='bbox 461 489 505 535; x_wconf 77' lang='lat' dir='ltr'>nr</span> <span class='ocrx_word' id='word_1_2' title='bbox 527 488 610 534; x_wconf 75' lang='lat' dir='ltr'>nse.</span> <span class='ocrx_word' id='word_1_3' title='bbox 633 488 696 534; x_wconf 80' lang='lat' dir='ltr'>urs.</span> <span class='ocrx_word' id='word_1_4' title='bbox 720 490 741 536; x_wconf 88' lang='lat' dir='ltr'>v</span> <span class='ocrx_word' id='word_1_5' title='bbox 764 488 837 536; x_wconf 78' lang='lat' dir='ltr'>cue.</span> <span class='ocrx_word' id='word_1_6' title='bbox 860 493 896 539; x_wconf 79' lang='lat' dir='ltr'>ts.</span> <span class='ocrx_word' id='word_1_7' title='bbox 911 487 1043 554; x_wconf 73' lang='grc' dir='ltr'>(ιι-ιι.)</span> <span class='ocrx_word' id='word_1_8' title='bbox 1224 474 1285 539; x_wconf 78' lang='lat' dir='ltr'>cst</span> 
     </span>
    </p>
   </div>
   <div class='ocr_carea' id='block_1_2' title="bbox 219 657 1288 738">
    <p class='ocr_par' dir='ltr' id='par_1_2' title="bbox 219 657 1288 738">
     <span class='ocr_line' id='line_1_2' title="bbox 219 657 1288 738; baseline 0.004 -18"><span class='ocrx_word' id='word_1_9' title='bbox 219 658 283 721; x_wconf 87' lang='lat' dir='ltr'>nuti</span> <span class='ocrx_word' id='word_1_10' title='bbox 311 675 427 721; x_wconf 86' lang='lat' dir='ltr'>sumus.</span> <span class='ocrx_word' id='word_1_11' title='bbox 480 658 532 721; x_wconf 89' lang='grc'>42.</span> <span class='ocrx_word' id='word_1_12' title='bbox 561 660 661 736; x_wconf 81' lang='lat' dir='ltr'>Quem</span> <span class='ocrx_word' id='word_1_13' title='bbox 689 657 919 722; x_wconf 90' lang='lat' dir='ltr'>similitudinem</span> <span class='ocrx_word' id='word_1_14' title='bbox 947 659 1086 723; x_wconf 86' lang='lat' dir='ltr'>videmus</span> <span class='ocrx_word' id='word_1_15' title='bbox 1113 659 1145 723; x_wconf 91' lang='lat' dir='ltr'>in</span> <span class='ocrx_word' id='word_1_16' title='bbox 1171 659 1288 738; x_wconf 80' lang='lat' dir='ltr'>bestiis,</span> 
     </span>
    </p>
   </div>
   <div class='ocr_carea' id='block_1_3' title="bbox 216 863 1293 4445">
    <p class='ocr_par' dir='ltr' id='par_1_3' title="bbox 216 863 1292 2992">
     <span class='ocr_line' id='line_1_3' title="bbox 218 863 1290 943; baseline 0.002 -21"><span class='ocrx_word' id='word_1_17' title='bbox 218 875 380 923; x_wconf 85' lang='lat' dir='ltr'>senserant.</span> <span class='ocrx_word' id='word_1_18' title='bbox 426 866 472 922; x_wconf 87' lang='lat' dir='ltr'>De</span> <span class='ocrx_word' id='word_1_19' title='bbox 494 863 552 923; x_wconf 83' lang='lat' dir='ltr'>Off.</span> <span class='ocrx_word' id='word_1_20' title='bbox 576 883 692 939; x_wconf 87' lang='lat' dir='ltr'>quoquo</span> <span class='ocrx_word' id='word_1_21' title='bbox 714 866 739 935; x_wconf 93' lang='grc'>1,</span> <span class='ocrx_word' id='word_1_22' title='bbox 763 865 802 922; x_wconf 87' lang='grc'>26</span> <span class='ocrx_word' id='word_1_23' title='bbox 825 866 868 923; x_wconf 89' lang='lat' dir='ltr'>sic</span> <span class='ocrx_word' id='word_1_24' title='bbox 890 866 1020 941; x_wconf 88' lang='lat' dir='ltr'>corrupit</span> <span class='ocrx_word' id='word_1_25' title='bbox 1042 865 1290 943; x_wconf 84' lang='lat' dir='ltr'>Stuereuburgius</span> 
     </span>
     <span class='ocr_line' id='line_1_4' title="bbox 219 951 1289 1027; baseline 0.002 -20"><span class='ocrx_word' id='word_1_26' title='bbox 219 953 417 1023; x_wconf 66' lang='lat' dir='ltr'>(adducimus,</span> <span class='ocrx_word' id='word_1_27' title='bbox 451 970 510 1008; x_wconf 82' lang='lat' dir='ltr'>eum</span> <span class='ocrx_word' id='word_1_28' title='bbox 538 952 704 1023; x_wconf 76' lang='lat' dir='ltr'>inciderint),</span> <span class='ocrx_word' id='word_1_29' title='bbox 733 951 863 1008; x_wconf 84' lang='lat' dir='ltr'>codicem</span> <span class='ocrx_word' id='word_1_30' title='bbox 891 970 909 1008; x_wconf 83' lang='lat' dir='ltr'>a</span> <span class='ocrx_word' id='word_1_31' title='bbox 937 969 968 1008; x_wconf 85' lang='lat' dir='ltr'>ee</span> <span class='ocrx_word' id='word_1_32' title='bbox 996 952 1121 1009; x_wconf 88' lang='lat' dir='ltr'>electum</span> <span class='ocrx_word' id='word_1_33' title='bbox 1148 970 1289 1027; x_wconf 84' lang='lat' dir='ltr'>sequens;</span> 
     </span>
     <span class='ocr_line' id='line_1_5' title="bbox 218 1036 1289 1114; baseline 0.002 -22"><span class='ocrx_word' id='word_1_34' title='bbox 218 1036 328 1093; x_wconf 85' lang='lat' dir='ltr'>oblitus</span> <span class='ocrx_word' id='word_1_35' title='bbox 351 1044 396 1093; x_wconf 85' lang='lat' dir='ltr'>est</span> <span class='ocrx_word' id='word_1_36' title='bbox 417 1037 519 1093; x_wconf 91' lang='lat' dir='ltr'>eodem</span> <span class='ocrx_word' id='word_1_37' title='bbox 542 1046 661 1092; x_wconf 81' lang='lat' dir='ltr'>auctore</span> <span class='ocrx_word' id='word_1_38' title='bbox 684 1046 812 1104; x_wconf 75' lang='lat' dir='ltr'>mutere,</span> <span class='ocrx_word' id='word_1_39' title='bbox 835 1037 912 1111; x_wconf 90' lang='lat' dir='ltr'>quod</span> <span class='ocrx_word' id='word_1_40' title='bbox 935 1037 979 1108; x_wconf 93' lang='grc' dir='ltr'>Π,</span> <span class='ocrx_word' id='word_1_41' title='bbox 1004 1038 1044 1095; x_wconf 81' lang='grc'>54</span> <span class='ocrx_word' id='word_1_42' title='bbox 1066 1046 1146 1094; x_wconf 88' lang='lat' dir='ltr'>recte</span> <span class='ocrx_word' id='word_1_43' title='bbox 1168 1037 1289 1114; x_wconf 82' lang='lat' dir='ltr'>legitur:</span> 
     </span>
     <span class='ocr_line' id='line_1_6' title="bbox 217 1119 1289 1199; baseline -0.001 -20"><span class='ocrx_word' id='word_1_44' title='bbox 217 1141 277 1179; x_wconf 76' lang='lat' dir='ltr'>cunt</span> <span class='ocrx_word' id='word_1_45' title='bbox 295 1155 333 1165; x_wconf 91' lang='lat'>-</span> <span class='ocrx_word' id='word_1_46' title='bbox 353 1131 501 1196; x_wconf 76' lang='lat' dir='ltr'>coeperunt,</span> <span class='ocrx_word' id='word_1_47' title='bbox 520 1155 556 1163; x_wconf 51' lang='grc' dir='ltr'>ω</span> <span class='ocrx_word' id='word_1_48' title='bbox 577 1131 714 1195; x_wconf 76' lang='lat' dir='ltr'>sopientur.</span> <span class='ocrx_word' id='word_1_49' title='bbox 747 1119 822 1199; x_wconf 90' lang='lat' dir='ltr'>[Pro</span> <span class='ocrx_word' id='word_1_50' title='bbox 834 1123 920 1180; x_wconf 87' lang='lat' dir='ltr'>Rosc.</span> <span class='ocrx_word' id='word_1_51' title='bbox 933 1125 1034 1179; x_wconf 85' lang='lat' dir='ltr'>Aruer.</span> <span class='ocrx_word' id='word_1_52' title='bbox 1048 1122 1087 1180; x_wconf 85' lang='lat'>56</span> <span class='ocrx_word' id='word_1_53' title='bbox 1100 1132 1180 1181; x_wconf 87' lang='lat' dir='ltr'>recte</span> <span class='ocrx_word' id='word_1_54' title='bbox 1192 1122 1289 1179; x_wconf 86' lang='lat' dir='ltr'>Whit·</span> 
     </span>
     <span class='ocr_line' id='line_1_7' title="bbox 218 1205 1288 1284; baseline 0.003 -20"><span class='ocrx_word' id='word_1_55' title='bbox 218 1207 290 1264; x_wconf 90' lang='lat' dir='ltr'>tius:</span> <span class='ocrx_word' id='word_1_56' title='bbox 314 1210 339 1264; x_wconf 84' lang='lat' dir='ltr'>si</span> <span class='ocrx_word' id='word_1_57' title='bbox 359 1210 407 1281; x_wconf 81' lang='lat' dir='ltr'>qni</span> <span class='ocrx_word' id='word_1_58' title='bbox 429 1241 464 1250; x_wconf 92' lang='lat'>-</span> <span class='ocrx_word' id='word_1_59' title='bbox 491 1205 642 1284; x_wconf 64' lang='lat' dir='ltr'>cernunt]</span> <span class='ocrx_word' id='word_1_60' title='bbox 686 1207 776 1282; x_wconf 88' lang='lat' dir='ltr'><strong>Apud</strong></span> <span class='ocrx_word' id='word_1_61' title='bbox 800 1208 963 1265; x_wconf 85' lang='lat' dir='ltr'>Varronem</span> <span class='ocrx_word' id='word_1_62' title='bbox 987 1209 1017 1265; x_wconf 94' lang='lat' dir='ltr'>in</span> <span class='ocrx_word' id='word_1_63' title='bbox 1040 1208 1123 1265; x_wconf 88' lang='lat' dir='ltr'>libris</span> <span class='ocrx_word' id='word_1_64' title='bbox 1145 1208 1182 1265; x_wconf 92' lang='lat' dir='ltr'>de</span> <span class='ocrx_word' id='word_1_65' title='bbox 1204 1208 1288 1267; x_wconf 67' lang='lat' dir='ltr'>RB.</span> 
     </span>
     <span class='ocr_line' id='line_1_8' title="bbox 218 1291 1291 1368; baseline 0.001 -20"><span class='ocrx_word' id='word_1_66' title='bbox 218 1293 342 1350; x_wconf 72' lang='lat' dir='ltr'>vitiosus</span> <span class='ocrx_word' id='word_1_67' title='bbox 365 1293 412 1348; x_wconf 91' lang='lat' dir='ltr'>hio</span> <span class='ocrx_word' id='word_1_68' title='bbox 434 1291 557 1367; x_wconf 87' lang='lat' dir='ltr'>perfecti</span> <span class='ocrx_word' id='word_1_69' title='bbox 580 1292 783 1350; x_wconf 80' lang='lat' dir='ltr'>coniunctivus</span> <span class='ocrx_word' id='word_1_70' title='bbox 800 1311 887 1368; x_wconf 77' lang='lat' dir='ltr'>saepe</span> <span class='ocrx_word' id='word_1_71' title='bbox 905 1293 1068 1351; x_wconf 86' lang='lat' dir='ltr'>aVictorio</span> <span class='ocrx_word' id='word_1_72' title='bbox 1091 1294 1224 1351; x_wconf 85' lang='lat' dir='ltr'>sublatus</span> <span class='ocrx_word' id='word_1_73' title='bbox 1246 1302 1291 1350; x_wconf 85' lang='lat' dir='ltr'>est</span> 
     </span>
     <span class='ocr_line' id='line_1_9' title="bbox 217 1378 1289 1453; baseline 0 -18"><span class='ocrx_word' id='word_1_74' title='bbox 217 1378 350 1435; x_wconf 89' lang='lat' dir='ltr'>codicum</span> <span class='ocrx_word' id='word_1_75' title='bbox 373 1378 533 1447; x_wconf 80' lang='lat' dir='ltr'>admonitu,</span> <span class='ocrx_word' id='word_1_76' title='bbox 557 1396 621 1434; x_wconf 87' lang='lat' dir='ltr'>cum</span> <span class='ocrx_word' id='word_1_77' title='bbox 645 1378 674 1434; x_wconf 87' lang='lat' dir='ltr'>in</span> <span class='ocrx_word' id='word_1_78' title='bbox 698 1378 800 1453; x_wconf 89' lang='lat' dir='ltr'>primis</span> <span class='ocrx_word' id='word_1_79' title='bbox 823 1379 1000 1436; x_wconf 79' lang='lat' dir='ltr'>editionibus</span> <span class='ocrx_word' id='word_1_80' title='bbox 1022 1380 1171 1449; x_wconf 82' lang='lat' dir='ltr'><strong>haereret,</strong></span> <span class='ocrx_word' id='word_1_81' title='bbox 1194 1389 1227 1436; x_wconf 87' lang='lat' dir='ltr'>ut</span> <span class='ocrx_word' id='word_1_82' title='bbox 1248 1379 1289 1443; x_wconf 87' lang='grc' dir='ltr'>ΙΙ,</span> 
     </span>
     <span class='ocr_line' id='line_1_10' title="bbox 219 1463 1289 1540; baseline 0.001 -21"><span class='ocrx_word' id='word_1_83' title='bbox 219 1466 247 1525; x_wconf 82' lang='grc'>4,</span> <span class='ocrx_word' id='word_1_84' title='bbox 272 1465 290 1519; x_wconf 87' lang='lat'>8</span> <span class='ocrx_word' id='word_1_85' title='bbox 314 1474 343 1520; x_wconf 90' lang='lat' dir='ltr'>et</span> <span class='ocrx_word' id='word_1_86' title='bbox 367 1464 416 1532; x_wconf 82' lang='grc'>20,</span> <span class='ocrx_word' id='word_1_87' title='bbox 441 1464 481 1531; x_wconf 90' lang='grc' dir='ltr'>ΙΙ,</span> <span class='ocrx_word' id='word_1_88' title='bbox 506 1465 533 1533; x_wconf 84' lang='grc'>5,</span> <span class='ocrx_word' id='word_1_89' title='bbox 561 1465 596 1520; x_wconf 80' lang='grc'>15</span> <span class='ocrx_word' id='word_1_90' title='bbox 621 1472 650 1519; x_wconf 90' lang='lat' dir='ltr'>et</span> <span class='ocrx_word' id='word_1_91' title='bbox 676 1466 722 1526; x_wconf 82' lang='lat'>16.</span> <span class='ocrx_word' id='word_1_92' title='bbox 746 1463 786 1522; x_wconf 87' lang='lat' dir='ltr'>ll.</span> <span class='ocrx_word' id='word_1_93' title='bbox 810 1465 839 1533; x_wconf 83' lang='lat' dir='ltr'>t,</span> <span class='ocrx_word' id='word_1_94' title='bbox 863 1466 880 1521; x_wconf 79' lang='lat'>7</span> <span class='ocrx_word' id='word_1_95' title='bbox 905 1474 935 1520; x_wconf 88' lang='lat' dir='ltr'>et</span> <span class='ocrx_word' id='word_1_96' title='bbox 957 1467 1009 1533; x_wconf 76' lang='lat'>103</span> <span class='ocrx_word' id='word_1_97' title='bbox 1031 1466 1109 1540; x_wconf 87' lang='lat' dir='ltr'>apud</span> <span class='ocrx_word' id='word_1_98' title='bbox 1133 1464 1289 1524; x_wconf 84' lang='lat' dir='ltr'>Caesarem</span> 
     </span>
     <span class='ocr_line' id='line_1_11' title="bbox 218 1547 1288 1624; baseline 0.001 -18"><span class='ocrx_word' id='word_1_99' title='bbox 218 1548 410 1624; x_wconf 87' lang='lat' dir='ltr'>expellendus</span> <span class='ocrx_word' id='word_1_100' title='bbox 433 1558 478 1605; x_wconf 87' lang='lat' dir='ltr'>est</span> <span class='ocrx_word' id='word_1_101' title='bbox 500 1549 534 1607; x_wconf 88' lang='lat' dir='ltr'>B.</span> <span class='ocrx_word' id='word_1_102' title='bbox 548 1547 586 1607; x_wconf 83' lang='lat' dir='ltr'>G.</span> <span class='ocrx_word' id='word_1_103' title='bbox 605 1550 659 1606; x_wconf 87' lang='lat' dir='ltr'>IV.</span> <span class='ocrx_word' id='word_1_104' title='bbox 674 1549 713 1605; x_wconf 81' lang='lat'>33</span> <span class='ocrx_word' id='word_1_105' title='bbox 736 1552 808 1621; x_wconf 87' lang='lat' dir='ltr'>(cum</span> <span class='ocrx_word' id='word_1_106' title='bbox 832 1582 869 1592; x_wconf 93' lang='lat'>-—</span> <span class='ocrx_word' id='word_1_107' title='bbox 894 1553 1096 1624; x_wconf 64' lang='lat' dir='ltr'>insinuaverint)</span> <span class='ocrx_word' id='word_1_108' title='bbox 1119 1559 1148 1606; x_wconf 89' lang='lat' dir='ltr'>et</span> <span class='ocrx_word' id='word_1_109' title='bbox 1170 1551 1225 1620; x_wconf 87' lang='lat' dir='ltr'>vl,</span> <span class='ocrx_word' id='word_1_110' title='bbox 1249 1551 1288 1607; x_wconf 84' lang='grc'>27</span> 
     </span>
     <span class='ocr_line' id='line_1_12' title="bbox 218 1637 1289 1709; baseline 0 -18"><span class='ocrx_word' id='word_1_111' title='bbox 218 1638 255 1707; x_wconf 88' lang='lat' dir='ltr'>(si</span> <span class='ocrx_word' id='word_1_112' title='bbox 282 1637 458 1703; x_wconf 64' lang='lat' dir='ltr'>conclusion</span> <span class='ocrx_word' id='word_1_113' title='bbox 491 1654 549 1691; x_wconf 79' lang='lat' dir='ltr'>curn</span> <span class='ocrx_word' id='word_1_114' title='bbox 578 1646 627 1691; x_wconf 85' lang='lat' dir='ltr'>est</span> <span class='ocrx_word' id='word_1_115' title='bbox 659 1637 875 1692; x_wconf 77' lang='lat' dir='ltr'>nrrimudeersum</span> <span class='ocrx_word' id='word_1_116' title='bbox 903 1655 958 1705; x_wconf 79' lang='lat'>-;</span> <span class='ocrx_word' id='word_1_117' title='bbox 992 1656 1052 1694; x_wconf 87' lang='lat' dir='ltr'>cum</span> <span class='ocrx_word' id='word_1_118' title='bbox 1079 1638 1289 1709; x_wconf 82' lang='lat' dir='ltr'>reclinaverint);</span> 
     </span>
     <span class='ocr_line' id='line_1_13' title="bbox 218 1718 1290 1796; baseline -0.001 -19"><span class='ocrx_word' id='word_1_119' title='bbox 218 1732 296 1777; x_wconf 90' lang='lat' dir='ltr'>recte</span> <span class='ocrx_word' id='word_1_120' title='bbox 320 1720 457 1776; x_wconf 81' lang='lat' dir='ltr'>scribitur</span> <span class='ocrx_word' id='word_1_121' title='bbox 470 1720 523 1781; x_wconf 84' lang='lat' dir='ltr'>VI.</span> <span class='ocrx_word' id='word_1_122' title='bbox 539 1721 585 1777; x_wconf 89' lang='lat'>19.</span> <span class='ocrx_word' id='word_1_123' title='bbox 632 1718 693 1796; x_wconf 91' lang='lat' dir='ltr'>[De</span> <span class='ocrx_word' id='word_1_124' title='bbox 716 1719 803 1777; x_wconf 86' lang='lat' dir='ltr'>Livio</span> <span class='ocrx_word' id='word_1_125' title='bbox 825 1720 888 1777; x_wconf 83' lang='lat' dir='ltr'>dixi</span> <span class='ocrx_word' id='word_1_126' title='bbox 911 1721 1053 1778; x_wconf 83' lang='lat' dir='ltr'>Emendd.</span> <span class='ocrx_word' id='word_1_127' title='bbox 1070 1721 1155 1777; x_wconf 79' lang='lat' dir='ltr'>Livv.</span> <span class='ocrx_word' id='word_1_128' title='bbox 1175 1741 1203 1796; x_wconf 90' lang='lat' dir='ltr'>p.</span> <span class='ocrx_word' id='word_1_129' title='bbox 1219 1721 1290 1778; x_wconf 90' lang='grc'>621.</span> 
     </span>
     <span class='ocr_line' id='line_1_14' title="bbox 218 1806 1291 1882; baseline -0.002 -18"><span class='ocrx_word' id='word_1_130' title='bbox 218 1806 314 1864; x_wconf 85' lang='lat' dir='ltr'>Multa</span> <span class='ocrx_word' id='word_1_131' title='bbox 336 1816 449 1862; x_wconf 80' lang='lat' dir='ltr'>restant</span> <span class='ocrx_word' id='word_1_132' title='bbox 471 1806 548 1880; x_wconf 88' lang='lat' dir='ltr'>epud</span> <span class='ocrx_word' id='word_1_133' title='bbox 571 1806 645 1862; x_wconf 84' lang='lat' dir='ltr'>ulios</span> <span class='ocrx_word' id='word_1_134' title='bbox 667 1806 854 1880; x_wconf 76' lang='lat' dir='ltr'>corrigenda.</span> <span class='ocrx_word' id='word_1_135' title='bbox 885 1807 1024 1882; x_wconf 83' lang='lat' dir='ltr'>pleraque</span> <span class='ocrx_word' id='word_1_136' title='bbox 1048 1807 1189 1862; x_wconf 89' lang='lat' dir='ltr'>bonorum</span> <span class='ocrx_word' id='word_1_137' title='bbox 1211 1806 1291 1864; x_wconf 90' lang='lat' dir='ltr'>codi-</span> 
     </span>
     <span class='ocr_line' id='line_1_15' title="bbox 218 1891 1290 1967; baseline -0.002 -18"><span class='ocrx_word' id='word_1_138' title='bbox 218 1910 282 1949; x_wconf 86' lang='lat' dir='ltr'>cum</span> <span class='ocrx_word' id='word_1_139' title='bbox 301 1891 428 1949; x_wconf 85' lang='lat' dir='ltr'>euxilio:</span> <span class='ocrx_word' id='word_1_140' title='bbox 450 1909 527 1959; x_wconf 74' lang='lat' dir='ltr'>nent,</span> <span class='ocrx_word' id='word_1_141' title='bbox 551 1891 645 1947; x_wconf 92' lang='lat' dir='ltr'>uthis</span> <span class='ocrx_word' id='word_1_142' title='bbox 662 1899 737 1956; x_wconf 79' lang='lat' dir='ltr'>uter,</span> <span class='ocrx_word' id='word_1_143' title='bbox 756 1893 834 1966; x_wconf 85' lang='lat' dir='ltr'>opud</span> <span class='ocrx_word' id='word_1_144' title='bbox 852 1892 954 1950; x_wconf 90' lang='lat' dir='ltr'>Senec.</span> <span class='ocrx_word' id='word_1_145' title='bbox 967 1893 1088 1967; x_wconf 81' lang='lat' dir='ltr'>Quaest.</span> <span class='ocrx_word' id='word_1_146' title='bbox 1100 1891 1169 1948; x_wconf 81' lang='lat' dir='ltr'>Nat.</span> <span class='ocrx_word' id='word_1_147' title='bbox 1177 1892 1215 1961; x_wconf 79' lang='lat' dir='ltr'>V,</span> <span class='ocrx_word' id='word_1_148' title='bbox 1224 1893 1253 1962; x_wconf 86' lang='lat'>4,</span> <span class='ocrx_word' id='word_1_149' title='bbox 1261 1892 1290 1961; x_wconf 85' lang='grc'>3,</span> 
     </span>
     <span class='ocr_line' id='line_1_16' title="bbox 217 1975 1290 2052; baseline -0.001 -18"><span class='ocrx_word' id='word_1_150' title='bbox 217 1978 268 2034; x_wconf 92' lang='lat' dir='ltr'>ubi</span> <span class='ocrx_word' id='word_1_151' title='bbox 286 1977 382 2033; x_wconf 85' lang='lat' dir='ltr'>editur</span> <span class='ocrx_word' id='word_1_152' title='bbox 398 1975 498 2032; x_wconf 88' lang='lat' dir='ltr'>foede:</span> <span class='ocrx_word' id='word_1_153' title='bbox 516 1996 575 2033; x_wconf 82' lang='lat' dir='ltr'>cnm</span> <span class='ocrx_word' id='word_1_154' title='bbox 591 1988 748 2033; x_wconf 59' lang='lat' dir='ltr'>concavata</span> <span class='ocrx_word' id='word_1_155' title='bbox 764 1988 850 2046; x_wconf 76' lang='lat' dir='ltr'>suist,</span> <span class='ocrx_word' id='word_1_156' title='bbox 868 1979 962 2034; x_wconf 78' lang='lat' dir='ltr'>deiirde</span> <span class='ocrx_word' id='word_1_157' title='bbox 975 2011 1013 2021; x_wconf 91' lang='lat'>-</span> <span class='ocrx_word' id='word_1_158' title='bbox 1025 1982 1209 2052; x_wconf 76' lang='lat' dir='ltr'>coeperint,</span> <span class='ocrx_word' id='word_1_159' title='bbox 1227 1977 1290 2035; x_wconf 92' lang='lat' dir='ltr'>cod.</span> 
     </span>
     <span class='ocr_line' id='line_1_17' title="bbox 218 2061 1291 2143; baseline -0.001 -23"><span class='ocrx_word' id='word_1_160' title='bbox 218 2064 243 2120; x_wconf 91' lang='lat' dir='ltr'>B</span> <span class='ocrx_word' id='word_1_161' title='bbox 257 2062 345 2118; x_wconf 84' lang='lat' dir='ltr'>habet</span> <span class='ocrx_word' id='word_1_162' title='bbox 356 2072 506 2136; x_wconf 78' lang='lat' dir='ltr'>coeperunt,</span> <span class='ocrx_word' id='word_1_163' title='bbox 519 2072 548 2118; x_wconf 87' lang='lat' dir='ltr'>et</span> <span class='ocrx_word' id='word_1_164' title='bbox 560 2061 614 2131; x_wconf 78' lang='lat' dir='ltr'>Vl,</span> <span class='ocrx_word' id='word_1_165' title='bbox 629 2062 678 2132; x_wconf 88' lang='grc'>28,</span> <span class='ocrx_word' id='word_1_166' title='bbox 695 2065 707 2119; x_wconf 94' lang='lat' dir='ltr'>l</span> <span class='ocrx_word' id='word_1_167' title='bbox 722 2063 824 2119; x_wconf 89' lang='lat' dir='ltr'>iseum</span> <span class='ocrx_word' id='word_1_168' title='bbox 837 2063 951 2119; x_wconf 88' lang='lat' dir='ltr'>duobus</span> <span class='ocrx_word' id='word_1_169' title='bbox 962 2063 1029 2119; x_wconf 87' lang='lat' dir='ltr'>eliis</span> <span class='ocrx_word' id='word_1_170' title='bbox 1040 2066 1066 2119; x_wconf 87' lang='lat' dir='ltr'>si</span> <span class='ocrx_word' id='word_1_171' title='bbox 1076 2095 1114 2105; x_wconf 95' lang='lat'>-</span> <span class='ocrx_word' id='word_1_172' title='bbox 1127 2064 1291 2143; x_wconf 56' lang='lat' dir='ltr'>decidentem</span> 
     </span>
     <span class='ocr_line' id='line_1_18' title="bbox 217 2147 1291 2223; baseline -0.001 -18"><span class='ocrx_word' id='word_1_173' title='bbox 217 2148 295 2223; x_wconf 80' lang='lat' dir='ltr'>apud</span> <span class='ocrx_word' id='word_1_174' title='bbox 319 2147 442 2220; x_wconf 80' lang='lat' dir='ltr'>Quintil.</span> <span class='ocrx_word' id='word_1_175' title='bbox 464 2148 489 2215; x_wconf 89' lang='grc'>1,</span> <span class='ocrx_word' id='word_1_176' title='bbox 504 2148 562 2204; x_wconf 87' lang='grc'>2.7</span> <span class='ocrx_word' id='word_1_177' title='bbox 587 2147 690 2222; x_wconf 92' lang='lat' dir='ltr'>optimi</span> <span class='ocrx_word' id='word_1_178' title='bbox 714 2147 797 2204; x_wconf 90' lang='lat' dir='ltr'>codd.</span> <span class='ocrx_word' id='word_1_179' title='bbox 820 2152 845 2205; x_wconf 86' lang='lat' dir='ltr'>si</span> <span class='ocrx_word' id='word_1_180' title='bbox 866 2158 965 2205; x_wconf 72' lang='lat' dir='ltr'>terrum</span> <span class='ocrx_word' id='word_1_181' title='bbox 986 2153 1131 2222; x_wconf 75' lang='lat' dir='ltr'>ettiqeruut</span> <span class='ocrx_word' id='word_1_182' title='bbox 1153 2167 1208 2223; x_wconf 92' lang='lat' dir='ltr'>pro</span> <span class='ocrx_word' id='word_1_183' title='bbox 1229 2151 1291 2205; x_wconf 83' lang='lat' dir='ltr'>etti·</span> 
     </span>
     <span class='ocr_line' id='line_1_19' title="bbox 216 2232 1292 2308; baseline 0.002 -18"><span class='ocrx_word' id='word_1_184' title='bbox 216 2237 316 2308; x_wconf 55' lang='lat' dir='ltr'>perium</span> <span class='ocrx_word' id='word_1_185' title='bbox 340 2233 369 2288; x_wconf 87' lang='lat' dir='ltr'>in</span> <span class='ocrx_word' id='word_1_186' title='bbox 384 2232 504 2289; x_wconf 84' lang='lat' dir='ltr'>Valerio</span> <span class='ocrx_word' id='word_1_187' title='bbox 516 2233 598 2290; x_wconf 83' lang='lat' dir='ltr'>Max.</span> <span class='ocrx_word' id='word_1_188' title='bbox 617 2250 711 2306; x_wconf 88' lang='lat' dir='ltr'>nuper</span> <span class='ocrx_word' id='word_1_189' title='bbox 733 2233 858 2290; x_wconf 84' lang='lat' dir='ltr'>attendit</span> <span class='ocrx_word' id='word_1_190' title='bbox 876 2234 1013 2290; x_wconf 80' lang='lat' dir='ltr'>Halmius</span> <span class='ocrx_word' id='word_1_191' title='bbox 1026 2234 1079 2299; x_wconf 81' lang='lat' dir='ltr'>vl,</span> <span class='ocrx_word' id='word_1_192' title='bbox 1093 2234 1111 2290; x_wconf 92' lang='grc'><strong>2</strong></span> <span class='ocrx_word' id='word_1_193' title='bbox 1123 2233 1198 2301; x_wconf 75' lang='lat' dir='ltr'>init..</span> <span class='ocrx_word' id='word_1_194' title='bbox 1221 2235 1292 2297; x_wconf 90' lang='lat' dir='ltr'>Vll.</span> 
     </span>
     <span class='ocr_line' id='line_1_20' title="bbox 219 2316 1291 2396; baseline 0 -20"><span class='ocrx_word' id='word_1_195' title='bbox 219 2320 236 2376; x_wconf 89' lang='lat'><strong>3</strong></span> <span class='ocrx_word' id='word_1_196' title='bbox 260 2319 323 2375; x_wconf 92' lang='lat' dir='ltr'>init.</span> <span class='ocrx_word' id='word_1_197' title='bbox 357 2317 419 2375; x_wconf 78' lang='lat' dir='ltr'>cfr.</span> <span class='ocrx_word' id='word_1_198' title='bbox 444 2318 522 2375; x_wconf 84' lang='lat' dir='ltr'>Adv.</span> <span class='ocrx_word' id='word_1_199' title='bbox 545 2316 617 2377; x_wconf 86' lang='lat' dir='ltr'>Crit.</span> <span class='ocrx_word' id='word_1_200' title='bbox 640 2318 673 2375; x_wconf 91' lang='grc' dir='ltr'>ΙΙ</span> <span class='ocrx_word' id='word_1_201' title='bbox 690 2338 718 2393; x_wconf 91' lang='lat' dir='ltr'>p.</span> <span class='ocrx_word' id='word_1_202' title='bbox 732 2318 793 2375; x_wconf 82' lang='grc'>448</span> <span class='ocrx_word' id='word_1_203' title='bbox 807 2327 836 2374; x_wconf 90' lang='lat' dir='ltr'>et</span> <span class='ocrx_word' id='word_1_204' title='bbox 849 2317 936 2396; x_wconf 70' lang='lat' dir='ltr'>stt]</span> <span class='ocrx_word' id='word_1_205' title='bbox 969 2320 1019 2377; x_wconf 87' lang='lat' dir='ltr'>Ab</span> <span class='ocrx_word' id='word_1_206' title='bbox 1042 2320 1096 2376; x_wconf 91' lang='lat' dir='ltr'>hoc</span> <span class='ocrx_word' id='word_1_207' title='bbox 1118 2337 1225 2395; x_wconf 83' lang='lat' dir='ltr'>genere</span> <span class='ocrx_word' id='word_1_208' title='bbox 1247 2318 1291 2376; x_wconf 86' lang='lat' dir='ltr'>illi</span> 
     </span>
     <span class='ocr_line' id='line_1_21' title="bbox 216 2403 1292 2479; baseline 0 -18"><span class='ocrx_word' id='word_1_209' title='bbox 216 2405 274 2461; x_wconf 86' lang='lat' dir='ltr'>loci</span> <span class='ocrx_word' id='word_1_210' title='bbox 296 2403 452 2478; x_wconf 83' lang='lat' dir='ltr'>separandi</span> <span class='ocrx_word' id='word_1_211' title='bbox 474 2415 551 2475; x_wconf 76' lang='lat' dir='ltr'>sunt,</span> <span class='ocrx_word' id='word_1_212' title='bbox 573 2403 623 2460; x_wconf 91' lang='lat' dir='ltr'>ubi</span> <span class='ocrx_word' id='word_1_213' title='bbox 646 2403 775 2460; x_wconf 84' lang='lat' dir='ltr'>secunde</span> <span class='ocrx_word' id='word_1_214' title='bbox 797 2422 924 2479; x_wconf 86' lang='lat' dir='ltr'>persone</span> <span class='ocrx_word' id='word_1_215' title='bbox 941 2406 1023 2462; x_wconf 83' lang='lat' dir='ltr'>verbi</span> <span class='ocrx_word' id='word_1_216' title='bbox 1042 2405 1077 2461; x_wconf 93' lang='lat' dir='ltr'>de</span> <span class='ocrx_word' id='word_1_217' title='bbox 1094 2404 1207 2462; x_wconf 89' lang='lat' dir='ltr'>incerto</span> <span class='ocrx_word' id='word_1_218' title='bbox 1223 2406 1292 2461; x_wconf 89' lang='lat' dir='ltr'>sub·</span> 
     </span>
     <span class='ocr_line' id='line_1_22' title="bbox 218 2486 1290 2568; baseline -0.001 -21"><span class='ocrx_word' id='word_1_219' title='bbox 218 2491 293 2547; x_wconf 87' lang='lat' dir='ltr'>iecto</span> <span class='ocrx_word' id='word_1_220' title='bbox 317 2489 413 2565; x_wconf 83' lang='lat' dir='ltr'>posita</span> <span class='ocrx_word' id='word_1_221' title='bbox 434 2489 499 2564; x_wconf 87' lang='lat' dir='ltr'>ipse</span> <span class='ocrx_word' id='word_1_222' title='bbox 522 2489 698 2546; x_wconf 86' lang='lat' dir='ltr'>coniunctivi</span> <span class='ocrx_word' id='word_1_223' title='bbox 723 2507 812 2546; x_wconf 82' lang='lat' dir='ltr'>cause</span> <span class='ocrx_word' id='word_1_224' title='bbox 833 2489 866 2546; x_wconf 81' lang='lat' dir='ltr'>fis</span> <span class='ocrx_word' id='word_1_225' title='bbox 888 2486 956 2568; x_wconf 85' lang='lat' dir='ltr'>[Gr.</span> <span class='ocrx_word' id='word_1_226' title='bbox 970 2491 1034 2547; x_wconf 85' lang='lat' dir='ltr'>Lat.</span> <span class='ocrx_word' id='word_1_227' title='bbox 1049 2496 1064 2560; x_wconf 67' lang='grc' dir='ltr'><strong>ξ</strong></span> <span class='ocrx_word' id='word_1_228' title='bbox 1077 2486 1167 2568; x_wconf 82' lang='grc'><strong>370];</strong></span> <span class='ocrx_word' id='word_1_229' title='bbox 1190 2490 1290 2563; x_wconf 81' lang='lat' dir='ltr'>itaque</span> 
     </span>
     <span class='ocr_line' id='line_1_23' title="bbox 218 2574 1292 2650; baseline 0.002 -19"><span class='ocrx_word' id='word_1_230' title='bbox 218 2575 325 2632; x_wconf 92' lang='lat' dir='ltr'>dicitur</span> <span class='ocrx_word' id='word_1_231' title='bbox 352 2574 591 2648; x_wconf 81' lang='lat' dir='ltr'>frequentissimo</span> <span class='ocrx_word' id='word_1_232' title='bbox 621 2575 772 2650; x_wconf 85' lang='lat' dir='ltr'>exemplo.</span> <span class='ocrx_word' id='word_1_233' title='bbox 807 2586 839 2634; x_wconf 89' lang='lat' dir='ltr'>ut</span> <span class='ocrx_word' id='word_1_234' title='bbox 865 2575 913 2631; x_wconf 92' lang='lat' dir='ltr'>hic</span> <span class='ocrx_word' id='word_1_235' title='bbox 936 2577 989 2633; x_wconf 89' lang='lat' dir='ltr'>IV.</span> <span class='ocrx_word' id='word_1_236' title='bbox 1014 2577 1068 2632; x_wconf 81' lang='lat'>74:</span> <span class='ocrx_word' id='word_1_237' title='bbox 1101 2578 1169 2648; x_wconf 81' lang='lat' dir='ltr'>quid</span> <span class='ocrx_word' id='word_1_238' title='bbox 1196 2576 1292 2633; x_wconf 74' lang='lat' dir='ltr'>noluit</span> 
     </span>
     <span class='ocr_line' id='line_1_24' title="bbox 217 2660 1291 2735; baseline 0.002 -18"><span class='ocrx_word' id='word_1_239' title='bbox 217 2663 417 2729; x_wconf 73' lang='lat' dir='ltr'>uclneirutiouis.</span> <span class='ocrx_word' id='word_1_240' title='bbox 445 2679 504 2716; x_wconf 78' lang='lat' dir='ltr'>cunr</span> <span class='ocrx_word' id='word_1_241' title='bbox 530 2679 614 2735; x_wconf 84' lang='lat' dir='ltr'>prope</span> <span class='ocrx_word' id='word_1_242' title='bbox 641 2666 805 2718; x_wconf 79' lang='lat' dir='ltr'>accesseris?</span> <span class='ocrx_word' id='word_1_243' title='bbox 833 2661 933 2735; x_wconf 89' lang='lat' dir='ltr'>(Tusc.</span> <span class='ocrx_word' id='word_1_244' title='bbox 957 2663 994 2730; x_wconf 84' lang='lat' dir='ltr'>V,</span> <span class='ocrx_word' id='word_1_245' title='bbox 1019 2662 1070 2727; x_wconf 89' lang='grc'>13,</span> <span class='ocrx_word' id='word_1_246' title='bbox 1100 2660 1165 2719; x_wconf 76' lang='lat' dir='ltr'>Cet.</span> <span class='ocrx_word' id='word_1_247' title='bbox 1191 2661 1226 2730; x_wconf 85' lang='grc'>9,</span> <span class='ocrx_word' id='word_1_248' title='bbox 1255 2661 1291 2719; x_wconf 92' lang='lat' dir='ltr'>de</span> 
     </span>
     <span class='ocr_line' id='line_1_25' title="bbox 219 2743 1292 2823; baseline -0.001 -19"><span class='ocrx_word' id='word_1_249' title='bbox 219 2744 277 2804; x_wconf 83' lang='lat' dir='ltr'>Off.</span> <span class='ocrx_word' id='word_1_250' title='bbox 298 2746 321 2803; x_wconf 94' lang='grc' dir='ltr'>Ι.</span> <span class='ocrx_word' id='word_1_251' title='bbox 341 2745 390 2812; x_wconf 90' lang='grc'>32,</span> <span class='ocrx_word' id='word_1_252' title='bbox 415 2745 449 2800; x_wconf 88' lang='lat' dir='ltr'>de</span> <span class='ocrx_word' id='word_1_253' title='bbox 472 2743 523 2804; x_wconf 89' lang='lat' dir='ltr'>Or.</span> <span class='ocrx_word' id='word_1_254' title='bbox 547 2746 604 2814; x_wconf 81' lang='grc' dir='ltr'>ΙΙΙ,</span> <span class='ocrx_word' id='word_1_255' title='bbox 629 2746 700 2811; x_wconf 88' lang='grc'>201,</span> <span class='ocrx_word' id='word_1_256' title='bbox 723 2746 783 2819; x_wconf 86' lang='lat' dir='ltr'>el).</span> <span class='ocrx_word' id='word_1_257' title='bbox 829 2744 1020 2823; x_wconf 82' lang='lat' dir='ltr'>[Ammianus</span> <span class='ocrx_word' id='word_1_258' title='bbox 1043 2746 1244 2811; x_wconf 80' lang='lat' dir='ltr'>Marcellinus,</span> <span class='ocrx_word' id='word_1_259' title='bbox 1267 2747 1292 2804; x_wconf 84' lang='lat' dir='ltr'>si</span> 
     </span>
     <span class='ocr_line' id='line_1_26' title="bbox 218 2829 1291 2905; baseline 0.001 -18"><span class='ocrx_word' id='word_1_260' title='bbox 218 2831 283 2888; x_wconf 91' lang='lat' dir='ltr'>edd.</span> <span class='ocrx_word' id='word_1_261' title='bbox 309 2840 338 2885; x_wconf 92' lang='lat' dir='ltr'>et</span> <span class='ocrx_word' id='word_1_262' title='bbox 360 2829 582 2905; x_wconf 78' lang='lat' dir='ltr'>Eyssenhardtii</span> <span class='ocrx_word' id='word_1_263' title='bbox 610 2831 646 2886; x_wconf 87' lang='lat' dir='ltr'>de</span> <span class='ocrx_word' id='word_1_264' title='bbox 669 2831 751 2887; x_wconf 91' lang='lat' dir='ltr'>codd.</span> <span class='ocrx_word' id='word_1_265' title='bbox 776 2831 893 2887; x_wconf 89' lang='lat' dir='ltr'>silentio</span> <span class='ocrx_word' id='word_1_266' title='bbox 916 2832 1075 2895; x_wconf 80' lang='lat' dir='ltr'>credimus.</span> <span class='ocrx_word' id='word_1_267' title='bbox 1103 2832 1291 2889; x_wconf 90' lang='lat' dir='ltr'>coniunctivo</span> 
     </span>
     <span class='ocr_line' id='line_1_27' title="bbox 217 2913 886 2992; baseline 0.001 -20"><span class='ocrx_word' id='word_1_268' title='bbox 217 2916 324 2972; x_wconf 86' lang='lat' dir='ltr'>vitioso</span> <span class='ocrx_word' id='word_1_269' title='bbox 347 2913 584 2988; x_wconf 83' lang='lat' dir='ltr'>frequentissimo</span> <span class='ocrx_word' id='word_1_270' title='bbox 606 2933 676 2970; x_wconf 87' lang='lat' dir='ltr'>usus</span> <span class='ocrx_word' id='word_1_271' title='bbox 699 2925 752 2972; x_wconf 84' lang='lat' dir='ltr'>est.</span> <span class='ocrx_word' id='word_1_272' title='bbox 779 2914 886 2992; x_wconf 70' lang='lat'>1874]</span> 
     </span>
    </p>

    <p class='ocr_par' dir='ltr' id='par_1_4' title="bbox 217 3000 1293 4016">
     <span class='ocr_line' id='line_1_28' title="bbox 304 3000 1291 3077; baseline 0.002 -22"><span class='ocrx_word' id='word_1_273' title='bbox 304 3002 372 3074; x_wconf 81' lang='lat' dir='ltr'>qnid</span> <span class='ocrx_word' id='word_1_274' title='bbox 399 3000 434 3054; x_wconf 83' lang='lat' dir='ltr'>ub</span> <span class='ocrx_word' id='word_1_275' title='bbox 461 3001 641 3055; x_wconf 81' lang='lat' dir='ltr'>animantibus</span> <span class='ocrx_word' id='word_1_276' title='bbox 667 3004 759 3057; x_wconf 71' lang='lat' dir='ltr'>celeres</span> <span class='ocrx_word' id='word_1_277' title='bbox 787 3002 956 3076; x_wconf 69' lang='lat' dir='ltr'>differemus)</span> <span class='ocrx_word' id='word_1_278' title='bbox 985 3001 1238 3077; x_wconf 78' lang='lat' dir='ltr'>Praepositionem</span> <span class='ocrx_word' id='word_1_279' title='bbox 1261 3000 1291 3057; x_wconf 88' lang='lat' dir='ltr'>iu</span> 
     </span>
     <span class='ocr_line' id='line_1_29' title="bbox 218 3083 1290 3162; baseline 0.001 -20"><span class='ocrx_word' id='word_1_280' title='bbox 218 3086 301 3142; x_wconf 88' lang='lat' dir='ltr'>codd.</span> <span class='ocrx_word' id='word_1_281' title='bbox 326 3083 402 3162; x_wconf 88' lang='lat' dir='ltr'>[B?]</span> <span class='ocrx_word' id='word_1_282' title='bbox 425 3085 561 3141; x_wconf 85' lang='lat' dir='ltr'>emissem</span> <span class='ocrx_word' id='word_1_283' title='bbox 585 3097 664 3141; x_wconf 86' lang='lat' dir='ltr'>recte</span> <span class='ocrx_word' id='word_1_284' title='bbox 687 3086 752 3142; x_wconf 90' lang='lat' dir='ltr'>edd.</span> <span class='ocrx_word' id='word_1_285' title='bbox 775 3087 842 3144; x_wconf 90' lang='lat' dir='ltr'>inde</span> <span class='ocrx_word' id='word_1_286' title='bbox 865 3089 1010 3144; x_wconf 85' lang='lat' dir='ltr'>eVenete</span> <span class='ocrx_word' id='word_1_287' title='bbox 1025 3089 1104 3144; x_wconf 83' lang='grc'>1494</span> <span class='ocrx_word' id='word_1_288' title='bbox 1128 3085 1164 3140; x_wconf 86' lang='lat' dir='ltr'>nd</span> <span class='ocrx_word' id='word_1_289' title='bbox 1187 3084 1290 3143; x_wconf 85' lang='lat' dir='ltr'>Lemb.</span> 
     </span>
     <span class='ocr_line' id='line_1_30' title="bbox 218 3171 1293 3245; baseline -0.001 -17"><span class='ocrx_word' id='word_1_290' title='bbox 218 3172 400 3229; x_wconf 78' lang='lat' dir='ltr'>addiderunt.</span> <span class='ocrx_word' id='word_1_291' title='bbox 424 3171 529 3244; x_wconf 89' lang='lat' dir='ltr'>Neque</span> <span class='ocrx_word' id='word_1_292' title='bbox 552 3173 661 3245; x_wconf 61' lang='lat' dir='ltr'>‹tellerre</span> <span class='ocrx_word' id='word_1_293' title='bbox 683 3190 778 3245; x_wconf 85' lang='lat' dir='ltr'>neque</span> <span class='ocrx_word' id='word_1_294' title='bbox 800 3176 934 3229; x_wconf 80' lang='lat' dir='ltr'>diversum</span> <span class='ocrx_word' id='word_1_295' title='bbox 956 3192 1021 3240; x_wconf 77' lang='lat' dir='ltr'>esse,</span> <span class='ocrx_word' id='word_1_296' title='bbox 1044 3189 1138 3245; x_wconf 88' lang='lat' dir='ltr'>neque</span> <span class='ocrx_word' id='word_1_297' title='bbox 1161 3171 1293 3227; x_wconf 83' lang='lat' dir='ltr'>dissidere</span> 
     </span>
     <span class='ocr_line' id='line_1_31' title="bbox 217 3256 1293 3332; baseline 0.001 -20"><span class='ocrx_word' id='word_1_298' title='bbox 217 3276 312 3331; x_wconf 89' lang='lat' dir='ltr'>neque</span> <span class='ocrx_word' id='word_1_299' title='bbox 335 3260 476 3314; x_wconf 82' lang='lat' dir='ltr'>dissentire</span> <span class='ocrx_word' id='word_1_300' title='bbox 498 3275 562 3312; x_wconf 92' lang='lat' dir='ltr'>cum</span> <span class='ocrx_word' id='word_1_301' title='bbox 586 3256 687 3314; x_wconf 80' lang='lat' dir='ltr'>dativo</span> <span class='ocrx_word' id='word_1_302' title='bbox 700 3257 804 3315; x_wconf 76' lang='lat' dir='ltr'>Cicero</span> <span class='ocrx_word' id='word_1_303' title='bbox 827 3267 879 3314; x_wconf 87' lang='lat' dir='ltr'>eut</span> <span class='ocrx_word' id='word_1_304' title='bbox 900 3258 1054 3332; x_wconf 84' lang='lat' dir='ltr'>quisquam</span> <span class='ocrx_word' id='word_1_305' title='bbox 1077 3256 1164 3312; x_wconf 92' lang='lat' dir='ltr'>huius</span> <span class='ocrx_word' id='word_1_306' title='bbox 1186 3256 1293 3313; x_wconf 81' lang='lat' dir='ltr'>aetatis</span> 
     </span>
     <span class='ocr_line' id='line_1_32' title="bbox 217 3341 1292 3419; baseline -0.001 -20"><span class='ocrx_word' id='word_1_307' title='bbox 217 3343 247 3399; x_wconf 90' lang='lat' dir='ltr'>in</span> <span class='ocrx_word' id='word_1_308' title='bbox 271 3362 358 3417; x_wconf 87' lang='lat' dir='ltr'>prosa</span> <span class='ocrx_word' id='word_1_309' title='bbox 380 3342 513 3398; x_wconf 85' lang='lat' dir='ltr'>oratione</span> <span class='ocrx_word' id='word_1_310' title='bbox 536 3342 625 3410; x_wconf 87' lang='lat' dir='ltr'>dixit;</span> <span class='ocrx_word' id='word_1_311' title='bbox 654 3361 690 3398; x_wconf 91' lang='lat' dir='ltr'>ne</span> <span class='ocrx_word' id='word_1_312' title='bbox 712 3344 842 3419; x_wconf 81' lang='lat' dir='ltr'>Augusti</span> <span class='ocrx_word' id='word_1_313' title='bbox 865 3344 982 3417; x_wconf 87' lang='lat' dir='ltr'>quidem</span> <span class='ocrx_word' id='word_1_314' title='bbox 1005 3351 1101 3400; x_wconf 82' lang='lat' dir='ltr'>estete</span> <span class='ocrx_word' id='word_1_315' title='bbox 1129 3342 1169 3398; x_wconf 91' lang='lat' dir='ltr'>ibi</span> <span class='ocrx_word' id='word_1_316' title='bbox 1192 3341 1292 3398; x_wconf 78' lang='lat' dir='ltr'>audite</span> 
     </span>
     <span class='ocr_line' id='line_1_33' title="bbox 217 3426 1291 3503; baseline 0 -20"><span class='ocrx_word' id='word_1_317' title='bbox 217 3438 303 3503; x_wconf 80' lang='lat' dir='ltr'>put03</span> <span class='ocrx_word' id='word_1_318' title='bbox 331 3428 472 3485; x_wconf 86' lang='lat' dir='ltr'>lloratius</span> <span class='ocrx_word' id='word_1_319' title='bbox 495 3427 567 3483; x_wconf 87' lang='lat' dir='ltr'>haec</span> <span class='ocrx_word' id='word_1_320' title='bbox 589 3428 689 3484; x_wconf 86' lang='lat' dir='ltr'>omnin</span> <span class='ocrx_word' id='word_1_321' title='bbox 711 3428 808 3489; x_wconf 84' lang='lat' dir='ltr'>habet.</span> <span class='ocrx_word' id='word_1_322' title='bbox 831 3440 901 3491; x_wconf 85' lang='lat' dir='ltr'>turn.</span> <span class='ocrx_word' id='word_1_323' title='bbox 925 3439 957 3486; x_wconf 90' lang='lat' dir='ltr'>ut</span> <span class='ocrx_word' id='word_1_324' title='bbox 979 3430 1037 3486; x_wconf 86' lang='lat' dir='ltr'>elie</span> <span class='ocrx_word' id='word_1_325' title='bbox 1059 3448 1077 3485; x_wconf 84' lang='lat' dir='ltr'><strong>a</strong></span> <span class='ocrx_word' id='word_1_326' title='bbox 1099 3426 1197 3503; x_wconf 74' lang='lat' dir='ltr'>poetis</span> <span class='ocrx_word' id='word_1_327' title='bbox 1217 3436 1291 3497; x_wconf 80' lang='lat' dir='ltr'>orte,</span> 
     </span>
     <span class='ocr_line' id='line_1_34' title="bbox 217 3513 1292 3590; baseline -0.002 -20"><span class='ocrx_word' id='word_1_328' title='bbox 217 3514 395 3588; x_wconf 85' lang='lat' dir='ltr'>posteriores</span> <span class='ocrx_word' id='word_1_329' title='bbox 424 3514 455 3569; x_wconf 93' lang='lat' dir='ltr'>in</span> <span class='ocrx_word' id='word_1_330' title='bbox 483 3532 599 3587; x_wconf 81' lang='lat' dir='ltr'>prosam</span> <span class='ocrx_word' id='word_1_331' title='bbox 623 3513 786 3570; x_wconf 83' lang='lat' dir='ltr'>orationem</span> <span class='ocrx_word' id='word_1_332' title='bbox 814 3524 1002 3590; x_wconf 84' lang='lat' dir='ltr'>receperunt,</span> <span class='ocrx_word' id='word_1_333' title='bbox 1030 3516 1134 3573; x_wconf 75' lang='lat' dir='ltr'>saltem</span> <span class='ocrx_word' id='word_1_334' title='bbox 1156 3514 1292 3569; x_wconf 83' lang='lat' dir='ltr'>diuersum</span> 
     </span>
     <span class='ocr_line' id='line_1_35' title="bbox 217 3598 1291 3667; baseline 0.001 -12"><span class='ocrx_word' id='word_1_335' title='bbox 217 3620 273 3656; x_wconf 83' lang='lat' dir='ltr'>esse</span> <span class='ocrx_word' id='word_1_336' title='bbox 302 3609 329 3654; x_wconf 88' lang='lat' dir='ltr'>et</span> <span class='ocrx_word' id='word_1_337' title='bbox 359 3600 511 3667; x_wconf 52' lang='lat' dir='ltr'>‹e&#39;lissertereq</span> <span class='ocrx_word' id='word_1_338' title='bbox 541 3599 590 3655; x_wconf 90' lang='lat' dir='ltr'>ubi</span> <span class='ocrx_word' id='word_1_339' title='bbox 619 3599 655 3655; x_wconf 91' lang='lat' dir='ltr'>de</span> <span class='ocrx_word' id='word_1_340' title='bbox 684 3599 922 3658; x_wconf 90' lang='lat' dir='ltr'>dissimilitudine</span> <span class='ocrx_word' id='word_1_341' title='bbox 950 3602 1064 3658; x_wconf 88' lang='lat' dir='ltr'>dicitur.</span> <span class='ocrx_word' id='word_1_342' title='bbox 1108 3598 1143 3654; x_wconf 89' lang='lat' dir='ltr'>ln</span> <span class='ocrx_word' id='word_1_343' title='bbox 1166 3599 1291 3656; x_wconf 84' lang='lat' dir='ltr'>Timaeo</span> 
     </span>
     <span class='ocr_line' id='line_1_36' title="bbox 218 3683 1290 3777; baseline -0.002 -36"><span class='ocrx_word' id='word_1_344' title='bbox 218 3703 242 3741; x_wconf 91' lang='lat' dir='ltr'>c.</span> <span class='ocrx_word' id='word_1_345' title='bbox 266 3685 301 3740; x_wconf 87' lang='grc'>12</span> <span class='ocrx_word' id='word_1_346' title='bbox 326 3684 350 3740; x_wconf 85' lang='lat' dir='ltr'>si</span> <span class='ocrx_word' id='word_1_347' title='bbox 374 3683 478 3741; x_wconf 82' lang='lat' dir='ltr'>Cicero</span> <span class='ocrx_word' id='word_1_348' title='bbox 501 3684 633 3777; x_wconf 81' lang='lat' dir='ltr'>scripsit.</span> <span class='ocrx_word' id='word_1_349' title='bbox 655 3695 680 3741; x_wconf 88' lang='lat' dir='ltr'>et</span> <span class='ocrx_word' id='word_1_350' title='bbox 702 3689 734 3741; x_wconf 86' lang='lat' dir='ltr'>iis</span> <span class='ocrx_word' id='word_1_351' title='bbox 756 3692 837 3743; x_wconf 85' lang='lat' dir='ltr'>etiam</span> <span class='ocrx_word' id='word_1_352' title='bbox 858 3692 991 3744; x_wconf 84' lang='lat' dir='ltr'>contrarie</span> <span class='ocrx_word' id='word_1_353' title='bbox 1012 3686 1171 3743; x_wconf 80' lang='lat' dir='ltr'>dissidentes</span> <span class='ocrx_word' id='word_1_354' title='bbox 1193 3684 1290 3755; x_wconf 88' lang='lat' dir='ltr'>(codd.</span> 
     </span>
     <span class='ocr_line' id='line_1_37' title="bbox 217 3755 1289 3845; baseline -0.003 -18"><span class='ocrx_word' id='word_1_355' title='bbox 217 3781 292 3827; x_wconf 77' lang='lat' dir='ltr'>ceriti·</span> <span class='ocrx_word' id='word_1_356' title='bbox 293 3774 375 3835; x_wconf 68' lang='lat' dir='ltr'>(tries,</span> <span class='ocrx_word' id='word_1_357' title='bbox 398 3769 499 3826; x_wconf 83' lang='lat' dir='ltr'>Plato.</span> <span class='ocrx_word' id='word_1_358' title='bbox 523 3755 620 3824; x_wconf 79' lang='grc' dir='ltr'><strong><em>ὁπόσα</em></strong></span> <span class='ocrx_word' id='word_1_359' title='bbox 644 3763 781 3836; x_wconf 71' lang='grc' dir='ltr'>ἐναντίως</span> <span class='ocrx_word' id='word_1_360' title='bbox 802 3766 912 3845; x_wconf 76' lang='grc' dir='ltr'><strong><em>πέφυκε</em></strong></span> <span class='ocrx_word' id='word_1_361' title='bbox 934 3758 1134 3843; x_wconf 75' lang='grc' dir='ltr'>διεστηκότα).</span> <span class='ocrx_word' id='word_1_362' title='bbox 1157 3768 1289 3825; x_wconf 83' lang='lat' dir='ltr'>dativum</span> 
     </span>
     <span class='ocr_line' id='line_1_38' title="bbox 218 3854 1290 3932; baseline 0 -21"><span class='ocrx_word' id='word_1_363' title='bbox 218 3857 346 3911; x_wconf 80' lang='lat' dir='ltr'>maximo</span> <span class='ocrx_word' id='word_1_364' title='bbox 369 3854 483 3910; x_wconf 88' lang='lat' dir='ltr'>rettulit</span> <span class='ocrx_word' id='word_1_365' title='bbox 504 3854 541 3910; x_wconf 87' lang='lat' dir='ltr'>ed</span> <span class='ocrx_word' id='word_1_366' title='bbox 564 3859 704 3911; x_wconf 69' lang='lat' dir='ltr'>conterens.</span> <span class='ocrx_word' id='word_1_367' title='bbox 750 3854 899 3932; x_wconf 88' lang='lat' dir='ltr'>[Scriptor</span> <span class='ocrx_word' id='word_1_368' title='bbox 919 3865 1017 3911; x_wconf 84' lang='lat' dir='ltr'>tomen</span> <span class='ocrx_word' id='word_1_369' title='bbox 1040 3854 1078 3911; x_wconf 82' lang='lat' dir='ltr'>ed</span> <span class='ocrx_word' id='word_1_370' title='bbox 1100 3855 1230 3911; x_wconf 89' lang='lat' dir='ltr'>Herenn.</span> <span class='ocrx_word' id='word_1_371' title='bbox 1248 3854 1290 3923; x_wconf 87' lang='grc' dir='ltr'>ΙΙ,</span> 
     </span>
     <span class='ocr_line' id='line_1_39' title="bbox 219 3937 618 4016; baseline -0.005 -20"><span class='ocrx_word' id='word_1_372' title='bbox 219 3942 258 3997; x_wconf 87' lang='grc'>42</span> <span class='ocrx_word' id='word_1_373' title='bbox 282 3944 422 3998; x_wconf 80' lang='lat' dir='ltr'>dissentire</span> <span class='ocrx_word' id='word_1_374' title='bbox 444 3941 496 3997; x_wconf 81' lang='lat' dir='ltr'>sihi</span> <span class='ocrx_word' id='word_1_375' title='bbox 517 3937 618 4016; x_wconf 73' lang='lat' dir='ltr'>dixis]</span> 
     </span>
    </p>

    <p class='ocr_par' dir='ltr' id='par_1_5' title="bbox 216 4024 1292 4445">
     <span class='ocr_line' id='line_1_40' title="bbox 303 4024 1292 4097; baseline 0 -16"><span class='ocrx_word' id='word_1_376' title='bbox 303 4027 352 4082; x_wconf 91' lang='grc'>42.</span> <span class='ocrx_word' id='word_1_377' title='bbox 380 4025 467 4093; x_wconf 73' lang='lat' dir='ltr'>Qrenrn</span> <span class='ocrx_word' id='word_1_378' title='bbox 489 4027 687 4082; x_wconf 84' lang='lat' dir='ltr'>similitudinem</span> <span class='ocrx_word' id='word_1_379' title='bbox 709 4024 839 4097; x_wconf 77' lang='lat' dir='ltr'>videntne)</span> <span class='ocrx_word' id='word_1_380' title='bbox 867 4027 924 4082; x_wconf 88' lang='lat' dir='ltr'>hoc</span> <span class='ocrx_word' id='word_1_381' title='bbox 951 4035 1010 4093; x_wconf 75' lang='lat' dir='ltr'>est,</span> <span class='ocrx_word' id='word_1_382' title='bbox 1039 4028 1114 4082; x_wconf 73' lang='lat' dir='ltr'>citius</span> <span class='ocrx_word' id='word_1_383' title='bbox 1141 4029 1181 4082; x_wconf 82' lang='lat' dir='ltr'>rei</span> <span class='ocrx_word' id='word_1_384' title='bbox 1206 4028 1292 4082; x_wconf 84' lang='lat' dir='ltr'>simile</span> 
     </span>
     <span class='ocr_line' id='line_1_41' title="bbox 217 4110 1290 4187; baseline -0.001 -18"><span class='ocrx_word' id='word_1_385' title='bbox 217 4114 324 4187; x_wconf 84' lang='lat' dir='ltr'>aliquid</span> <span class='ocrx_word' id='word_1_386' title='bbox 346 4113 479 4179; x_wconf 59' lang='lat' dir='ltr'>ridentum</span> <span class='ocrx_word' id='word_1_387' title='bbox 502 4121 531 4167; x_wconf 91' lang='lat' dir='ltr'>et</span> <span class='ocrx_word' id='word_1_388' title='bbox 554 4111 642 4186; x_wconf 83' lang='lat' dir='ltr'>poulo</span> <span class='ocrx_word' id='word_1_389' title='bbox 666 4122 732 4187; x_wconf 92' lang='lat' dir='ltr'>post</span> <span class='ocrx_word' id='word_1_390' title='bbox 753 4129 822 4184; x_wconf 75' lang='lat' dir='ltr'>price</span> <span class='ocrx_word' id='word_1_391' title='bbox 843 4113 989 4167; x_wconf 83' lang='lat' dir='ltr'>similitudo</span> <span class='ocrx_word' id='word_1_392' title='bbox 1011 4110 1192 4187; x_wconf 84' lang='lat' dir='ltr'>intellegitur</span> <span class='ocrx_word' id='word_1_393' title='bbox 1209 4112 1290 4185; x_wconf 80' lang='lat' dir='ltr'>quid·</span> 
     </span>
     <span class='ocr_line' id='line_1_42' title="bbox 216 4196 1290 4255; baseline -0.002 -1"><span class='ocrx_word' id='word_1_394' title='bbox 216 4199 281 4255; x_wconf 80' lang='lat' dir='ltr'>‹lnen</span> <span class='ocrx_word' id='word_1_395' title='bbox 309 4198 370 4254; x_wconf 75' lang='lat' dir='ltr'>lenio</span> <span class='ocrx_word' id='word_1_396' title='bbox 392 4200 484 4253; x_wconf 83' lang='lat' dir='ltr'>simile.</span> <span class='ocrx_word' id='word_1_397' title='bbox 529 4197 640 4253; x_wconf 89' lang='lat' dir='ltr'>Eodem</span> <span class='ocrx_word' id='word_1_398' title='bbox 669 4197 754 4253; x_wconf 90' lang='lat' dir='ltr'>modo</span> <span class='ocrx_word' id='word_1_399' title='bbox 781 4196 886 4254; x_wconf 85' lang='lat' dir='ltr'>Cicero</span> <span class='ocrx_word' id='word_1_400' title='bbox 914 4197 1029 4253; x_wconf 88' lang='lat' dir='ltr'>locutus</span> <span class='ocrx_word' id='word_1_401' title='bbox 1057 4205 1101 4253; x_wconf 89' lang='lat' dir='ltr'>est</span> <span class='ocrx_word' id='word_1_402' title='bbox 1128 4196 1174 4253; x_wconf 86' lang='lat' dir='ltr'>his</span> <span class='ocrx_word' id='word_1_403' title='bbox 1202 4196 1290 4253; x_wconf 87' lang='lat' dir='ltr'>locis:</span> 
     </span>
     <span class='ocr_line' id='line_1_43' title="bbox 217 4281 1290 4358; baseline -0.001 -19"><span class='ocrx_word' id='word_1_404' title='bbox 217 4284 253 4340; x_wconf 92' lang='lat' dir='ltr'>de</span> <span class='ocrx_word' id='word_1_405' title='bbox 271 4283 353 4341; x_wconf 86' lang='lat' dir='ltr'>Orat.</span> <span class='ocrx_word' id='word_1_406' title='bbox 367 4284 408 4352; x_wconf 84' lang='lat' dir='ltr'>Il,</span> <span class='ocrx_word' id='word_1_407' title='bbox 422 4284 475 4339; x_wconf 83' lang='lat'>53:</span> <span class='ocrx_word' id='word_1_408' title='bbox 500 4283 569 4338; x_wconf 75' lang='lat' dir='ltr'>inire</span> <span class='ocrx_word' id='word_1_409' title='bbox 591 4284 786 4338; x_wconf 85' lang='lat' dir='ltr'>similitudinem</span> <span class='ocrx_word' id='word_1_410' title='bbox 808 4283 943 4339; x_wconf 81' lang='lat' dir='ltr'>scribendi</span> <span class='ocrx_word' id='word_1_411' title='bbox 963 4282 1006 4354; x_wconf 91' lang='lat' dir='ltr'>(id</span> <span class='ocrx_word' id='word_1_412' title='bbox 1028 4292 1081 4346; x_wconf 81' lang='lat' dir='ltr'>est.</span> <span class='ocrx_word' id='word_1_413' title='bbox 1104 4300 1196 4358; x_wconf 83' lang='lat' dir='ltr'>genus</span> <span class='ocrx_word' id='word_1_414' title='bbox 1218 4281 1290 4338; x_wconf 82' lang='lat' dir='ltr'>scri·</span> 
     </span>
     <span class='ocr_line' id='line_1_44' title="bbox 219 4365 1288 4445; baseline -0.001 -20"><span class='ocrx_word' id='word_1_415' title='bbox 219 4369 306 4426; x_wconf 90' lang='lat' dir='ltr'>bendi</span> <span class='ocrx_word' id='word_1_416' title='bbox 329 4369 397 4425; x_wconf 88' lang='lat' dir='ltr'>huic</span> <span class='ocrx_word' id='word_1_417' title='bbox 419 4368 526 4438; x_wconf 87' lang='lat' dir='ltr'>simile)</span> <span class='ocrx_word' id='word_1_418' title='bbox 549 4370 626 4424; x_wconf 84' lang='lat' dir='ltr'>multi</span> <span class='ocrx_word' id='word_1_419' title='bbox 646 4372 728 4425; x_wconf 81' lang='lat' dir='ltr'>secuti</span> <span class='ocrx_word' id='word_1_420' title='bbox 748 4378 819 4429; x_wconf 75' lang='lat' dir='ltr'>stent.</span> <span class='ocrx_word' id='word_1_421' title='bbox 843 4365 1069 4445; x_wconf 83' lang='lat' dir='ltr'>[ibd.111.56.]</span> <span class='ocrx_word' id='word_1_422' title='bbox 1091 4368 1130 4425; x_wconf 92' lang='lat' dir='ltr'>N.</span> <span class='ocrx_word' id='word_1_423' title='bbox 1144 4367 1235 4436; x_wconf 90' lang='grc' dir='ltr'>Ι).Π,</span> <span class='ocrx_word' id='word_1_424' title='bbox 1249 4368 1288 4424; x_wconf 87' lang='grc'>27</span> 
     </span>
    </p>
   </div>
   <div class='ocr_carea' id='block_1_4' title="bbox 218 4450 1290 4530">
    <p class='ocr_par' dir='ltr' id='par_1_6' title="bbox 218 4450 1290 4530">
     <span class='ocr_line' id='line_1_45' title="bbox 218 4450 1290 4530; baseline -0.003 -17"><span class='ocrx_word' id='word_1_425' title='bbox 218 4456 312 4530; x_wconf 83' lang='lat' dir='ltr'>(quom</span> <span class='ocrx_word' id='word_1_426' title='bbox 334 4456 531 4512; x_wconf 77' lang='lat' dir='ltr'>sinulitndinem</span> <span class='ocrx_word' id='word_1_427' title='bbox 553 4472 659 4509; x_wconf 78' lang='lat' dir='ltr'>cernere</span> <span class='ocrx_word' id='word_1_428' title='bbox 676 4472 820 4528; x_wconf 82' lang='lat' dir='ltr'>possumus</span> <span class='ocrx_word' id='word_1_429' title='bbox 842 4459 868 4511; x_wconf 87' lang='lat' dir='ltr'>in</span> <span class='ocrx_word' id='word_1_430' title='bbox 890 4457 924 4511; x_wconf 85' lang='lat' dir='ltr'>iis</span> <span class='ocrx_word' id='word_1_431' title='bbox 944 4458 1025 4529; x_wconf 71' lang='lat' dir='ltr'>equus</span> <span class='ocrx_word' id='word_1_432' title='bbox 1041 4456 1119 4527; x_wconf 73' lang='lat' dir='ltr'>cet),</span> <span class='ocrx_word' id='word_1_433' title='bbox 1141 4450 1236 4525; x_wconf 61' lang='grc'>0141,</span> <span class='ocrx_word' id='word_1_434' title='bbox 1252 4452 1290 4510; x_wconf 82' lang='lat'>14</span> 
     </span>
    </p>
   </div>
   <div class='ocr_carea' id='block_1_5' title="bbox 0 0 1520 5086">
    <p class='ocr_par' dir='ltr' id='par_1_7' title="bbox 0 0 1520 5086">
     <span class='ocr_line' id='line_1_46' title="bbox 0 0 1520 5086; baseline 0 0"><span class='ocrx_word' id='word_1_435' title='bbox 0 0 1520 5086; x_wconf 95' lang='lat' dir='ltr'> </span> 
     </span>
    </p>
   </div>
  </div>
 </body>
</html>
