3030 5086
269 468 331 534 722
660 488 705 533 nn
728 487 858 534 srursus
881 487 954 534 sou.

270 675 351 738 quae
373 655 468 721 animi
490 654 612 721 affectio
636 675 724 721 suum
742 657 853 737 cuique
870 655 1010 721 tribuens
1028 665 1122 738 atque
1137 656 1227 735 hanc,
1251 674 1354 737 quem

268 759 353 838 dico,
385 758 565 823 societatem
592 758 815 823 coniunctionis
842 758 996 824 humanae
1017 758 1160 824 munifice
1187 766 1219 823 et
1246 776 1358 839 aeque

270 869 363 926 tuens
392 861 509 925 iustitia
536 859 662 938 dicitur,
695 861 744 924 cui
772 868 846 926 sunt
871 861 1036 926 adiunctae
1063 861 1177 943 pietas,
1210 860 1354 935 bonitaS,

267 962 449 1042 liberalitas,
467 962 651 1043 benignitas,
669 962 808 1042 comites,
825 969 967 1044 quaeque
978 971 1051 1027 sunt
1061 963 1184 1046 generis
1195 963 1355 1028 eiusdem.

231 1065 252 1130 b
271 1068 376 1146 Atque
397 1065 474 1129 baec
496 1065 540 1129 ita
562 1064 699 1129 iustitiae
721 1064 852 1144 propria
874 1073 960 1143 sunt,
983 1074 1017 1129 ut
1039 1066 1102 1129 sint
1123 1066 1273 1130 virtutum
1296 1083 1355 1130 re·

266 1169 425 1249 liquarum
448 1167 629 1232 communia.
674 1169 724 1233 66.
747 1167 828 1231 Nam
850 1186 919 1232 curn
942 1167 987 1231 sic
1008 1167 1141 1232 hominis
1159 1177 1274 1233 natura
1291 1186 1353 1248 ge·

271 1276 382 1336 nerata
405 1269 454 1347 sit,
476 1279 512 1333 ut
533 1269 648 1333 habeat
669 1269 817 1349 quiddam
840 1269 1009 1350 ingenitum
1032 1271 1121 1351 quasi
1144 1270 1232 1335 civile
1249 1276 1356 1350 atque

271 1373 433 1455 populare,
445 1372 528 1451 quod
541 1370 653 1436 Graeci
664 1361 812 1430 πολιτικόν
824 1378 944 1447 vocant,
957 1372 1107 1453 quidquid
1120 1380 1192 1454 aget
1202 1389 1353 1452 quaeque

270 1474 386 1551 virtus,
415 1474 448 1539 id
470 1493 491 1537 a
512 1474 785 1538 communitatem
806 1492 857 1551 ea,
880 1492 973 1553 quarn
995 1474 1134 1554 exposui,
1156 1474 1288 1538 caritate
1310 1490 1353 1536 ac

211 1576 252 1639 10
271 1576 420 1641 societate
448 1576 583 1640 humana
612 1594 674 1639 non
702 1575 896 1655 abhorrebit,
926 1575 1121 1658 vicissimque
1148 1576 1280 1653 iustitia,
1313 1581 1356 1638 ut

270 1680 341 1762 ipsa
369 1678 478 1742 fundet
510 1696 544 1741 se
572 1697 632 1742 usu
658 1679 690 1740 in
719 1685 839 1742 ceteras
867 1678 1013 1756 virtutes,
1046 1679 1090 1742 sic
1116 1678 1184 1742 illas
1212 1683 1351 1757 expetet

272 1781 398 1847 Servari
420 1779 501 1844 enim
525 1780 643 1844 iustitia
665 1779 724 1843 nisi
746 1800 767 1844 a
789 1779 861 1844 forti
883 1780 963 1858 viro,
992 1780 1051 1844 nisi
1078 1798 1098 1843 a
1119 1780 1261 1861 sapiente
1283 1796 1352 1842 non

177 1897 181 1902 ’
272 1889 386 1965 potest
422 1882 529 1962 Qualis
546 1888 595 1946 est
610 1882 705 1963 igitur
723 1883 822 1947 omnis
839 1883 923 1960 haec,
947 1901 1041 1963 quam
1058 1881 1135 1960 dico,
1154 1880 1352 1962 conspiratio

340 2058 362 2106 ³,
382 2054 473 2103 bonitas
493 2054 583 2101 omit
621 2055 644 2100 b.
661 2052 748 2115 propia
763 2052 783 2099 Ε
820 2053 991 2111 detaturaC
1029 2056 1050 2100 7.
1070 2051 1189 2116 quoddam
1204 2053 1250 2100 ER
1276 2052 1352 2100 iaaa-

270 2132 318 2172 tum
337 2122 469 2172 LPCROr.
507 2128 529 2170 8.
549 2121 763 2178 animamarum,
783 2120 1024 2184 spatiorolicto,C
1065 2126 1088 2170 a.
1108 2119 1133 2168 iel
1150 2139 1166 2169 a
1183 2121 1352 2169 communitate

272 2207 320 2243 om.
337 2193 358 2239 b
377 2190 483 2240 comitate
501 2192 558 2253 (pro
573 2189 746 2254 communitate)
762 2190 782 2238 (ἶ
818 2198 889 2252 atque
903 2189 960 2256 (pro
978 2190 1018 2255 ac)
1037 2188 1126 2240 Lcor.
1168 2195 1203 2237 11.
1221 2187 1353 2253 refundet

272 2260 406 2310 LPcdtrr.
443 2273 487 2306 usu
505 2272 554 2308 om.
573 2259 594 2306 E
637 2263 671 2305 13.
692 2258 760 2321 igetur
778 2266 812 2305 eat
830 2258 850 2304 L

271 2397 357 2457 Glor.
382 2400 419 2466 V,
445 2399 483 2454 22
513 2397 607 2461 addit,
642 2396 682 2452 ibi
712 2397 850 2453 scribitur
877 2410 956 2453 recte
990 2416 1005 2452 e
1039 2397 1102 2452 cod.
1132 2396 1352 2452 vetustissimo:

270 2487 437 2559 copularint,
461 2488 569 2556 utreque
591 2485 620 2539 at
636 2486 743 2557 factam
766 2484 890 2539 arbitror.
936 2483 1029 2538 Penio
1052 2492 1133 2557 post,
1163 2481 1213 2538 ubi
1235 2485 1352 2538 consitae

270 2570 417 2627 scribitur.
441 2564 492 2637 Εξ,
517 2569 596 2625 Μοη.
621 2571 802 2630 communitae,
826 2568 861 2623 de
884 2586 942 2641 quo
965 2568 1071 2624 mendo
1094 2567 1156 2624 dixi
1179 2568 1216 2623 ad
1235 2567 1278 2637 II,
1297 2568 1350 2623 80.

357 2657 405 2711 66.
436 2654 591 2730 impertitam)
620 2653 669 2711 Sic
698 2654 773 2718 Eri,
803 2653 878 2727 Spir.
902 2652 972 2730 [B],
1001 2673 1058 2727 mg.
1089 2653 1168 2712 Crat.
1192 2653 1291 2724 (Bes,
1323 2652 1350 2708 si

271 2739 348 2798 Gaio
371 2740 450 2796 credi
474 2748 579 2814 potest,
603 2742 782 2811 imperatum),
805 2738 965 2795 deteriores
987 2739 1103 2795 codices
1123 2739 1350 2801 substituerunt,

271 2824 415 2882 editiones
438 2834 592 2881 tenuerunt
617 2823 766 2897 vulgarius
789 2828 916 2879 turianum.
956 2823 1149 2898 Participium
1174 2823 1245 2880 illud
1269 2823 1351 2898 apud

271 2910 443 2970 Ciceronem
461 2910 531 2966 alibi
550 2929 607 2965 non
627 2909 742 2985 legitur,
760 2909 936 2966 indicativus
949 2912 1087 2981 (i'apeumt)
1100 2920 1152 2965 ter.
1187 2910 1352 2965 Praeterea

271 2997 358 3053 etiam
378 2995 455 3070 Spir
472 2990 525 3075 [B]
544 3005 574 3050 et
592 2996 649 3051 duo
668 2995 717 3050 alii
736 2994 814 3058 Gzii,
833 2991 948 3063 ῐιιῐηΕξ
965 2997 1111 3069 quoddam,
1134 3003 1277 3069 perpetua
1295 2993 1351 3049 ilia

271 3082 501 3171 permutatione3
525 3081 583 3137 vid.
603 3081 675 3147 adl,
691 3082 739 3135 38.
774 3081 818 3136 De
842 3100 873 3136 re
886 3080 1063 3138 Aristoteles
1081 3080 1144 3136 Pol
1158 3080 1182 3149 1,
1199 3080 1270 3138 1.:9
1296 3065 1350 3133 cie·

271 3167 396 3242 dummoc
419 3151 505 3238 priam
526 3155 675 3221 motastada
699 3159 782 3231 ζῶον
807 3176 836 3222 et
859 3166 966 3223 similia
989 3185 1076 3240 saepe
1096 3165 1270 3239 etcopiose.
1304 3165 1353 3221 Ac

270 3254 393 3307 societate
415 3250 481 3306 dedi
504 3270 520 3306 e
544 3250 615 3305 meis
638 3250 788 3307 codicibus
811 3249 875 3327 [B].

273 3380 276 3386 t
356 3347 384 3390 ut
407 3338 467 3410 ipsa
482 3337 583 3407 Jirndet
604 3354 633 3392 ee
655 3337 718 3408 rusae)
743 3336 799 3392 Usu
817 3337 918 3392 aberat
938 3336 1025 3391 etiarm
1043 3355 1073 3392 rn
1087 3335 1165 3411 Spir.
1177 3329 1241 3414 [B]
1277 3334 1349 3391 Non

270 3421 364 3477 audeo
383 3432 480 3476 tamen
497 3421 617 3488 tollere,
640 3440 706 3476 nam
726 3439 830 3494 neque,
854 3422 999 3495 quomodo
1016 3421 1084 3477 eddi
1103 3421 1240 3495 potuerit,
1258 3419 1351 3477 video

270 3518 299 3562 et
322 3507 495 3562 sententiam
526 3507 630 3562 bonam
659 3507 756 3562 habet.
801 3506 877 3563 Nam
907 3506 1019 3562 iustitia
1047 3506 1166 3563 notione
1193 3524 1211 3561 a
1239 3505 1350 3562 ceteris

271 3591 429 3647 virtutibus
453 3591 656 3666 distinguitur;
679 3592 729 3647 nbi
752 3592 790 3647 ed
812 3593 956 3667 agendum
980 3601 1097 3648 ventum
1122 3600 1180 3660 est,
1204 3609 1269 3647 cum
1294 3591 1350 3647 ho·

270 3676 361 3733 mines
396 3676 553 3733 virtutibus
587 3686 722 3738 utrrntur,
762 3686 822 3732 tum
857 3677 909 3733 iila
942 3676 971 3732 in
1005 3677 1134 3751 reliques
1173 3695 1203 3732 se
1236 3675 1347 3734 fundit.

270 3761 394 3839 [maram
416 3782 445 3817 se
467 3763 553 3818 etiarn
579 3764 612 3820 B.
660 3763 732 3820 Edd.
758 3761 935 3839 invertunt]

360 3851 455 3914 Quab's
482 3859 521 3903 est
549 3851 629 3918 im‘tur
651 3849 719 3919 cet.)
744 3848 830 3906 Ultra
852 3847 1013 3923 perfectum
1043 3846 1115 3903 haec
1138 3848 1294 3904 trahuntur
1316 3857 1349 3902 et

270 3951 286 3988 a
310 3933 462 4006 proposito
485 3933 616 3989 nonnihil
637 3935 783 3989 aberrent.
819 3935 895 3991 Nem
920 3944 950 3989 et
972 3932 1149 3989 dehoneste
1172 3950 1261 4007 supra
1278 3933 1350 4004 (65)

271 4018 340 4073 Piso
364 4019 479 4074 dixerat
502 4030 530 4074 et
555 4019 631 4074 vitae
654 4030 776 4075 naturae
799 4018 987 4094 congruentis
1004 4019 1085 4075 notio
1105 4037 1207 4094 parurn
1226 4017 1264 4073 ed
1281 4034 1346 4073 rern

269 4103 404 4177 pertinet,
428 4122 482 4159 nec
505 4103 569 4161 illa.
594 4123 668 4177 quiae
691 4105 726 4160 de
749 4106 889 4161 virtutum
915 4104 1092 4179 proprietate
1115 4104 1271 4173 adduntur,
1294 4121 1348 4158 ne-

269 4189 397 4244 cessaria
420 4201 501 4257 sunt;
525 4189 597 4244 ireec
620 4200 716 4245 autem
741 4191 839 4246 omnia
862 4190 1006 4251 efficiunt,
1030 4197 1062 4245 ut
1085 4189 1180 4246 minus
1202 4197 1348 4264 appareat

269 4274 532 4347 argumentationis
551 4276 715 4349 progressio
734 4276 763 4331 in
782 4277 842 4343 ilio,
861 4276 939 4349 quod
957 4275 1088 4349 sequitur
1100 4278 1127 4346 (§
1142 4276 1206 4349 67):
1228 4273 1349 4342 Quaado

269 4361 350 4430 r'pr'tur
378 4365 444 4415 irrest
472 4371 526 4416 cet.
572 4360 796 4435 Coniunguntur
825 4361 901 4417 enim
930 4361 1003 4417 haec
1031 4379 1095 4417 cum
1124 4361 1175 4421 iis,
1203 4376 1279 4435 quae
1308 4359 1347 4415 de

268 4444 409 4501 societate
431 4446 548 4521 generis
570 4446 689 4502 humani
712 4446 890 4504 dictasunt.
