3030 5086
218 479 281 545 806
346 552 349 559 ,
635 496 808 546 excunsus
830 497 874 548 111.

218 669 370 731 contrarii.
399 668 450 726 sed
477 669 578 727 eadem
606 669 753 727 sententia
779 670 974 727 continuetur.
1019 669 1058 727 Et
1085 669 1231 728 omittitur
1256 670 1289 728 in

219 755 319 812 codice
342 755 477 812 Modiceo
500 772 518 811 a
540 754 635 829 prima
658 772 754 814 manu.

303 841 357 898 IV.
380 839 474 899 Acad.
496 840 521 909 l,
545 840 578 896 7:
606 839 686 908 Quod
706 840 801 897 benum
823 842 904 914 quale
924 843 968 910 sit,
991 850 1069 913 tropat
1091 844 1193 897 omnino
1215 841 1287 916 lapt-

217 944 299 984 carus
321 928 377 982 aaa
393 925 571 999 voluptatibus
589 944 695 983 remum
711 925 872 983 nubentibus
891 945 937 982 nec
953 928 1096 1001 amicari.
1132 925 1190 983 Hic
1206 925 1290 983 locus

218 1011 248 1068 in
266 1029 329 1067 eam
347 1009 451 1067 incidit
466 1008 602 1080 formam,
625 1030 712 1086 quam
730 1010 767 1067 ed
781 1011 822 1079 ΙΙ,
836 1011 875 1067 25
894 1011 998 1086 negavi
1016 1011 1095 1086 apud
1112 1028 1290 1086 quemquam

218 1096 337 1154 omniuo
360 1095 533 1171 scriptorem
556 1096 693 1171 reperiri,
715 1105 748 1153 ut
769 1116 816 1154 trec
838 1114 896 1153 non
918 1096 1012 1153 solum
1035 1115 1089 1172 pro
1111 1116 1144 1153 ne
1168 1128 1203 1140 -
1229 1098 1290 1171 qui·

218 1183 278 1240 dem
300 1190 440 1257 ponatur,
469 1181 520 1238 sed
547 1181 632 1238 alteri
654 1181 803 1258 negationi
827 1181 1028 1238 vehementius
1051 1181 1176 1258 negandi
1199 1199 1291 1239 causa

217 1267 446 1343 superaddatur;
473 1277 618 1343 repugnat
644 1267 721 1323 enim
751 1267 807 1324 hoc
834 1266 953 1323 omniuo
980 1276 1103 1323 naturae
1125 1266 1290 1343 particulae
1316 1308 1319 1313 ·

217 1371 272 1420 nac,
296 1370 371 1426 quae
388 1370 452 1409 eam
470 1350 671 1426 insigniendae
689 1352 731 1409 rei
749 1361 779 1410 et
795 1351 943 1409 acuendae
960 1351 1103 1409 orationis
1121 1352 1190 1419 vim,
1213 1370 1290 1426 quae

217 1437 248 1495 in
270 1439 377 1512 quidem
400 1436 485 1506 inest,
508 1437 572 1513 ipsa
589 1455 647 1495 non
664 1437 803 1494 continet.
837 1437 918 1494 Idem
936 1437 966 1493 iu
983 1437 1040 1494 hoc
1057 1436 1121 1494 loc'o
1137 1436 1290 1506 accidisse,

217 1521 347 1597 quadiu
371 1522 604 1580 Tusculanarum
628 1522 742 1579 duobus
770 1521 842 1580 locis
870 1522 899 1578 in
923 1521 1117 1580 deterioribus
1139 1522 1291 1580 codicibus

218 1607 360 1666 accidisse
387 1607 527 1677 vidimus,
560 1607 769 1668 animadvertit
795 1607 968 1675 Durandus,
1003 1608 1188 1683 ostenditque
1223 1625 1290 1665 cum

218 1693 347 1751 eiusdem
376 1693 539 1750 sententiae
566 1692 704 1768 repetitio
726 1693 758 1751 11
780 1693 817 1749 de
839 1693 903 1749 Fiu.
929 1692 968 1749 30
992 1695 1077 1766 (repet
1104 1713 1132 1750 se
1155 1712 1291 1769 poeseos

217 1781 353 1855 saepiam
373 1780 501 1854 quidem),
524 1788 585 1835 tum
608 1787 767 1854 perpetuus
790 1777 942 1837 Ciceronis
965 1796 1035 1835 usus
1057 1780 1156 1851 (Verr.
1174 1779 1200 1848 Ι,
1216 1779 1290 1835 lob:

218 1884 270 1922 uon
291 1868 359 1921 euim
378 1865 602 1938 praetercundum
623 1874 662 1921 est
684 1883 716 1920 ne
732 1865 762 1920 id
778 1865 899 1938 quidem
922 1863 981 1920 ibd.
996 1865 1035 1929 ll,
1052 1867 1121 1930 141,
1141 1864 1198 1931 111,
1211 1863 1290 1931 2103

217 1950 306 2008 Tusc.
329 1949 354 2018 Ι,
378 1949 493 2017 53,11,
517 1950 566 2017 56,
590 1950 644 2015 1v.
668 1950 719 2015 49,
742 1949 779 2006 ed
801 1947 837 2022 Q.
862 1949 910 2005 Fr.
934 1949 974 2017 II,
998 1950 1025 2012 5,
1050 1950 1079 2013 2,
1102 1950 1162 2020 al).
1208 1948 1290 2006 Idem

218 2034 371 2103 mendum,
400 2034 478 2109 quod
507 2034 554 2091 bic
577 2053 643 2091 eum
666 2034 811 2103 codicem,
840 2053 878 2091 ex
906 2053 964 2108 quo
993 2034 1086 2092 nostri
1108 2034 1188 2093 ducti
1211 2043 1290 2105 suut,

217 2120 380 2189 insederat,
404 2120 433 2176 iu
457 2119 540 2178 Orat.
565 2119 798 2197 trinepotis
821 2138 911 2176 unum
934 2119 1064 2194 alioquin
1088 2120 1195 2177 bouum
1219 2119 1291 2177 Ein-

219 2205 408 2274 sicdlensem,
439 2205 488 2279 qui
512 2205 614 2262 habet:
643 2222 689 2262 nec
710 2224 780 2263 nunc
807 2207 906 2273 solum,
934 2205 1023 2262 ceteri
1047 2215 1140 2262 recte:
1168 2224 1200 2262 ne
1221 2223 1291 2262 nano

218 2292 326 2366 quidem
347 2293 440 2347 solum.

304 2377 342 2433 V.
376 2374 459 2449 Quae
488 2374 524 2432 de
552 2375 666 2433 duobus
694 2375 929 2433 Tusculanarum
959 2375 1032 2433 locis
1059 2375 1223 2451 disputavi,
1256 2393 1292 2432 ea

219 2460 340 2519 mirifice
363 2461 571 2518 confirmantur
592 2461 622 2518 in
645 2469 718 2518 orat.
741 2460 775 2523 ll
795 2460 825 2517 in
848 2459 913 2519 Cat.
937 2460 965 2518 8.
1009 2461 1086 2518 Nam
1109 2460 1150 2518 ibi
1173 2479 1291 2535 quoque

219 2546 331 2604 editur:
355 2545 438 2603 Nono
460 2565 512 2603 aon
532 2548 610 2603 modo
628 2547 738 2613 Borrae,
761 2547 811 2603 sed
831 2565 878 2604 acc
900 2547 953 2603 ullo
974 2548 1001 2603 in
1020 2549 1118 2620 auqulo
1137 2550 1216 2603 totius
1234 2548 1292 2603 Ito·

218 2634 270 2690 liae
291 2651 436 2707 oppressus
456 2650 519 2689 acre
539 2633 624 2689 alieno
639 2634 697 2706 fuit
718 2641 788 2700 cet,
818 2641 847 2688 et
874 2631 903 2689 in
927 2631 996 2701 hac,
1026 2631 1062 2689 de
1086 2650 1144 2706 qua
1166 2632 1290 2708 agimus,

219 2735 309 2776 causa
335 2716 532 2774 testimonium
563 2715 630 2774 inde
653 2715 762 2792 petitur
784 2717 878 2789 (velut
900 2735 917 2772 a
941 2718 1135 2775 Ramshornio
1158 2736 1185 2793 p.
1205 2718 1288 2791 822).

220 2805 329 2861 Verum
359 2801 475 2860 codices
502 2820 603 2859 omnes
632 2800 754 2861 Gruteri
782 2812 812 2859 et
834 2801 1020 2861 Oxonienses
1047 2813 1091 2870 et,
1120 2801 1170 2876 qui
1198 2821 1292 2878 nuper

219 2889 257 2945 ab
280 2887 393 2946 Orellio
421 2887 546 2945 collatus
574 2897 631 2958 est,
661 2887 852 2963 perantiquus
875 2887 1105 2964 Tegernseeusis
1127 2885 1172 2965 [et
1201 2887 1291 2945 ceteri

220 2971 346 3051 Halmii]
363 2973 473 3030 habent
489 2975 538 3031 red
558 2993 591 3030 ne
611 2974 674 3030 ullo.
708 2971 901 3032 scribendum
923 2983 968 3030 est
989 2972 1080 3050 igitur
1101 2991 1166 3030 cum
1189 2972 1290 3030 codice

218 3058 438 3135 Rbeuaugiensi
461 3059 530 3116 item
553 3058 674 3132 antiquo
697 3069 726 3115 et
749 3058 840 3128 bono,
869 3076 955 3131 quem
978 3058 1055 3116 idem
1078 3059 1215 3116 contulit:
1243 3059 1292 3116 red

219 3163 253 3202 aa
274 3146 328 3201 allo
349 3145 457 3218 quidem
479 3148 506 3202 in
528 3146 626 3217 arpalo
648 3146 727 3200 tobias
750 3144 854 3200 [mbae.

306 3230 359 3287 VI.
382 3228 432 3286 Ad
455 3229 547 3286 Attic.
569 3230 595 3298 1,
608 3229 638 3298 3,
652 3229 685 3285 3:
708 3229 741 3285 In
763 3247 791 3285 sc
812 3238 937 3303 rapertus
959 3238 1007 3295 cst,
1030 3231 1107 3286 illuni
1127 3231 1291 3286 arseminae

219 3315 394 3384 sacrabitur,
422 3333 507 3372 meam
527 3316 652 3391 'stadium
674 3333 721 3371 nec
742 3313 790 3371 tibi
810 3315 935 3388 deficare.
980 3313 1076 3371 Valde
1100 3313 1292 3388 probabiliter

220 3408 342 3476 propter
362 3399 457 3476 ipsam
475 3400 650 3457 senteutiam
663 3398 825 3458 Graevius:
848 3417 903 3456 nec*
916 3399 964 3456 tibi
977 3418 1024 3456 nec
1040 3400 1099 3458 sibi.
1135 3398 1293 3458 Sallustius

219 3503 297 3543 nunc
325 3502 464 3560 praesens
493 3485 702 3562 perspiciebat,
730 3502 825 3559 neque
847 3484 918 3553 sibi,
946 3485 1014 3541 dum
1038 3485 1168 3553 abesset,
1197 3502 1293 3559 neque

219 3571 322 3629 Attico
345 3568 497 3629 Ciceronis
525 3571 652 3628 studium
681 3568 819 3628 defuisse.
864 3570 1031 3639 Librarius,
1062 3581 1095 3627 ut
1121 3588 1224 3645 saepe,
1255 3570 1293 3627 ab

219 3656 314 3714 altero
336 3675 382 3712 nec
404 3654 441 3712 ad
464 3655 588 3713 alterum
612 3654 769 3713 aberravit.

306 3742 377 3800 VII.
400 3741 504 3816 Topic.
518 3742 571 3799 23:
596 3752 632 3809 ut,
655 3744 722 3799 siin
739 3740 803 3797 urbe
812 3741 883 3813 fines
901 3759 951 3796 non
967 3751 1097 3813 repertur
1114 3740 1168 3813 (sic
1186 3739 1293 3813 codd),

220 3845 268 3885 aec
289 3846 363 3901 aquo
385 3829 412 3883 in
435 3827 499 3883 urbe
520 3837 655 3884 arceatur.
702 3826 759 3884 Hic
788 3825 870 3882 locus
900 3823 962 3883 fere
990 3826 1071 3883 eolus
1099 3825 1173 3883 nihil
1196 3825 1293 3895 babet,

220 3911 251 3968 in
279 3930 337 3986 quo
360 3920 513 3987 praeterea
535 3910 706 3981 offendaris,
734 3920 768 3969 ut
795 3920 915 3986 propter
944 3911 1018 3969 banc
1041 3930 1143 3979 unam,
1171 3929 1230 3986 qua
1257 3910 1294 3968 de

220 3996 344 4073 agimus,
368 4015 485 4054 causam
505 3996 713 4074 suspicandum
731 3997 779 4067 sit,
802 4015 868 4054 eum
887 3996 989 4054 eodem
1007 3997 1102 4064 modo,
1126 4015 1184 4070 quo
1197 3995 1292 4055 Acad.

221 4082 245 4144 Ι,
264 4083 292 4150 7,
317 4082 485 4140 mendosum
509 4101 583 4152 esse,
607 4094 637 4140 et
658 4101 712 4158 pro
734 4102 766 4139 nc
789 4102 864 4157 aqua
886 4084 1001 4156 quidone,
1024 4100 1089 4139 cum
1113 4084 1220 4157 qaudam
1242 4100 1294 4139 cx·

221 4166 342 4225 cidisset
363 4176 429 4243 post
451 4187 534 4242 aqua,
558 4169 698 4244 scriptum
722 4186 786 4225 esse
809 4187 855 4225 nec
876 4187 960 4242 aqua.

307 4251 409 4331 [VIII.
445 4253 571 4311 Accedit
597 4262 695 4323 tamen
724 4254 799 4310 alter
832 4253 961 4310 eiusdem
995 4254 1112 4329 generis
1145 4253 1227 4310 locus
1255 4252 1293 4309 ad

221 4334 304 4394 Fam.
327 4338 390 4406 IX,
417 4340 464 4405 15,
490 4340 523 4395 3:
545 4359 629 4414 neque
650 4339 705 4411 (sic
728 4338 805 4395 enim
829 4338 893 4396 cod.
918 4338 1011 4406 Med,
1035 4357 1091 4395 non
1114 4357 1175 4408 nec,
1199 4338 1293 4413 suspi-

221 4421 312 4497 ciose)
335 4443 381 4498 epo
402 4426 481 4480 aliter
501 4428 605 4500 accepi,
629 4423 680 4481 ubi
704 4424 932 4500 Wesenbergius
949 4444 987 4481 >na
1007 4443 1054 4498 eqo
1075 4425 1183 4498 quidem
1205 4422 1295 4480 scribi
