3030 5086
450 499 493 544 ur
517 498 599 544 uun.
622 498 685 543 nm.
708 499 738 544 v.
762 497 835 544 cnr.
855 501 877 546 s.
898 498 961 558 iss.)
1179 477 1238 542 651

166 676 309 744 tremum,
332 684 367 730 se
389 674 424 730 ut
446 665 603 730 custodiet
624 684 718 746 quem
740 665 771 729 in
795 665 913 747 optimo
936 665 984 729 sni
1001 661 1125 744 generis
1143 670 1242 740 stetu3

167 779 201 832 ut
223 786 350 833 necesse
367 767 416 845 sit,
439 766 575 831 omnium
593 785 706 844 rerunt,
729 785 810 847 quse
826 775 941 831 nature
957 766 1090 844 vigeant,
1113 763 1243 829 similem

167 888 238 934 esse
259 867 362 946 finem,
386 887 447 932 nun
469 869 611 932 eundem.
643 868 690 931 Ex
713 868 933 949 quaintellegi
956 867 1057 944 debet,
1080 865 1196 930 homini
1212 865 1243 930 id

168 990 237 1037 esse
259 971 291 1034 in
313 969 404 1034 bonis
427 970 578 1047 ultimum,
601 970 771 1033 secundnm
793 978 938 1033 naturum
961 969 1075 1045 vivere,
1097 968 1181 1053 quud
1198 968 1244 1030 its

167 1074 424 1153 interpretemur,
452 1072 557 1135 vivere
584 1089 622 1134 ex
650 1070 785 1135 hominis
808 1080 921 1134 natura
943 1069 1082 1150 undique
1103 1067 1283 1150 periecteb

242 1299 260 1341 t.
280 1292 304 1339 in
322 1309 393 1355 quom
412 1290 455 1342 Or.
503 1296 524 1340 2.
545 1298 633 1340 naimo
651 1289 685 1340 αἶ’
703 1289 794 1356 inperat
811 1291 905 1356 rr'qeom
924 1291 945 1338 lt]
989 1296 1012 1340 8.
1032 1299 1054 1340 et
1072 1292 1129 1356 (pro
1147 1295 1203 1346 uon)
1221 1289 1244 1338 E

169 1366 191 1408 b.
211 1359 430 1424 interpretamurC
465 1358 567 1422 undique
586 1375 634 1410 om.
655 1359 675 1407 1.

253 1569 336 1624 quam
346 1555 374 1608 ia
385 1553 494 1626 optino)
502 1547 605 1617 Gzins,
618 1549 740 1616 nullum,
753 1549 848 1618 nteit,
860 1567 978 1606 sensum
990 1549 1020 1605 in
1033 1549 1087 1606 hec
1099 1548 1246 1622 scripture

169 1636 283 1703 videns,
306 1635 438 1711 scripsit:
460 1638 488 1691 in
510 1654 593 1708 quam
614 1637 725 1708 optima,
739 1630 782 1690 'ut
804 1645 891 1691 entes
913 1636 1037 1691 Ascens.
1061 1642 1090 1689 et
1112 1634 1193 1690 Men.
1216 1640 1246 1688 et

169 1720 272 1778 Lemb.
296 1719 435 1782 fecerunt.
459 1737 517 1775 non
540 1718 584 1776 illi
607 1718 643 1775 de
665 1719 811 1777 sententie
835 1719 1012 1788 dubitantes,
1036 1718 1086 1776 sed
1110 1736 1146 1774 sn
1169 1719 1247 1774 inter

168 1817 224 1862 tam
235 1805 282 1861 vel
295 1825 377 1878 qaam
388 1816 417 1861 et
428 1804 617 1871 adiectivum,
629 1804 676 1860 cui
689 1804 834 1879 particule
845 1804 984 1861 adiuncta
995 1813 1083 1872 esset,
1096 1821 1153 1860 non
1166 1811 1245 1858 recte

169 1890 349 1966 praepositio
368 1890 613 1964 interponeretur.
648 1889 714 1946 Non
727 1888 898 1946 dubitarent
908 1890 964 1959 IV,
981 1889 1033 1946 13:
1049 1908 1132 1962 quam
1148 1889 1248 1944 miritae

169 1994 303 2050 quamque
325 1976 358 2031 de
380 1978 463 2030 variis
485 1975 579 2043 rebus,
607 1974 637 2030 id
660 1983 719 2030 est:
747 1993 883 2049 quomque
904 1978 988 2032 varies
1016 1977 1050 2032 de
1071 1974 1163 2039 rehum
1193 1989 1246 2028 nec

169 2059 324 2117 debebunt.
348 2059 424 2116 Nem
448 2059 550 2116 eodem
575 2059 661 2116 modo
685 2058 789 2118 Cicero
811 2060 930 2134 scripsit
952 2061 1038 2116 Verr.
1056 2060 1110 2123 IV,
1125 2059 1179 2114 96:
1202 2076 1246 2113 ue·

169 2164 308 2220 quaquam
329 2164 362 2200 eu
384 2154 439 2200 urm
455 2147 547 2220 ampla
564 2163 648 2219 neque
664 2154 720 2201 tam
736 2164 769 2202 ea
785 2146 867 2202 nobili
881 2148 996 2213 civitate,
1019 2144 1069 2202 ubi
1088 2144 1145 2200 duo
1163 2141 1247 2199 codd.

169 2244 199 2287 et
210 2230 314 2288 Lumb.
333 2240 437 2286 contre
453 2229 736 2305 praestantissimos:
759 2250 793 2287 ea
815 2241 869 2286 tam
891 2231 980 2298 nomi,
1003 2240 1033 2286 et
1045 2231 1082 2295 V,
1099 2229 1168 2286 itt:
1192 2238 1246 2283 tam

168 2319 195 2373 in
214 2317 312 2390 paucis
334 2316 414 2384 uitiis,
437 2324 467 2370 et
488 2315 526 2371 nd
546 2315 638 2372 Attic.
651 2315 709 2382 111,
726 2317 773 2383 10,
787 2316 820 2371 2:
843 2326 898 2371 tam
920 2335 953 2371 er
975 2317 1065 2391 amplo
1086 2325 1168 2380 statu,
1192 2322 1247 2369 tam

168 2405 194 2457 in
212 2401 280 2456 bona
297 2418 395 2468 causa3
418 2399 488 2456 item
506 2419 561 2475 pro
573 2399 655 2458 Cael.
673 2401 725 2457 12:
746 2411 801 2457 tam
818 2419 853 2457 er
868 2403 1011 2457 contrariis
1028 2402 1194 2472 diversisque
1206 2429 1245 2440 -

169 2487 266 2542 studiis
288 2486 533 2560 cupiditatibusque
554 2488 711 2560 conflatum,
735 2485 829 2543 Aeud.
851 2486 893 2555 II,
914 2487 970 2543 83:
993 2487 1092 2553 videte,
1115 2503 1198 2559 quam
1220 2487 1247 2538 in

165 2589 253 2646 paruo
281 2572 314 2626 lis
341 2573 384 2626 sit.
429 2571 530 2644 Atque
553 2571 641 2627 etiem
665 2571 726 2628 ibd.
750 2575 765 2640 ξ
790 2570 844 2634 68,
873 2571 923 2628 ubi
952 2570 1037 2628 codd.
1065 2570 1189 2627 hubent:
1219 2576 1249 2623 ut

170 2666 257 2712 tamen
279 2658 306 2711 iu
324 2657 499 2730 praecipitem
517 2658 601 2712 lacum
620 2675 670 2728 uon
688 2657 781 2714 debeat
798 2675 827 2713 se
843 2660 951 2731 sopiens
967 2659 1135 2714 committere.
1159 2651 1248 2710 scribi

169 2740 285 2796 debuit:
309 2751 337 2795 nt
359 2750 414 2796 tam
436 2744 464 2796 iu
482 2744 664 2815 praecipitem,
689 2760 762 2798 non:
784 2751 814 2797 nt
835 2751 889 2797 tam
910 2744 1084 2816 praecipitem
1105 2743 1131 2795 in
1154 2741 1247 2794 locum

170 2822 252 2905 [Phil
288 2825 420 2895 II,104:
442 2844 525 2899 quam
547 2826 582 2882 ab
604 2827 714 2900 dispari
734 2827 902 2895 terrebantur3
926 2825 985 2886 Off.
999 2826 1039 2888 11.
1054 2825 1103 2885 67.
1127 2823 1249 2883 R.P.1.

172 2913 227 2979 263
250 2911 337 2968 Verr.
357 2910 381 2980 I,
394 2911 449 2966 41:
472 2912 555 2967 mrdto
575 2930 609 2967 ea
630 2915 751 2967 macima
769 2920 864 2986 parte:
886 2905 1028 2988 11,109.]
1073 2908 1172 2966 Aliter
1195 2917 1250 2962 tam

171 2996 209 3051 nb
232 2994 379 3051 ndiectivo
402 3006 556 3070 separetur
580 2995 662 3052 Brut.
686 2997 742 3053 40:
772 3006 826 3052 tam
854 2998 923 3053 idem
951 3006 1062 3053 ornatus
1089 2997 1116 3051 in
1139 2993 1251 3049 dicendo

171 3089 226 3136 cet.
270 3079 335 3136 Nec
362 3079 443 3136 solus
465 3078 570 3138 Cicero
592 3081 634 3137 ite
656 3081 797 3155 loquitur,
820 3081 871 3138 sed
894 3082 1052 3138 Terentius
1075 3079 1134 3136 Ad.
1158 3078 1199 3146 11,
1220 3079 1250 3145 t,

176 3167 228 3222 10:
257 3166 323 3221 Tam
348 3165 380 3220 od
397 3168 541 3239 parvolam
563 3185 619 3221 rem
637 3185 725 3241 paene
746 3168 889 3242 epatrial
907 3163 951 3246 [et
969 3165 1071 3224 Livius
1084 3164 1154 3232 vlt
1169 3164 1196 3231 2,
1213 3161 1250 3218 13

171 3251 314 3318 stete,
339 3250 587 3319 xxt11,34,11
613 3268 744 3325 quosque
767 3261 920 3326 praeterea
943 3251 1029 3328 posui
1051 3250 1133 3306 locos
1155 3248 1251 3305 Emm.

173 3337 258 3393 Livv
281 3355 309 3410 p.
331 3338 390 3392 411
416 3345 488 3404 not,
511 3345 541 3392 et
563 3335 684 3395 Curtius
706 3337 761 3406 tv,
786 3337 825 3393 35
835 3337 895 3436 (39
915 3337 955 3409 2).
1007 3335 1141 3395 Graecos
1163 3349 1251 3407 saepe

172 3422 283 3478 dicere:
307 3411 346 3484 ὡς
368 3410 444 3492 μετὰ
466 3414 604 3494 πλείστης
621 3409 797 3496 συγγνώμης,
820 3411 861 3486 ὠς
880 3414 909 3476 e’r
905 3412 1049 3517 ἀρίστῳ,
1072 3428 1173 3477 notum
1192 3426 1251 3482 est:

172 3505 231 3562 vid
246 3504 352 3562 Mettlr
367 3506 421 3561 Gr.
433 3504 488 3562 Gr.
500 3506 627 3573 §4610
660 3505 757 3562 Etiam
777 3491 932 3578 reddunda
947 3500 1048 3575 πολλῷ
1064 3491 1159 3579 φόβῳ,
1182 3501 1250 3560 elie.

172 3591 276 3647 Livius
298 3590 387 3645 etium
411 3594 534 3664 quamuis
555 3593 582 3647 iu
601 3594 763 3666 praecipitia
784 3593 896 3647 cornib'a
917 3588 994 3646 dixit
1016 3589 1057 3659 ΙΙ,
1076 3589 1126 3648 51.
1145 3589 1174 3654 7,
1199 3604 1252 3662 pro

172 3695 217 3745 eo,
241 3675 319 3749 quod
342 3684 401 3731 est.
424 3681 451 3732 in
474 3678 596 3750 quamvis
610 3679 780 3750 praecipitia.
816 3675 943 3733 MoxB:
965 3684 1066 3731 natura
1083 3674 1120 3730 αι’
1139 3678 1251 3747 inperat,

173 3780 230 3817 om.
253 3768 369 3833 viqcaut.

259 3846 333 3920 quod
353 3756 391 3902 td
413 3847 628 3921 interpretmmr)
651 3843 781 3901 Primum
805 3854 836 3901 et
858 3844 1060 3902 brevissimum
1083 3842 1251 3907 formulam,

173 3950 232 4005 quc
245 3931 367 3988 Polemo
391 3949 460 3988 usus
483 3931 590 3987 dicitur
612 3931 679 4002 (IV,
696 3931 747 4003 14)
763 3939 794 3986 et
815 3947 903 4003 quem
922 3928 1015 3988 Stoici
1038 3929 1199 3985 retinentes
1221 3927 1252 3983 in

174 4035 261 4073 unum
280 4016 408 4090 uliquern
427 4027 540 4090 partem
553 4015 743 4081 inclinabunt,
762 4014 841 4079 Piso,
859 4015 960 4080 idest,
978 4013 1146 4071 Antiochus
1163 4012 1254 4068 inter·

173 4102 317 4177 pretende
340 4100 376 4157 ed
395 4101 661 4176 Peripateticorum
684 4100 770 4157 tinem
791 4100 911 4175 propius
929 4098 1141 4156 accommodet.
1174 4096 1251 4154 Nem

174 4187 203 4242 in
223 4185 354 4260 perfecta
371 4196 477 4243 nature
493 4195 523 4241 et
541 4185 614 4242 nibil
631 4185 800 4259 requirente
817 4193 848 4240 et
858 4184 953 4241 virtus
964 4184 1051 4254 inest,
1069 4201 1145 4257 quse
1163 4181 1253 4238 enimi

174 4285 203 4327 et
225 4271 349 4327 rationis
372 4270 519 4327 absolutio
542 4269 743 4344 perfectioque
760 4268 907 4337 definitur,
929 4278 960 4326 et
982 4287 1093 4343 eornm,
1116 4286 1192 4342 quse
1209 4285 1254 4323 se·

174 4355 302 4412 cundum
326 4365 460 4412 neturem
484 4364 560 4425 sunt,
585 4373 654 4412 usus
677 4373 735 4412 non
753 4354 922 4430 impeditus,
945 4353 1053 4428 quibus
1071 4353 1186 4411 duobus
1203 4351 1254 4408 ille

175 4441 242 4498 finis
264 4441 408 4516 expletur.
443 4440 544 4498 Verba
566 4450 665 4497 sutem
683 4440 749 4515 ipse
766 4439 854 4497 ductu
872 4449 939 4497 sunt
961 4458 980 4496 e
998 4432 1053 4514 βίῳ
1069 4431 1180 4509 τελείῳ,
1203 4436 1255 4511 qui
