3030 5086
225 466 288 530 tub
597 486 659 530 ,na
682 486 813 532 rimans
836 484 907 530 aon.

226 652 308 716 docti
336 661 368 720 et
395 651 524 729 indocti3
553 654 609 718 sed
636 672 705 718 cum
728 653 903 718 constiterit
929 653 1011 717 inter
1038 653 1161 730 doctos,
1190 648 1317 732 quanti

298 810 316 857 1,
335 803 416 852 doctos
436 812 458 852 et
476 801 582 854 irtdoctoe
601 805 733 855 arcum.

224 944 286 983 cem
311 924 502 983 Cuiacianum
527 936 556 982 et
573 928 762 985 Huraltinum
786 945 925 1001 sequens;
948 927 1061 983 accedit
1081 928 1145 984 Pal.
1160 930 1188 995 6,
1215 945 1310 1001 quem

224 1028 288 1066 cum
318 1010 437 1084 optimis
465 1014 680 1086 conspirantem
710 1012 867 1069 habuimus
896 1016 910 1081 ξ
935 1012 975 1069 58
998 1014 1119 1083 (seierum
1142 1016 1228 1085 tam).
1255 1012 1311 1073 69,

225 1096 265 1151 80
283 1096 344 1167 (bec
361 1098 451 1167 idem),
471 1097 510 1152 87
528 1088 719 1173 (ἀθαμβιάν),
739 1099 778 1154 88
796 1099 979 1169 (dubitatum).
1003 1110 1046 1165 et,
1068 1116 1103 1153 ne
1122 1098 1158 1153 de
1177 1096 1310 1153 meliore

222 1179 335 1237 familia
347 1181 472 1247 dubites,
490 1181 550 1236 Erl.
565 1181 609 1259 [et
622 1181 675 1259 B];
693 1201 760 1239 nam
773 1181 876 1249 Gaius,
894 1182 939 1239 sui
955 1182 991 1238 ad
1005 1192 1169 1239 extremum
1181 1182 1307 1247 similis,

223 1284 260 1320 ne
284 1266 330 1321 hic
352 1266 469 1340 quidem
493 1266 607 1322 summa
629 1267 773 1324 editorum
798 1267 981 1324 dubitatione
1000 1267 1167 1324 admonitus
1190 1276 1247 1327 est,
1272 1277 1309 1323 ut

224 1369 289 1407 eum
314 1361 343 1407 et
366 1351 443 1425 Spir.
466 1352 624 1426 inspiceret
646 1364 676 1408 et
698 1364 949 1409 commemoraret.
994 1351 1161 1421 Sententia,
1192 1351 1223 1407 in
1257 1352 1308 1407 hie

224 1437 321 1494 verbis
339 1436 535 1512 apertissime,
554 1437 595 1492 sic
613 1438 760 1512 procedit:
784 1437 853 1493 Piso
871 1455 936 1493 cum
954 1437 1155 1512 indignatione
1173 1435 1308 1493 interro·

223 1533 287 1598 gat:
315 1525 403 1578 Aliter
426 1555 464 1564 -
486 1533 568 1596 putus
596 1531 734 1598 oporteret
760 1540 871 1598 negans
894 1522 953 1578 tale
976 1522 1118 1578 sermonis
1141 1520 1303 1579 discidium

223 1620 252 1664 et
280 1606 422 1664 eiusmodi
451 1607 599 1663 nominum
624 1608 798 1682 praestigias
820 1606 957 1663 ferendas
980 1624 1052 1662 esse.
1098 1608 1144 1663 De
1166 1607 1305 1682 ipsarum

224 1711 319 1748 rerum
345 1692 439 1766 pretio
463 1692 504 1747 ait
526 1692 602 1747 inter
625 1692 727 1748 doctos
750 1692 966 1766 (philosophos)
983 1702 1012 1747 et
1030 1692 1162 1748 indoctos
1185 1691 1305 1747 dissen-

223 1778 334 1834 sionem
359 1795 434 1846 esse,
458 1795 522 1832 curn
545 1777 723 1852 philosophi,
747 1777 817 1850 quid
841 1778 958 1846 bonum,
981 1776 1050 1850 quid
1071 1777 1178 1833 malum
1198 1776 1247 1843 sit,
1273 1786 1306 1832 et

224 1872 364 1936 quantum
383 1863 519 1935 quodque
536 1862 574 1918 ait
592 1863 700 1918 bonum
719 1863 875 1930 rualumve,
899 1873 1073 1935 quaerentes
1091 1861 1192 1936 populi
1210 1861 1304 1917 aesti-

223 1947 380 2003 mationem
399 1948 482 2020 sequi
501 1959 656 2020 nequeant.
700 1947 816 2004 Deinde
839 1947 875 2002 ad
899 1947 1017 2002 nomina
1039 1946 1109 2003 Piso
1132 1946 1302 2003 orationem

222 2032 375 2088 reflectens
397 2031 550 2088 additurus
573 2044 650 2087 erat:
681 2032 759 2100 „Sed
787 2051 851 2092 cum
881 2031 958 2087 inter
981 2024 1170 2106 philosophos
1194 2031 1239 2091 id.
1270 2030 1303 2087 in

223 2135 281 2191 quo
304 2117 341 2172 ab
365 2116 490 2173 indoctis
513 2116 699 2181 dissentiunt,
724 2117 914 2174 constit-utum
939 2117 1003 2185 erit,
1026 2128 1166 2190 quantum
1191 2116 1304 2189 cuique

223 2201 409 2258 tribuendum
433 2202 480 2269 sit,
504 2202 610 2257 usitate
633 2201 713 2275 loqui
737 2202 894 2265 debebunt,
919 2213 950 2257 ut
972 2220 1016 2263 ee,
1040 2201 1147 2274 quibus
1169 2201 1302 2276 pretium

222 2286 341 2360 aliquod
365 2286 512 2353 tribuant,
537 2287 613 2343 bona
635 2286 800 2360 appellent,
825 2296 857 2342 ut
879 2286 984 2347 ceteri,
1008 2305 1065 2342 non
1089 2285 1227 2361 eligenda
1248 2297 1304 2342 arat

221 2372 419 2446 praeposita.“
467 2372 526 2428 Sed
549 2371 636 2427 simul
659 2371 768 2428 mentio
791 2372 833 2427 rei
856 2371 948 2444 ipsius
972 2371 1107 2427 definitae
1137 2382 1166 2426 et
1189 2369 1302 2427 conati·

223 2467 302 2512 tutae
325 2456 413 2511 aliam
436 2455 643 2531 cogitationem
668 2456 829 2523 obiciebat3
860 2456 935 2512 hanc
964 2466 1065 2511 tenena
1094 2455 1189 2511 tunm
1214 2455 1300 2511 ilium

221 2535 381 2605 nominum,
405 2558 490 2613 quem
515 2541 655 2597 hactenus
678 2540 875 2615 reprehendit,
898 2559 963 2597 cum
983 2550 1151 2614 contemptu
1168 2540 1301 2613 quodam

222 2626 331 2684 Stoicis
349 2625 501 2699 permittit,
526 2637 557 2681 ut
574 2626 604 2681 in
622 2644 657 2682 eo
674 2644 705 2682 se
724 2626 881 2687 oblectent,
904 2626 971 2681 dum
990 2643 1037 2681 res
1055 2641 1189 2680 maneant
1211 2624 1301 2681 nihil·

221 2729 278 2785 que
302 2711 443 2766 interesse
465 2710 662 2785 intellegatur.
704 2711 786 2767 Haec
808 2711 954 2767 sententia
977 2711 1128 2784 proximae
1152 2708 1301 2785 superiori

221 2796 412 2852 correctionis
435 2795 499 2851 loco
522 2795 642 2870 adiungi
666 2807 790 2869 poterat,
814 2807 845 2851 ut
869 2795 964 2851 oratio
982 2795 1023 2850 sic
1043 2795 1226 2851 decurreret:
1249 2796 1303 2851 sed

220 2901 280 2937 ctum
302 2883 459 2941 constiterit,
487 2913 519 2921 -
547 2884 594 2945 sit,
624 2884 720 2936 usitate
742 2883 900 2953 toquentur,
929 2882 1020 2936 arritum
1050 2884 1075 2935 si
1096 2881 1213 2937 botnines
1235 2890 1302 2936 catat

220 2966 259 3037 (h.
279 2984 303 3022 e.
330 2983 386 3021 non
413 2983 531 3039 prorsus
554 2965 751 3021 inhumaniter
774 2965 897 3021 aliorum
922 2965 1063 3021 rationem
1088 2964 1249 3040 neglegunt
1270 2974 1302 3021 at

218 3050 458 3121 consuetudinem
472 3053 641 3124 spernunt);
664 3053 720 3117 aed,
737 3053 802 3107 datm
819 3070 861 3106 res
879 3061 1011 3105 irretiebat.
1031 3051 1108 3106 uerba
1118 3052 1227 3123 jiupout
1238 3062 1298 3106 cet.

219 3135 398 3194 Obscuravit
421 3135 555 3191 nonnihil
567 3134 672 3193 Cicero
689 3136 852 3192 sententiae
876 3135 1109 3211 progressionem
1128 3135 1194 3199 hoc,
1217 3134 1300 3208 quod

218 3220 397 3295 adiungitur,
422 3219 562 3293 primario
586 3220 649 3276 loco
673 3239 726 3295 pro
743 3220 865 3295 epodosi
885 3239 1006 3295 ponens,
1030 3219 1102 3275 illud
1126 3230 1225 3275 autem
1250 3236 1300 3275 su-

218 3306 317 3380 perius
340 3305 377 3360 ad
399 3305 560 3361 orationem
586 3315 670 3361 caute
688 3304 982 3362 circumscribendam
1000 3304 1174 3360 secundario
1193 3303 1299 3361 interi·

218 3391 312 3455 ciens,
342 3408 380 3445 ex
408 3408 466 3463 quo
496 3390 568 3446 haec
597 3390 727 3447 nascitur
748 3390 856 3448 forma:
887 3393 936 3447 sed
962 3409 1021 3447 cum
1044 3421 1083 3431 —
1107 3408 1150 3445 res
1173 3407 1301 3463 quaeqae

217 3480 260 3537 sit,
283 3494 457 3548 quamquam,
480 3478 506 3531 si
527 3476 642 3531 beurunes
664 3486 760 3539 esseut,
784 3479 879 3531 recitate
901 3476 1080 3548 loquerentur,
1104 3484 1207 3539 taraen,
1230 3475 1299 3531 dum

217 3579 261 3617 res
282 3570 415 3616 moneant.
438 3560 518 3615 verbu
535 3562 651 3633 Jirrpant.
687 3562 749 3616 lam
774 3561 802 3616 iu
823 3561 878 3616 boc
896 3561 961 3634 ipso
979 3559 1143 3634 eloquendo
1161 3576 1233 3615 naue
1252 3568 1300 3617 eet

217 3643 322 3703 Cicero
345 3664 380 3700 ea
403 3644 544 3700 orationis
569 3645 691 3701 Latinae
714 3644 824 3713 forma,
849 3663 936 3718 quam
959 3644 1079 3701 uberius
1102 3644 1173 3700 alibi
1197 3643 1301 3700 decla·

216 3739 310 3786 ratam
334 3729 418 3803 attigi
442 3730 479 3785 ad
503 3731 531 3793 l,
556 3731 608 3798 15,
638 3739 669 3786 ut
697 3730 871 3786 sententiam
896 3730 975 3786 illam
999 3728 1201 3786 secundariam
1226 3746 1300 3791 non,

217 3826 249 3870 ut
271 3832 348 3870 nunc
371 3813 438 3880 feci,
462 3815 606 3889 particula
624 3818 812 3889 (quarumnam)
830 3823 959 3872 notatam
981 3815 1157 3875 intericeret,
1181 3813 1234 3870 sed
1259 3832 1300 3870 ex

217 3917 311 3972 aequo
335 3909 457 3973 poneret
479 3900 535 3955 ita:
563 3907 588 3955 st
611 3901 727 3957 bouu'ues
748 3911 847 3962 asseret,
872 3903 968 3956 usitate
990 3899 1132 3972 (quidem)
1154 3901 1301 3972 loqueren-

217 3995 269 4049 tur,
293 3984 368 4055 (sed)
392 3986 456 4039 dum
479 4004 521 4041 res
546 3995 680 4054 eructuant,
703 3986 783 4042 uerbo
798 3988 907 4058 fittparrt
928 3986 1061 4040 arbitratu
1084 4003 1140 4040 sato.
1186 3983 1302 4041 Decla-

215 4069 278 4124 ravi
302 4069 451 4143 copiosius
474 4088 572 4125 veram
596 4070 683 4127 huius
706 4070 761 4127 loci
785 4071 939 4140 rationem,
962 4079 994 4124 ut
1017 4069 1144 4125 breviori
1168 4069 1244 4125 mihi
1268 4069 1301 4126 io

216 4153 365 4210 erroribus
389 4154 524 4210 notandis
548 4173 611 4210 esse
630 4155 739 4211 liceret.
772 4156 848 4212 Nam
868 4173 934 4211 cnm
954 4155 1103 4211 ederetur:
1126 4156 1202 4228 loqui
1214 4164 1303 4229 putee

216 4240 325 4312 (putas)
342 4249 470 4312 oportere,
494 4243 590 4313 quenti
611 4242 731 4314 quidque
752 4245 806 4297 sicr
827 4244 905 4298 aliter
927 4242 1017 4297 doctos
1035 4249 1059 4295 et
1075 4241 1217 4297 indoctos?
1241 4240 1305 4297 Sed

215 4332 283 4389 cet,
307 4324 357 4397 qui
380 4324 486 4380 Latine
509 4326 650 4391 sciebant,
674 4324 762 4382 facilc
785 4326 961 4395 sentiebant,
985 4324 1192 4400 pravissimum
1213 4343 1296 4383 esse:

215 4410 293 4465 aliter
315 4411 396 4482 loqui,
420 4413 516 4483 quanti
531 4413 650 4484 quidque
666 4414 702 4468 sit
720 4411 810 4485 (quod
828 4411 905 4467 enim
923 4410 959 4467 de
976 4411 1144 4469 rumoribus
1162 4422 1219 4469 aut
1235 4430 1305 4470 sar·
