3030 5086
381 505 424 550 aa
447 505 528 551 mun.
551 504 615 548 mu.
639 503 663 548 11
686 499 1073 564 cer.sr-na.(roe-1oa)
1203 484 1266 549 317

189 673 258 754 quis
286 672 367 736 alius
389 678 490 736 artem
512 671 680 736 memoriae
701 671 914 751 polliceretur,
944 668 1132 749 Obliuionis,
1159 668 1267 750 inquit,
1363 690 1368 698 ·

188 775 327 853 mallem;
357 793 428 839 nam
450 773 577 838 memini
599 773 706 850 etiam,
729 791 811 853 quae
833 772 920 851 nolo,
949 771 1087 837 oblivisci
1109 789 1171 837 non
1192 789 1267 853 pos·

188 895 266 956 sum,
289 894 370 957 quae
386 876 465 940 volo.
511 875 581 939 105.
604 875 720 954 Magno
742 874 792 938 hic
808 874 945 955 ingeni03
969 876 1025 939 sed
1042 891 1094 939 res
1110 892 1145 938 se
1161 879 1267 937 tamen

189 980 233 1043 sic
248 977 353 1057 habet,
371 987 407 1042 ut
423 978 513 1041 nimis
530 976 689 1056 imperiosi
705 976 883 1057 philosophi
900 977 941 1041 sit
956 981 1064 1041 vetare
1080 975 1266 1040 meminisse.

189 1080 285 1159 Vide,
314 1099 352 1144 ne
379 1080 440 1144 ista
467 1080 530 1143 sint
558 1077 719 1143 Manliana
740 1086 846 1144 uestra
872 1084 929 1143 aut
955 1078 1074 1142 maiora
1102 1076 1211 1156 etiam,
1240 1076 1305 1148 si5

188 1184 337 1288 imperes,
360 1182 444 1262 quod
465 1179 569 1245 lacere
591 1198 653 1243 non
676 1180 803 1262 possim.
849 1179 946 1259 Quid,
968 1179 996 1244 si
1018 1180 1110 1244 etiam
1132 1179 1267 1244 iucunda

190 1284 338 1349 memoria
354 1289 403 1348 est
418 1282 659 1364 praeteritorum
676 1282 851 1347 malorum?
873 1290 909 1346 ut
930 1282 1097 1362 proverbia
1119 1281 1267 1346 nonnulla

237 1487 367 1606 dbboidec
385 1486 458 1537 LMC
493 1484 540 1535 ebat
558 1501 605 1535 om.
626 1485 711 1535 Print
729 1485 811 1535 abtaL
851 1494 934 1535 aortra
953 1485 1050 1535 LPMB
1094 1488 1118 1534 6.
1134 1485 1267 1549 postumii

190 1573 235 1620 quo

190 1730 268 1786 Hist.
290 1730 346 1800 IV,
360 1730 410 1798 47,
434 1728 515 1786 Svet.
536 1726 625 1784 Galb.
654 1724 728 1804 12).]
773 1726 860 1800 Quod
883 1726 991 1802 legitur
1013 1727 1049 1784 de
1072 1727 1154 1785 ΚΡ.
1172 1728 1213 1798 11,
1227 1727 1267 1784 28

190 1819 237 1888 (an
264 1824 334 1871 certe
355 1814 581 1888 Pythoqoreuor),
610 1811 674 1868 iure
702 1811 824 1869 dubium
848 1812 967 1869 Hendio
994 1811 1089 1869 visum
1113 1820 1171 1882 ast3
1200 1830 1269 1870 nam

191 1909 219 1956 et
247 1910 316 1956 certe
342 1900 379 1955 ab
407 1899 463 1955 hac
490 1897 585 1955 forma
612 1898 752 1954 abhorret
779 1906 809 1954 et
830 1897 980 1954 inducitur
1007 1898 1037 1954 in
1059 1897 1269 1973 interrogando

189 1984 265 2042 falae
289 1984 444 2052 diiunctio;
473 2001 528 2039 nec
555 1983 596 2039 ibi
625 1982 686 2039 ulla
708 1992 753 2039 est
776 1983 950 2053 declaratio,
979 1983 1026 2040 cui
1049 1983 1194 2041 dubitatio
1217 2001 1269 2040 an·

191 2079 334 2126 nectatur.
383 2068 470 2143 Quod
498 2077 542 2124 est
570 2067 605 2123 de
634 2069 670 2126 R.
694 2068 730 2127 P.
759 2069 790 2138 1,
823 2069 876 2125 18:
910 2088 962 2125 utto
993 2088 1030 2125 on
1058 2071 1141 2126 altero
1171 2072 1269 2144 spatio,

190 2155 326 2212 Handius
348 2174 376 2229 p.
396 2155 456 2211 302
481 2153 612 2209 vindicat
634 2161 804 2228 comparato
827 2153 915 2211 Ovid.
938 2154 1019 2211 Fast.
1042 2155 1083 2224 11,
1108 2155 1180 2226 392,
1204 2154 1269 2212 loco

190 2240 401 2308 incertissimo;
425 2239 547 2305 accedit,
566 2238 644 2312 quod
663 2247 694 2295 et
709 2257 798 2314 saepe
815 2259 885 2295 arcuo
902 2249 950 2296 out
965 2241 1035 2296 alter
1051 2239 1156 2298 Cicero
1173 2248 1203 2297 et
1219 2238 1272 2297 alii

190 2325 329 2381 dixerunt
351 2334 380 2381 et
402 2324 476 2380 haec
499 2323 651 2380 dubitandi
674 2322 770 2381 forma
792 2324 829 2380 ad
847 2324 928 2380 illam
946 2325 1032 2398 parvi
1048 2325 1163 2382 numeri
1180 2325 1271 2401 signi·

189 2410 354 2467 ficationem
384 2428 487 2484 parurn
516 2419 585 2483 apta
607 2408 732 2466 videtur.
777 2410 869 2466 Recte
891 2409 1027 2466 Handius
1050 2429 1078 2486 p.
1097 2411 1158 2467 308
1188 2410 1270 2467 addit

192 2497 273 2552 Brut.
297 2496 336 2551 89
366 2497 492 2569 (pauore,
521 2505 666 2568 antequam
693 2504 812 2551 mortum
839 2504 892 2566 eat,
926 2496 1020 2552 diebus
1046 2515 1082 2552 on
1110 2496 1270 2570 mambae„

190 2581 297 2637 addere
320 2580 447 2636 debebat
463 2579 551 2636 etiam
570 2579 606 2635 ad
619 2580 711 2636 Attic.
723 2580 780 2647 XI,
795 2581 822 2649 6,
836 2580 865 2651 73
888 2597 956 2637 nam
979 2581 1056 2654 quod
1079 2581 1143 2657 ipse
1166 2579 1270 2638 defen·

191 2666 233 2722 dit
255 2666 447 2740 sequiturque
470 2664 614 2722 Orellius:
642 2685 678 2721 un
701 2672 822 2722 cuntant
848 2685 884 2721 an
906 2668 960 2722 iam
981 2668 1010 2722 in
1031 2667 1134 2738 Asioi,
1163 2664 1269 2725 Cicero

190 2751 318 2807 scribere
347 2769 404 2806 non
435 2749 545 2825 potuit,
580 2750 631 2823 qui
658 2767 816 2824 numquam
845 2750 968 2807 dixerit:
997 2770 1112 2825 quaero,
1139 2771 1183 2808 an.
1231 2750 1271 2808 Et

189 2835 299 2892 frustra
322 2834 557 2910 interpungendo
580 2836 754 2891 obscuratur
782 2845 885 2911 aperta
907 2836 1065 2906 diiunctio,
1093 2837 1119 2893 ni
1140 2835 1268 2905 auditur,

191 2931 222 2977 ut
244 2921 289 2977 illi
311 2920 423 2990 volunt,
446 2940 546 2994 quaere
567 2923 669 2988 (utmnn
691 2930 802 2990 canton,
825 2941 861 2977 un
883 2925 937 2977 lom
959 2922 1090 2995 inAeio).
1125 2921 1171 2977 De
1193 2921 1269 2992 loco,

102 3039 112 3055 ·
190 3025 275 3079 quem
300 3007 328 3062 in
353 3025 398 3080 ep.
416 3005 453 3061 ad
471 3008 535 3062 Att.
552 3006 592 3073 Il,
613 3006 669 3066 6,1
694 3005 763 3062 huic
786 3005 910 3063 similem
935 3007 1071 3064 Handius
1094 3015 1188 3082 putat,
1211 3024 1269 3063 non

190 3091 286 3147 minus
308 3091 439 3166 graviter
461 3099 541 3147 errat
563 3109 651 3165 quam
674 3091 778 3158 ceteri;
802 3110 904 3147 verum
927 3099 972 3147 est
994 3091 1083 3162 enim,
1106 3091 1184 3165 quod
1208 3110 1269 3149 om·

191 3177 277 3232 nibus
306 3175 412 3232 litteris
441 3175 551 3232 habent
577 3175 693 3232 codices
721 3175 790 3248 (nisi
824 3176 902 3250 quod
935 3179 1001 3251 quin
1034 3196 1088 3252 pro
1115 3178 1189 3250 quq:
1222 3179 1271 3250 qui

191 3261 312 3336 (quippe
336 3262 399 3334 qui)
422 3265 499 3317 etrum
522 3262 654 3330 dtrbitm,
685 3281 720 3316 an
748 3263 790 3318 lic
812 3263 890 3318 Antii
909 3263 1057 3319 considam.
1101 3261 1269 3337 Epistulam

191 3346 295 3405 Cicero
318 3346 436 3420 scripsit
453 3348 482 3402 in
501 3347 632 3415 Antiati3
655 3345 755 3419 itaque
778 3346 851 3404 dicit
871 3347 1001 3405 animum
1019 3366 1104 3405 suum
1122 3347 1270 3404 interdum

191 3451 226 3487 eo
248 3431 391 3488 inclinare
414 3433 530 3502 (dubito,
553 3435 616 3506 an),
639 3441 673 3488 ut
694 3433 736 3488 lic
758 3432 836 3512 Antii
856 3432 1003 3500 considat,
1031 3433 1061 3489 in
1084 3433 1270 3507 quietissimo

191 3517 359 3604 municipio.
406 3517 447 3575 Ut
474 3518 511 3573 ad
539 3537 600 3574 rem
624 3517 792 3583 redeamus,
823 3517 910 3574 etiam
934 3518 967 3575 II
989 3518 1025 3574 de
1048 3518 1131 3577 Orat
1156 3518 1216 3575 299
1241 3527 1270 3574 et

192 3603 250 3658 351
270 3601 375 3660 Cicero
398 3603 552 3677 significat,
575 3602 604 3658 in
628 3602 684 3658 hac
706 3602 742 3659 de
753 3603 953 3661 Themistocle
975 3601 1053 3661 farne
1077 3622 1136 3661 non
1159 3612 1269 3660 certam

191 3688 288 3743 sedeur
322 3687 461 3744 habuisse
497 3688 672 3755 Simonidis,
706 3687 799 3762 ipsius
832 3689 905 3746 artis
937 3689 1115 3760 inventoris,
1149 3706 1266 3746 nomen.

192 3771 252 3831 Cir.
277 3773 371 3830 Acad.
395 3774 437 3840 II,
463 3774 491 3829 2.

281 3859 349 3913 105.
373 3878 405 3914 ne
427 3862 479 3914 iota
502 3863 555 3915 sint
574 3858 719 3913 nllanlioao
740 3858 841 3930 vactro)
860 3856 934 3916 Cum
957 3866 988 3914 et
1009 3857 1199 3932 praecederet
1220 3860 1268 3913 im·

188 3947 290 4017 periosi
307 3953 336 3998 et
353 3951 525 4018 sequeretur
541 3947 566 4000 ci
581 3945 701 4016 imperes,
725 3951 841 4016 poterat
857 3943 962 4001 Cicero
981 3942 1055 3999 haec
1073 3942 1115 4000 sic
1131 3942 1269 3999 universe

191 4027 299 4100 oloqui,
323 4027 404 4083 nullo
427 4028 527 4085 addito
550 4028 744 4086 substantivo.
779 4027 882 4084 Nostra
904 4028 994 4085 etiam
1017 4025 1097 4086 Oxx.
1120 4035 1269 4102 quattuor.

192 4114 237 4169 De
261 4113 421 4169 Manlianis
443 4114 584 4189 imperiis,
608 4131 684 4187 quae
707 4112 736 4168 in
759 4113 917 4187 proverbio
940 4121 1033 4180 erent,
1057 4113 1115 4169 vid.
1134 4112 1200 4170 Liv.
1211 4112 1268 4182 IV,

194 4200 243 4265 29,
269 4199 356 4267 VIII,
376 4200 409 4266 73
433 4198 496 4266 cfr,
520 4217 594 4272 quae
612 4198 648 4254 ad
667 4202 681 4267 ξ
699 4198 738 4254 60
757 4197 829 4254 dixi.
872 4198 933 4256 Pro
955 4200 1016 4255 vide
1038 4197 1128 4255 ceteri
1150 4214 1269 4271 quoque

192 4283 353 4340 deteriores
376 4284 459 4340 codd.
471 4283 563 4354 (Oxx.
581 4301 683 4341 omnes
706 4292 735 4340 et
747 4284 830 4357 Bes.)
847 4285 930 4341 videa.
964 4284 1059 4341 Paulo
1076 4292 1144 4340 onte
1156 4281 1268 4341 Gout

192 4389 220 4425 re
242 4388 285 4425 res
307 4379 406 4439 tannen,
437 4368 515 4427 Gud.
544 4373 556 4427 l
584 4378 613 4426 et
636 4369 704 4425 Bas.
732 4387 775 4427 res
802 4379 891 4428 tamen
912 4389 955 4440 ee,
983 4368 1063 4430 Oxx.
1086 4364 1129 4438 Εξ
1150 4386 1208 4426 om.
1230 4386 1268 4425 ae.

192 4453 287 4511 Paulo
310 4463 379 4529 post
394 4454 482 4512 etiam
500 4455 567 4514 Pal.
584 4458 597 4512 1
614 4449 669 4534 [B]
686 4463 716 4513 et
732 4464 872 4529 quattuor
887 4455 939 4513 alii
950 4455 1039 4527 Pell,
1055 4454 1128 4531 Πχψ
1145 4453 1269 4512 leonardo.
