3030 5086
191 416 233 479 30
592 428 637 474 nu
659 421 792 477 sinnius
813 431 886 479 sou.

198 600 273 680 quid
295 600 327 663 in
349 598 432 663 omni
453 608 586 661 munere
610 598 692 663 vitae
714 599 865 679 optimum
887 605 920 663 et
934 599 1131 665 verissimum
1153 600 1206 680 sit,
1229 618 1287 665 ex·

200 701 346 782 quirem?
391 702 441 765 lt.
464 702 522 776 dn,
546 708 657 779 partus
679 700 809 766 ancillae
832 701 913 765 sitne
934 701 966 765 in
984 700 1089 767 fructu
1106 700 1286 778 habendae,

201 804 375 868 disseretur
407 801 489 866 iuter
522 802 680 884 principes
713 802 860 880 civitatis,
894 801 927 866 P.
962 802 1141 869 Scaevolam
1175 802 1284 869 Mani·

201 923 315 985 umque
338 903 511 981 Manilium,
541 904 580 969 ab
608 904 707 984 iisque
729 905 770 968 M.
795 904 912 968 Brutus
939 905 1104 971 dissentiet
1125 906 1228 987 (quod
1251 914 1285 971 et

163 1006 324 1070 baoutum
353 1024 452 1087 genus
480 1012 529 1070 est
555 1012 587 1070 et
614 1005 655 1069 ad
678 1023 755 1069 usus
778 1005 887 1069 civium
915 1025 978 1071 non
1004 1006 1128 1087 inutile,
1157 1025 1284 1088 nosque

201 1128 238 1172 ea
266 1107 383 1188 scripta
405 1106 587 1187 reliquaque
615 1107 753 1171 eiusdem
780 1107 904 1187 generis
931 1115 964 1173 et
989 1109 1119 1191 legimus
1145 1109 1284 1175 libenter

201 1224 231 1275 et
254 1209 420 1290 legemus),
444 1207 534 1286 hacc,
557 1227 639 1288 quae
661 1209 755 1272 vitam
778 1227 900 1272 omnum
922 1210 1089 1286 continent,
1111 1210 1283 1292 neglegen-

201 1312 273 1376 tur?
316 1310 411 1387 Nam,
439 1320 475 1373 ut
501 1309 563 1373 sint
590 1309 644 1373 illa
666 1309 885 1388 vendibilem,
914 1311 990 1375 haec
1018 1310 1166 1377 uberiora
1193 1320 1283 1377 certe

201 1420 282 1477 sunt.
328 1414 522 1492 Quamquam
546 1413 577 1476 id
600 1414 724 1494 quidem
744 1411 846 1476 licebit
862 1412 900 1476 iis
917 1413 1103 1490 existimare,
1124 1414 1179 1495 qui
1194 1413 1282 1494 lege-

60 1576 66 1587 ,
144 1519 184 1579 lu
202 1515 273 1579 rint.
317 1514 383 1578 Nos
405 1524 509 1578 autem
532 1514 613 1578 hanc
635 1533 755 1579 omnem
778 1515 993 1595 quaestionem
1020 1514 1061 1579 de
1086 1512 1201 1580 finibus
1224 1514 1283 1580 bo·

274 1670 295 1716 l.
320 1666 384 1714 oanni
397 1666 520 1731 qenereC
558 1671 579 1716 Ξ.
598 1665 718 1715 habendus
737 1666 847 1729 infida
884 1670 906 1717 8.
929 1664 977 1733 [M.
998 1683 1043 1730 que
1060 1665 1091 1733 Α]
1111 1664 1158 1717 BP.
1177 1666 1222 1719 Or.
1243 1664 1280 1716 Μ

203 1733 239 1783 uel
257 1734 277 1782 P
297 1733 331 1783 M.
348 1734 470 1784 Euticu
510 1742 532 1785 4,
552 1733 663 1783 Mallium
682 1734 703 1782 L
726 1733 845 1782 Manlium
864 1734 938 1783 PMR
972 1734 1054 1798 dtltque
1073 1734 1281 1800 [A]ELPGR01·.

202 1802 370 1851 dmsenct'atltl
408 1806 429 1854 7.
449 1803 566 1852 continent
583 1820 671 1851 omnem
690 1802 854 1852 LPMCROr.
882 1801 1032 1868 ueqleyuutur
1049 1818 1136 1854 omues
1171 1808 1193 1853 8.
1216 1802 1284 1871 [aaut

203 1869 233 1937 Α]
273 1876 295 1922 9.
315 1870 379 1933 quod
396 1869 521 1920 licebutE
556 1871 592 1919 Iria
611 1871 657 1921 CR
695 1875 731 1919 to,
755 1870 807 1936 [doc
826 1869 871 1937 M]

203 2001 264 2048 tum
288 2011 342 2067 pro
365 2010 413 2059 eo,
437 1992 515 2066 qnod
539 2002 584 2049 est
606 2012 693 2049 ornnes
716 1994 849 2056 tribuunt,
872 2001 905 2049 nt
927 1990 1030 2051 Cicero
1054 2003 1163 2049 certam
1187 2011 1284 2067 quan·

203 2077 269 2133 dnm
293 2077 465 2152 dignitatern
489 2078 545 2134 sibi
568 2079 605 2134 ab
628 2078 763 2135 omnibus
786 2078 875 2135 tribui
899 2078 986 2147 dicat,
1010 2078 1082 2133 setis
1098 2087 1282 2154 arroganter.

204 2161 263 2217 Sed
286 2180 443 2235 numquam
467 2163 509 2219 sic
532 2162 604 2219 illud
628 2181 787 2236 pronomen
812 2163 944 2237 ponitur,
973 2162 1053 2235 quod
1075 2180 1191 2238 semper
1214 2182 1283 2221 curn

203 2246 304 2319 aliqua
337 2246 542 2304 distributione
582 2248 713 2323 singulos
747 2247 906 2323 separatim
940 2246 1095 2322 significet.
1150 2248 1285 2325 Vulgata

203 2340 306 2388 contra
328 2342 406 2388 recte
430 2333 486 2388 hoc
508 2332 668 2406 siguificat:
691 2332 754 2389 eius
777 2331 943 2407 dignitatis,
966 2349 1053 2405 quarn
1078 2331 1148 2388 mihi
1171 2351 1225 2408 pro
1249 2352 1282 2391 se

203 2416 326 2490 quisque
350 2416 412 2473 sive
435 2436 570 2491 magnam
595 2417 657 2473 sive
680 2436 801 2491 parvam
826 2417 937 2473 tribuit.
977 2415 1069 2493 [Tum
1093 2425 1190 2474 autem
1213 2436 1283 2475 sen·

203 2501 296 2558 tentia
317 2500 441 2557 relativa
465 2521 522 2558 non
546 2520 599 2577 per
621 2521 652 2558 se
675 2502 795 2563 dicitur.
819 2502 871 2557 sed
893 2501 935 2558 sio
958 2520 1023 2557 cum
1047 2501 1189 2577 primaria
1211 2520 1283 2560 con·

202 2586 339 2655 nectitur,
363 2598 396 2643 ut
414 2605 506 2661 paone
524 2587 707 2643 necessarius
724 2587 762 2643 sit
780 2586 984 2643 coniunctivae
1001 2586 1114 2648 modus,
1137 2605 1224 2660 quem
1244 2606 1282 2645 ex

204 2667 246 2727 Α1
259 2671 389 2738 restitui;
409 2671 461 2728 cfr.
475 2669 533 2727 (tlt.
541 2670 639 2748 1.47.]
662 2672 730 2728 Non
748 2690 815 2728 raro
834 2672 862 2727 in
881 2672 936 2727 hoc
948 2671 1094 2727 vocabulo
1110 2671 1283 2741 aberratum

203 2755 255 2812 cfr.
278 2756 332 2813 IV.
347 2757 396 2812 76.
441 2757 545 2830 ltaque
569 2757 605 2813 de
628 2757 728 2813 Diviu.
753 2757 792 2823 ΙΙ,
820 2757 877 2812 124
900 2756 1035 2831 imperite
1057 2754 1110 2812 alii
1131 2756 1284 2815 coniciunt

203 2840 404 2904 scribendum,
435 2841 485 2897 alii
509 2841 648 2916 probant:
683 2844 732 2898 aed
754 2843 818 2899 duee
840 2844 935 2914 cru'pue
956 2843 984 2897 in
1000 2850 1143 2915 promptu,
1177 2842 1282 2913 nteit,

203 2926 336 2989 carnibus,
363 2929 455 2983 euicta.
505 2926 569 2983 Nec
592 2926 670 3001 apud
694 2918 862 2983 Lucretium
886 2926 916 2995 1,
941 2925 1001 2982 243
1029 2928 1069 2981 vis
1091 2944 1215 3001 quaeqae
1236 2936 1284 2985 eat

203 3012 295 3067 omnis.
319 3010 367 3066 vel
391 3010 519 3068 ininima.
542 3011 603 3079 sed,
627 3022 659 3068 ut
679 3010 821 3070 Germani
844 3012 1015 3084 loquuntur,
1038 3011 1081 3066 die
1094 3012 1282 3085 jedesmab'pe.

294 3096 339 3151 12.
363 3096 423 3159 dn,¹
434 3106 535 3169 prr-rtur
553 3098 745 3165 arrn'ttaecet.)
764 3096 844 3152 Nota
861 3094 1072 3162 controversia,
1090 3103 1187 3153 utrum
1206 3095 1281 3167 eius,

203 3181 254 3253 qui
278 3178 488 3237 usumfructum
513 3199 615 3237 servae
638 3181 775 3247 haberet,
811 3190 911 3254 partus
934 3181 1032 3247 fieret,
1059 3197 1097 3236 an
1120 3180 1199 3250 eius,
1228 3181 1282 3255 qui

203 3264 338 3321 dominus
362 3275 448 3323 esset.
484 3266 560 3322 Nam
584 3284 649 3322 cum
673 3265 833 3339 aliquando
855 3265 943 3322 etiarn
967 3265 1002 3322 de
1022 3265 1177 3339 pecoribus
1196 3265 1283 3324 dubi·

203 3359 295 3406 tatmn
319 3360 410 3408 esset.
441 3360 596 3424 postquam
620 3350 655 3406 de
679 3351 715 3407 iia
737 3350 884 3418 constitit,
912 3350 942 3406 in
965 3368 1052 3407 serva
1073 3350 1133 3407 alio
1155 3350 1284 3407 ducebat

187 3435 246 3490 ‘rei
269 3435 360 3499 notio,
383 3434 442 3491 alio
467 3435 602 3492 hominis.
646 3435 766 3510 Ulpian.
790 3435 820 3490 in
843 3435 958 3511 Digest.
981 3434 1052 3503 vll,
1076 3440 1102 3505 1,
1117 3435 1170 3492 68:
1201 3436 1283 3492 Vetus

197 3521 254 3592 J'm't
266 3523 395 3593 peremtio,
413 3531 557 3594 anspertus
573 3522 612 3577 ad
621 3523 806 3593 fructuarium
813 3523 975 3596 pertinerem
992 3521 1041 3577 aed
1052 3522 1137 3577 Bruti
1152 3522 1283 3577 certantia

203 3604 322 3661 obtinuit.
339 3608 526 3677 J'rtrctuorr'um
548 3609 575 3661 r'n
597 3625 626 3661 co
649 3608 733 3662 locum
756 3624 807 3661 non
830 3606 934 3661 tatae.
969 3603 1031 3663 cfr.
1055 3606 1094 3663 id.
1117 3605 1146 3661 in
1160 3605 1229 3682 Dig.
1242 3606 1282 3673 V,

205 3689 232 3757 3,
258 3690 306 3745 27.
330 3688 398 3747 Gai.
424 3690 529 3757 XXII,
557 3693 582 3757 l,
608 3690 657 3753 28,
681 3691 863 3748 lastinianus
885 3690 995 3746 Institt.
1018 3691 1060 3760 ΙΙ,
1088 3694 1113 3761 l,
1139 3690 1188 3747 37.

291 3777 322 3830 Ρ.
353 3776 509 3831 Scaevolam
539 3776 714 3849 Mariamque
743 3777 898 3843 Mnnr'lr'mn)
927 3772 992 3854 [Sic
1014 3794 1052 3832 ex
1074 3776 1104 3832 A
1126 3775 1283 3843 Baiterus3

142 3903 150 3916 .
203 3860 257 3914 M’.
283 3879 335 3933 pro
360 3862 399 3915 M.
424 3860 489 3933 quis
511 3860 682 3926 restituerit,
707 3856 829 3938 nescio]
853 3861 902 3917 Μ’.
926 3859 1067 3917 Manilius
1089 3861 1169 3931 (nant
1193 3859 1228 3916 de
1245 3859 1282 3917 P.

204 3943 348 4002 Scaevola
372 3955 450 4018 pont.
465 3963 552 4013 max„
576 3945 625 4018 qui
650 3946 761 4019 primus
785 3946 857 4001 iuris
880 3944 1064 4019 prudentiam
1088 3944 1117 4000 in
1139 3943 1219 4000 illam
1237 3942 1283 4001 fa·

203 4029 313 4084 miliani
326 4030 434 4098 intulit,
452 4030 552 4086 omnia
564 4040 634 4085 nota
645 4034 734 4103 snut),
748 4030 889 4086 Manilius
901 4029 1000 4103 igitur,
1013 4048 1071 4085 cos.
1084 4048 1110 4084 n.
1127 4031 1196 4097 149,
1214 4047 1282 4085 curn

204 4114 275 4170 iuris
294 4115 465 4187 prudentiae
483 4115 569 4171 laude
588 4125 835 4171 commemoratur
848 4114 935 4170 etiam
955 4114 983 4169 in
1002 4114 1086 4170 libris
1104 4114 1139 4170 de
1152 4112 1235 4171 Orat.
1253 4123 1284 4170 et

204 4199 238 4254 de
252 4200 340 4265 lt.1².,
360 4200 605 4273 rrorninanturque
618 4200 681 4257 eius
695 4210 753 4256 tres
771 4198 837 4255 libri
856 4199 891 4255 de
909 4199 971 4255 iure
984 4198 1064 4255 civili
1077 4218 1095 4254 a
1106 4199 1283 4275 Pomponio.

203 4283 284 4351 (vid.
303 4284 374 4340 Maii
394 4304 565 4358 prosopogr.
584 4285 655 4341 libb.
673 4285 708 4340 de
728 4286 761 4341 R.
775 4285 820 4349 P„
842 4284 996 4340 Henrichs.
1015 4284 1053 4339 ad
1070 4282 1131 4341 Cic.
1149 4284 1185 4339 de
1197 4282 1283 4341 Orat.

204 4369 232 4424 l.
258 4368 341 4441 21⁶2.)
387 4370 427 4425 M.
451 4366 528 4426 Iunii
559 4371 657 4427 Bruti.
688 4370 737 4443 qrri
768 4369 856 4444 paulo
885 4379 952 4425 anto
982 4368 1117 4425 Mariana
1145 4375 1283 4443 terrtpora
