3030 5086
255 453 321 520 390
398 468 402 477 '
647 475 691 520 nn
715 474 846 521 marsus
869 475 941 522 sorr.

254 639 381 722 Exque
400 638 540 718 eflicitur,
563 640 756 721 gloriatione,
779 649 814 706 nt
830 642 875 707 ita
892 642 1003 722 dicam,
1026 643 1152 725 diguam
1171 665 1241 712 esse
1260 646 1336 713 bea·

254 748 319 806 tam
342 743 445 820 vitam,
469 744 554 824 quod
575 761 636 808 non
658 745 759 824 possit
782 743 841 808 nisi
863 744 1013 810 honestae
1030 746 1113 811 ritae
1129 749 1196 813 iure
1213 748 1335 814 eontin-

254 862 337 925 gere.
382 844 432 909 Ita
453 841 503 923 fit,
532 852 567 909 ut
589 845 721 910 honesta
742 845 808 910 vita
829 845 924 911 beata
945 846 1010 940 rita
1032 847 1081 912 sit
1124 848 1166 913 Et
1187 849 1337 931 quoniam

253 943 290 1024 is,
313 945 362 1010 cui
385 945 544 1027 contingit,
567 955 602 1011 nt
617 948 686 1012 iure
703 947 856 1026 laudetur,
879 947 974 1013 habet
990 948 1111 1028 insigne
1127 951 1276 1031 quiddam
1293 951 1337 1017 ud
1391 938 1405 958 ⁹

215 1047 349 1114 bdeeus
372 1047 467 1112 etad
488 1048 629 1130 gloriam,
653 1057 687 1114 ut
709 1050 748 1114 ob
770 1068 817 1128 ea,
840 1068 921 1131 quae
943 1057 1033 1115 tanta
1049 1051 1120 1130 sint,
1144 1052 1254 1118 beatus
1272 1053 1336 1119 diei

325 1273 346 1321 l.
365 1285 394 1318 aa
411 1285 460 1332 que
478 1283 564 1319 omues
599 1269 693 1334 denum
713 1271 734 1318 ll
784 1275 805 1319 2.
823 1270 900 1334 possit
918 1266 1011 1334 quidem
1029 1271 1077 1320 arsi
1092 1271 1146 1321 ben.
1167 1271 1232 1322 ter.
1254 1277 1335 1337 pessr'l

253 1336 344 1399 quedem
363 1336 395 1396 (O
413 1336 530 1400 equidem)
549 1337 791 1388 iuboneeluePMCR
826 1343 847 1386 3,
869 1340 942 1387 beuta
959 1338 989 1387 sit
1009 1341 1067 1401 (em.
1087 1339 1178 1402 urle)L
1205 1341 1255 1390 aba
1265 1342 1334 1405 fitE

255 1411 276 1453 ⁴.
296 1405 320 1454 ei
336 1405 393 1471 (pro
411 1405 483 1471 5⁸)ss
519 1406 609 1471 r'oet‘gue
628 1406 764 1471 eiiquodL
801 1412 823 1455 b.
842 1415 868 1456 et
885 1407 920 1456 ed
936 1425 966 1456 eu
984 1424 1071 1457 ornnes

252 1615 347 1687 aliqua
369 1615 423 1670 uite
442 1615 625 1688 praedicabile
646 1616 754 1688 uiiqrrid
774 1624 799 1671 et
814 1616 986 1688 gloriandum
1004 1633 1037 1671 ue
1049 1633 1120 1689 prce
1136 1634 1165 1672 se
1176 1617 1332 1689 serendam.

252 1699 331 1771 (Hoc
353 1698 470 1757 initium
493 1699 690 1756 conclusionis
713 1700 760 1756 hic
783 1718 842 1756 non
866 1701 939 1756 bene
963 1699 1129 1773 omittitur).
1148 1732 1189 1742 —
1212 1699 1293 1769 Quod
1308 1703 1335 1759 ei

252 1793 305 1854 eet,
335 1785 411 1841 beatu
439 1787 495 1840 uita
520 1786 664 1856 glorianda
691 1797 716 1841 et
733 1786 923 1859 praedicande
949 1794 975 1841 ct
999 1803 1068 1858 pree
1095 1804 1124 1841 ee
1144 1787 1264 1860 jsrmdu
1292 1794 1334 1844 eei

252 1869 294 1942 (id
323 1879 381 1926 est:
411 1870 455 1925 De
482 1871 540 1926 selu
568 1872 650 1942 iqr'tar
677 1870 754 1926 beatu
779 1871 895 1942 pbrm'ari
919 1871 1019 1944 aliquis
1043 1873 1152 1944 petest).
1197 1871 1237 1937 Et
1264 1889 1333 1928 uar-

252 1964 298 2011 rat
321 1952 415 2013 Gzius
443 1953 473 2010 in
502 1954 595 2010 tribus
624 1955 684 2011 suis
714 1954 798 2011 codd.
824 1955 965 2030 scripturn
989 1973 1069 2011 esse:
1098 1956 1131 2012 de
1159 1975 1209 2012 nen
1238 1956 1333 2025 beuta3

252 2040 323 2113 quid
352 2047 444 2108 esset,
479 2058 536 2096 uon
566 2039 729 2105 intellexit;
765 2040 840 2102 erl..
870 2040 961 2115 Spin,
992 2038 1072 2097 Gud.
1097 2041 1114 2097 2
1148 2039 1239 2098 fuisse
1268 2059 1332 2098 ere·

252 2126 361 2196 dorem,
384 2125 440 2181 nisi
464 2125 493 2181 in
519 2143 583 2181 mea
605 2125 762 2181 collatione
782 2125 818 2181 de
836 2125 895 2181 Eri.
908 2134 1064 2185 taceretur.
1100 2125 1187 2182 Nune
1211 2143 1332 2200 prorsus

252 2210 352 2278 miror,
376 2210 445 2285 quid
469 2210 522 2279 sit;
552 2228 619 2266 nam
643 2210 761 2266 aliunde
785 2210 859 2266 nihil
881 2218 1055 2279 annotatur,
1083 2210 1140 2267 nisi
1163 2211 1241 2285 quod
1264 2209 1330 2271 eod.

253 2295 327 2353 Mor.
351 2293 396 2372 [et
417 2293 457 2373 B]
481 2305 511 2353 et
529 2291 571 2364 Εξ
592 2295 702 2352 habent
724 2304 772 2351 oret
794 2315 844 2351 non
868 2295 958 2364 beuta,
982 2295 1092 2353 omisso
1114 2297 1156 2353 de.
1201 2297 1274 2353 Mox
1297 2316 1331 2353 ae

251 2400 304 2455 que
332 2380 398 2454 quis
426 2381 538 2455 primns
561 2390 641 2436 recte
664 2380 829 2454 scripserit,
859 2380 972 2448 nesci03
1003 2389 1048 2436 est
1076 2379 1105 2435 in
1135 2381 1180 2439 ed.
1205 2383 1331 2438 Ascens.

256 2466 351 2533 15113
379 2466 495 2523 codices
518 2465 635 2540 quidem
659 2485 775 2522 omnes:
802 2486 836 2523 ec
858 2486 914 2541 qua
936 2469 1006 2541 (mg.
1031 2464 1129 2534 Crat,
1152 2465 1216 2523 cod.
1240 2465 1329 2537 Mea,

251 2549 317 2630 [B,]
342 2549 422 2628 Qxx.
447 2570 564 2620 omnes;
587 2551 678 2608 ceteri
701 2551 829 2608 editores
853 2555 972 2624 tacent).

336 2638 411 2712 quod
436 2656 488 2692 eron
513 2639 600 2712 possit
621 2639 674 2692 aiu
696 2639 764 2710 cet.)
788 2636 979 2694 Manifestum
1007 2645 1066 2704 est,
1096 2637 1173 2692 hanc
1194 2652 1330 2710 assump-

250 2723 360 2781 tionem
384 2740 448 2779 esse
471 2731 501 2778 et
522 2721 565 2779 sic
582 2722 732 2779 concludi:
755 2721 784 2778 id
802 2722 962 2794 autem.(ut
978 2720 1154 2796 gloriatione
1171 2719 1261 2797 digna
1278 2720 1329 2793 sit)

250 2826 308 2865 non
332 2816 430 2881 potest
451 2807 509 2864 nisi
531 2808 672 2864 honestae
695 2807 773 2863 vitae
797 2807 981 2881 contingere,
1005 2824 1076 2881 ergo
1098 2815 1154 2864 cet.
1194 2805 1329 2863 Primum

251 2892 341 2968 igitur
363 2892 526 2949 rectissime
550 2893 686 2950 meliores
708 2892 804 2960 codd„
827 2891 892 2949 Pal.
911 2893 936 2960 l,
960 2891 1031 2959 Eri,
1052 2891 1130 2965 Spir.
1148 2885 1213 2970 [B],
1237 2890 1329 2966 parti·
1401 2908 1404 2912 ’

251 2977 347 3034 culam
370 2979 493 3052 quidem,
516 2994 591 3052 quae
615 2986 682 3052 post
700 2980 787 3053 pessit
808 2976 838 3033 in
861 2976 984 3050 reliquis
1007 2976 1138 3044 additur,
1167 2975 1331 3033 excludunt

251 3070 427 3136 secutusque
444 3062 585 3119 Davisius
604 3071 649 3119 est
665 3063 760 3131 selus;
784 3062 856 3118 nihil
877 3061 954 3118 enirn
972 3061 1231 3130 circumscribitur,
1254 3059 1331 3118 nihil

250 3147 409 3223 insignitur
431 3157 580 3222 tamquam
600 3147 686 3204 elteri
703 3146 893 3216 eontrarium,
916 3164 979 3214 nee,
1003 3166 1068 3203 curn
1087 3145 1261 3221 simpliciter
1278 3163 1329 3202 ue·

250 3243 345 3310 gater,
368 3231 524 3307 quisquam
543 3232 628 3289 dicit:
651 3233 699 3289 boc
718 3253 768 3289 oon
785 3242 875 3307 potest
893 3233 1001 3306 quidem
1021 3233 1092 3301 tieem
1117 3231 1176 3288 vid.
1189 3231 1227 3287 ad
1239 3231 1264 3301 l,
1278 3230 1329 3288 70.

251 3318 425 3391 (Lambinus
448 3317 478 3374 in
495 3316 573 3374 euris
591 3317 741 3374 secundis:
763 3338 795 3374 ne
808 3320 896 3393 poerit
912 3319 1040 3391 qrridem.)
1074 3316 1132 3375 Sed
1149 3326 1242 3373 restat
1258 3332 1328 3373 eon·

249 3402 399 3461 iunetivns
415 3402 498 3459 verbi
522 3401 635 3471 modus,
659 3403 741 3459 euius
764 3402 793 3459 in
812 3404 866 3459 hac
883 3401 1079 3459 affirmatione
1097 3401 1169 3471 eius,
1193 3401 1272 3476 quod
1289 3399 1329 3457 ad

250 3488 483 3546 concludendum
497 3497 644 3562 tamquam
657 3499 769 3544 certum
782 3488 910 3563 ponitur,
929 3487 1004 3546 ratio
1022 3486 1104 3543 nulla
1119 3486 1202 3543 reddi
1215 3494 1328 3562 potest3

250 3592 317 3632 narn
341 3574 366 3631 si
389 3592 454 3631 eum
479 3572 584 3632 Cicero
607 3572 778 3648 imposuit,
809 3584 842 3630 ut
863 3573 900 3631 ad
923 3573 999 3630 hane
1020 3571 1196 3630 sententiam
1219 3589 1328 3647 propa-

167 3724 168 3729 ,
250 3668 370 3735 geretur
392 3659 437 3715 vis
459 3658 597 3733 obliquae
620 3658 763 3715 orationis
785 3677 804 3715 a
827 3659 917 3715 verbo
939 3660 1054 3732 efficitur
1077 3656 1240 3732 pendentis,
1263 3655 1329 3731 ipse

250 3743 466 3802 conclusionem
491 3752 622 3818 apertam
646 3744 845 3818 perturbavit,
868 3744 918 3800 ille
941 3743 1032 3813 enirn,
1057 3752 1090 3799 ut
1111 3742 1188 3812 dixi,
1211 3738 1327 3813 effecto,

250 3829 426 3906 gloriatione
450 3829 568 3903 dignam
592 3846 655 3885 esse
679 3829 793 3885 beatam
819 3829 923 3896 vitam,
952 3828 1070 3885 aliunde
1093 3827 1267 3898 assumitur,
1296 3827 1328 3884 id

250 3921 367 3971 tantum'
393 3914 423 3970 in
451 3914 605 3971 honesturn
628 3914 746 3983 cadere,
776 3924 806 3970 et
835 3914 875 3970 sie
903 3913 1018 3969 demum
1048 3912 1241 3971 concluditur.
1287 3911 1329 3969 Es

250 4008 347 4057 tamen
382 3999 454 4056 haee
488 3999 553 4074 ipsa
585 3998 720 4056 confusio
753 4008 782 4055 et
816 3998 998 4073 perturbatio
1026 4007 1077 4053 aut
1106 3997 1204 4071 potius
1233 3997 1328 4054 multe

251 4084 344 4142 maior
367 4084 523 4142 manifesto
547 4093 663 4141 tenetur
685 4083 763 4140 infra
786 4085 840 4149 1v,
865 4085 917 4149 50,
947 4083 996 4139 ubi
1020 4082 1125 4141 Cicero
1153 4082 1228 4139 haue
1256 4100 1327 4140 cou-

249 4165 410 4227 ¹elusionem
427 4168 546 4228 refellit.
581 4170 710 4227 Tantum
728 4169 873 4227 interdurn
893 4168 929 4239 ei,
952 4169 1002 4242 qni
1024 4167 1160 4236 attendit,
1185 4166 1327 4225 molestae

250 4254 442 4314 dubitationis
459 4252 545 4312 affert
561 4254 633 4312 haee
652 4273 748 4311 rerum
768 4274 826 4313 non
844 4264 978 4312 accurate
997 4262 1201 4328 perceptarum
1221 4271 1325 4327 parum

250 4339 376 4416 diligens
392 4340 528 4397 elocutio.
553 4340 650 4415 Vulgo
667 4340 785 4415 quidem
804 4340 931 4398 editores
942 4338 1083 4398 facillime
1100 4357 1132 4395 se
1149 4336 1326 4413 expediunt:

160 4488 163 4494 ,
248 4431 356 4482 tacent.
384 4424 444 4483 Pro
461 4427 516 4481 nisi
531 4425 655 4482 Moestus
666 4425 724 4500 (sie
742 4426 831 4483 etiarn
848 4424 910 4483 ced.
927 4426 1001 4482 Mor.
1014 4422 1060 4502 [et
1072 4420 1126 4501 B])
1138 4422 1190 4480 alii
1207 4440 1325 4498 quoque
