3030 5086
457 510 501 555 nr
527 508 607 555 unu.
630 508 692 554 nra.
715 507 739 554 u
761 507 834 555 car.
856 511 894 557 ra.
914 507 977 570 (se.)
1196 489 1266 556 209·

178 679 297 743 bonurn
319 694 403 757 esse,
435 677 574 741 dolorem
596 677 725 754 malum,
753 677 824 758 plus
846 677 955 742 tribuit
977 677 1135 756 sensibus,
1164 695 1259 757 quam

181 779 272 845 nobis
288 779 374 861 leges
391 779 584 859 permittunt
602 797 667 842 cum
685 779 880 860 privatarum
896 779 997 844 litium
1013 779 1131 844 iudicas
1143 796 1259 844 sumus.

179 879 265 945 Nihil
288 881 369 945 enim
390 898 558 962 possumus
579 881 733 958 iudicare,
761 881 821 945 nisi
844 881 928 963 quod
951 890 1000 946 est
1021 882 1122 946 nostri
1144 880 1259 945 iudicii.

179 983 218 1046 In
241 1000 303 1064 quo
326 981 445 1047 frustra
467 983 584 1048 iudices
607 983 722 1062 solent,
746 1002 815 1048 cum
838 984 1022 1047 sententiam
1045 983 1259 1064 pronuntiant

179 1085 313 1149 addere:
336 1084 477 1166 siquid
496 1084 568 1150 mei
590 1085 726 1149 iudicii
749 1091 816 1149 est.
850 1085 884 1149 Si
901 1085 983 1149 enim
999 1102 1061 1149 non
1077 1083 1260 1150 britannum
1277 1085 1299 1152 5

180 1186 299 1266 iudicii,
329 1185 424 1251 nihilo
446 1187 559 1268 megia
587 1186 647 1251 boc
668 1205 729 1251 nou
752 1187 874 1265 addito,
902 1187 976 1251 illud
1003 1194 1053 1251 est
1079 1187 1256 1251 iudimtum.

251 1412 275 1455 2.
294 1423 345 1456 cam
364 1422 412 1458 om.
433 1422 526 1456 omnes.
555 1406 600 1461 Or.
618 1408 706 1458 inserit
722 1418 779 1471 post
798 1406 871 1457 litium
892 1407 1037 1473 [priuurium
1056 1404 1108 1473 ΔΙ]
1147 1410 1169 1457 ³.
1193 1405 1257 1474 [Lit-

180 1483 260 1524 terem
279 1484 431 1540 postremam
450 1477 518 1526 vocis
537 1475 596 1525 enirn
620 1485 645 1525 et
663 1477 769 1540 primam
788 1492 810 1525 v.
826 1493 952 1541 possumus
971 1478 996 1525 in
1016 1489 1104 1526 rasura
1121 1475 1198 1525 babet
1212 1473 1255 1541 Δ.]

181 1549 206 1592 4.
224 1543 299 1594 solent
317 1542 406 1594 iadt'cee
425 1545 447 1593 E
483 1549 505 1595 b.
525 1545 549 1593 si
565 1544 629 1608 quod
645 1545 667 1594 E
704 1549 728 1596 6.
750 1542 814 1612 [non]
834 1543 917 1594 addin
935 1543 977 1595 Or.

266 1737 515 1808 compunctorum
538 1737 622 1790 litium
645 1736 745 1791 iudices
767 1735 874 1809 aramue)
891 1733 1135 1793 coniunctionem
1158 1751 1258 1790 neces·

179 1819 288 1875 seriem
301 1818 462 1876 Lambinus
485 1829 514 1876 et
532 1820 588 1876 Th.
602 1820 753 1876 Bentleius
770 1821 839 1877 addi
857 1821 1014 1876 iusserunt.
1047 1819 1152 1893 Inepte
1169 1818 1258 1893 vulgo

181 1912 319 1979 separata
342 1904 414 1960 haee
437 1905 588 1979 leguntur:
611 1906 787 1962 Pn'vatnrnm
805 1937 846 1948 -
864 1924 969 1973 sumum
993 1923 1060 1960 nam
1084 1921 1139 1959 nac
1160 1914 1259 1960 cetera

181 1998 252 2064 apte
281 1998 350 2046 sunt
372 1989 433 2046 ullo
456 1991 543 2048 modo
566 1991 602 2047 ad
625 1990 754 2065 fingendi
777 1991 898 2066 figuram
923 1991 1088 2063 (Fingamus
1110 2008 1158 2045 reos
1179 1993 1258 2060 essa).

181 2083 212 2130 et
233 2093 269 2130 aa
291 2074 406 2131 absolvi
426 2076 513 2152 longa
531 2076 617 2133 aliter
634 2075 769 2143 debebat,
792 2085 822 2132 et
839 2083 984 2150 repugnat
1001 2074 1258 2131 vehementissime

180 2162 259 2230 enim,
282 2160 361 2234 quod
385 2162 518 2235 proxime
535 2160 705 2236 adiungitur
723 2161 797 2217 illis:
820 2179 901 2234 quam
919 2163 987 2233 loyes
1004 2161 1078 2217 nobie
1093 2163 1258 2234 permittunt.

267 2247 349 2302 nitito
371 2249 466 2319 magis,
490 2247 538 2302 hoc
560 2266 611 2301 non
633 2243 741 2320 addito)
765 2246 842 2302 Miro
859 2263 958 2301 errore
976 2245 1112 2302 Brernius
1132 2244 1258 2303 etOrel·

182 2330 240 2386 lius
256 2330 320 2387 tolli
337 2350 388 2387 non
400 2331 511 2400 volunt,
529 2331 559 2387 id
578 2341 631 2397 est,
649 2331 824 2387 sententiam
839 2348 958 2405 prorsus
970 2329 1164 2404 pessumdari,
1182 2348 1258 2404 quae

183 2415 255 2471 baec
274 2424 328 2486 est,
352 2415 487 2491 exposite
508 2416 567 2472 iam
591 2434 609 2471 a
626 2415 785 2473 Lambino:
812 2416 954 2481 „Frustra
975 2415 1087 2472 iudices
1110 2424 1257 2484 cavantes,

181 2518 219 2556 ne
241 2499 277 2556 de
300 2499 389 2557 alieni
412 2500 512 2557 iudicii
535 2519 566 2557 re
589 2501 732 2570 iudicent,
763 2501 928 2558 ascribunt:
961 2503 987 2556 si
1007 2502 1075 2574 quid
1096 2503 1148 2556 mei
1167 2501 1261 2557 iudicii

180 2595 235 2652 eet3
265 2584 337 2641 nibil
366 2585 443 2641 enim
467 2605 541 2660 opus
564 2597 607 2643 est
630 2586 682 2642 illo
705 2585 920 2664 additamento;
949 2603 1015 2641 narn
1039 2585 1065 2642 si
1087 2604 1134 2642 res
1157 2603 1257 2642 eorum

182 2669 283 2726 indicii
301 2689 359 2728 uon
376 2668 442 2741 fuit,
465 2670 604 2727 iudicium
623 2672 660 2727 ab
677 2670 714 2727 iis
731 2670 850 2740 factum,
874 2671 962 2727 etiam
978 2671 1031 2727 illo
1048 2687 1106 2726 non
1118 2670 1258 2744 ascripto,

183 2765 280 2811 tamen
302 2755 417 2812 irritum
441 2756 527 2812 erit.“
573 2756 699 2831 Decepit
721 2756 801 2812 viros
823 2756 926 2813 doctos
942 2758 1067 2828 frastra,
1092 2774 1151 2829 quo
1174 2764 1259 2830 puta·

181 2849 251 2896 runt
267 2840 435 2916 significari.
458 2840 569 2897 iudices
587 2842 771 2916 propositum
789 2859 872 2921 suurn
893 2859 952 2897 non
975 2841 1102 2914 assequi.
1137 2841 1258 2898 Ε’νιιεινα

181 2934 227 2982 est
259 2929 315 2981 sinc
340 2944 439 2995 cousu3
473 2925 584 2982 frustra
617 2926 694 2982 enim
723 2928 768 2999 (ut
801 2927 864 3000 ipse
897 2926 953 2981 hoc
980 2925 1146 3000 significatu
1180 2926 1258 2999 utar)

183 3010 318 3067 Handius
347 3011 433 3067 'l'nra
463 3011 494 3067 ΙΙ
518 3031 546 3085 ρ.
565 3013 625 3067 747
654 3012 731 3067 hunc
760 3030 845 3067 usum
876 3029 894 3066 a
921 3010 1065 3068 Cicerone
1093 3011 1257 3079 abiudicet;

182 3095 241 3151 vid.
264 3096 351 3151 Tusc.
374 3097 398 3157 Ι.
424 3098 471 3152 21.
518 3097 686 3152 Formulam
711 3097 804 3170 ipsam
828 3114 863 3151 eo
886 3096 1043 3170 pertinere,
1068 3114 1105 3152 ne
1128 3096 1197 3170 quid
1221 3095 1257 3151 de

181 3198 218 3237 eo
239 3179 398 3237 iudicatum
423 3181 470 3249 sit,
493 3181 576 3238 cuius
599 3183 665 3255 quis
687 3181 777 3237 iudex
799 3191 970 3255 competens
992 3200 1049 3238 non
1073 3181 1174 3249 fuerit,
1198 3199 1255 3238 non

182 3282 339 3336 monerem,
363 3266 418 3322 nisi
442 3266 510 3324 Gzii
533 3267 748 3326 enarrationem
774 3266 912 3322 viderem.

272 3349 347 3418 Quid
366 3353 487 3408 indicant
508 3351 633 3425 consecet)
656 3352 699 3410 Ut
721 3351 793 3419 mei,
822 3351 864 3407 sic
892 3350 1017 3407 aliorum
1046 3350 1162 3408 codices
1185 3352 1259 3424 quod

182 3435 299 3503 babent,
323 3436 398 3492 male
416 3438 550 3493 conflatis
570 3437 726 3501 sententiis
742 3438 910 3510 (iudicatum,
934 3438 1008 3509 quod
1024 3437 1126 3493 indicat
1142 3439 1257 3509 seueras).

181 3521 447 3596 Interrogationem
471 3541 489 3577 a
511 3522 712 3596 superioribus
734 3522 864 3578 diiunxit
880 3522 915 3579 P.
936 3522 1040 3588 Faber,
1064 3520 1115 3577 sed
1138 3521 1259 3595 reliquit

180 3607 291 3675 indebat,
314 3606 392 3680 quod
415 3605 485 3663 ferri
510 3606 537 3662 h.
556 3608 574 3662 l.
599 3626 655 3663 non
676 3615 782 3681 potest,
806 3626 862 3663 non
881 3607 976 3663 solum
993 3607 1072 3680 quod
1090 3605 1194 3664 Cicero
1212 3606 1257 3663 bis

181 3709 284 3749 oeneus.
308 3709 366 3748 non
389 3711 495 3748 sensum
517 3693 689 3762 nominavit,
713 3692 763 3748 sed
781 3692 859 3765 quod
877 3701 979 3766 aperte
997 3692 1032 3747 de
1050 3691 1172 3767 singulis
1192 3709 1257 3747 san·

181 3776 280 3843 sibus,
309 3794 367 3833 uon
391 3777 426 3834 de
450 3778 595 3834 connnuni
620 3778 752 3852 corporis
774 3777 804 3833 vi
833 3776 977 3833 sentiendi
1006 3776 1137 3850 loquitur
1159 3795 1257 3832 exem-

181 3861 290 3936 plaque
318 3862 425 3918 subicit
453 3863 589 3937 plurium.
634 3863 738 3935 Itaque
763 3862 916 3919 Ernestius
938 3863 1073 3931 nedicunt,
1104 3861 1254 3934 secutique

181 3947 370 4005 recentiores.
405 3944 458 4027 [Et
480 3948 522 4004 ita
539 3943 590 4026 lt]
636 3947 750 4004 Deinde
773 3947 849 4004 idern
874 3965 979 4021 aspero
1001 3949 1055 4002 leve
1078 3946 1255 4003 contrarium

182 4049 246 4088 esse
264 4031 396 4101 volebam
420 4046 449 4088 et
472 4042 540 4089 sunt
556 4033 607 4088 illa
625 4033 773 4088 contraria
789 4032 827 4087 ad
845 4042 954 4088 tactum
973 4032 1044 4098 (vid.
1064 4032 1103 4088 N.
1115 4032 1153 4088 D.
1166 4032 1191 4097 1,
1206 4033 1255 4094 66,

185 4116 276 4173 Acad.
289 4116 330 4176 II.
347 4119 427 4190 121).
451 4116 569 4194 [Itaque
587 4135 664 4174 nunc
676 4136 741 4173 curn
755 4117 874 4174 Baitero
887 4117 929 4173 sic
941 4135 977 4173 ex
991 4120 1019 4173 A
1032 4117 1151 4192 scripsi;
1169 4127 1257 4172 antea

181 4201 241 4258 duo
269 4203 363 4276 prima
391 4203 594 4277 exemplorum
623 4203 706 4277 pario
734 4221 751 4258 a
779 4211 865 4278 gustu
892 4211 1010 4276 sumpte
1033 4209 1176 4276 putaram.
1221 4201 1256 4258 In

182 4305 299 4345 sumere.
334 4307 387 4362 pro
416 4307 473 4362 quo
502 4289 655 4345 Ernestius
683 4290 782 4344 moneri
808 4287 922 4356 mallet,
956 4286 1062 4345 Cicero
1089 4287 1255 4343 universam

180 4373 266 4445 quasi
289 4373 465 4429 substantivi
489 4375 598 4448 (nutus)
621 4374 768 4430 notionem
793 4373 921 4429 tenuisse
944 4372 1074 4440 videtur3
1099 4381 1128 4429 ot
1150 4371 1258 4428 dicitur

182 4466 255 4514 terra
278 4468 370 4524 movet,
394 4477 452 4515 non
476 4460 568 4516 solurn
592 4461 715 4534 voluptas
737 4478 842 4515 moveas
864 4460 891 4529 (ξ
911 4455 987 4534 31).]

1024 4579 1050 4620 14
