3030 5086
354 509 398 555 nr
422 508 502 555 uun.
525 507 588 552 nin.
613 507 637 552 11
658 508 732 554 cnr.
758 510 865 558 rn-m.
884 506 1018 570 (cn-4⁴.)
1162 489 1225 555 219

147 698 264 760 genere
285 676 455 757 voluptatis
477 675 659 740 coniunctus
682 682 743 752 est,
773 678 919 757 quodque
941 676 1061 758 etipse
1083 683 1115 742 et
1135 678 1226 742 amici

129 781 216 854 ⁴eius
244 778 385 845 etmulti
406 781 518 858 postea
539 776 719 843 defensores
742 777 809 843 eius
831 778 1005 844 sententiae
1026 778 1166 858 iuemnt‚
1195 788 1226 844 ei

148 881 254 948 nescio
276 881 431 963 quomodo
452 880 490 959 is,
513 879 566 961 qui
587 880 805 947 auctorimtem
827 881 986 945 minimam
1003 881 1106 959 hebet,
1128 882 1225 946 mexi-

147 1004 233 1050 mnm
254 983 326 1062 vim,
348 982 485 1064 populus
507 981 658 1046 cumillis
680 980 763 1047 iecit.
809 984 895 1061 Quos
917 982 977 1047 nisi
999 983 1225 1064 redarguimus,

149 1085 251 1152 omnis
273 1085 388 1163 virtus,
410 1102 503 1148 omue
525 1084 636 1161 decus,
658 1084 759 1149 omnis
781 1103 857 1149 vera
878 1084 948 1148 laus
970 1085 1146 1150 deserenda
1167 1080 1264 1151 esti

148 1189 199 1253 Ita
220 1194 395 1253 ceterorum
418 1187 577 1252 sententiis
600 1185 741 1264 semotis,
769 1187 954 1267 relinquitur
976 1205 1039 1251 non
1061 1187 1134 1251 mihi
1157 1206 1225 1252 cum

150 1290 321 1371 Torquato,
343 1289 400 1353 sed
416 1288 525 1354 virtrrti
547 1306 615 1352 cum
632 1288 793 1370 voluptate
810 1289 948 1352 certndo.
983 1292 1084 1369 Quam
1101 1289 1225 1371 quidem

149 1392 351 1456 certationem
378 1389 471 1453 homo
500 1398 532 1454 et
557 1401 667 1454 ocutus
695 1399 727 1455 et
749 1390 895 1469 diligens
926 1389 1134 1471 Chrysippus,
1163 1410 1224 1455 non

150 1493 332 1571 contemnit,
355 1498 516 1573 totumque
538 1491 704 1557 discrimen
728 1492 840 1556 summi
861 1492 934 1556 boni
955 1492 988 1556 in
1010 1511 1119 1558 ecmm
1142 1511 1225 1557 com-

219 1701 242 1746 n.
262 1695 306 1761 [id
325 1693 355 1762 A]
396 1694 490 1762 [tabem
508 1693 537 1762 Α]
576 1702 599 1745 t.
622 1712 673 1745 enm
697 1695 746 1745 iilis
766 1694 932 1762 popuiusssss
967 1697 1087 1761 credimur
1106 1696 1226 1746 LPMcR

150 1771 173 1813 6.
193 1763 332 1828 relinquitur
348 1768 409 1814 enim
426 1763 484 1813 mi'iri
500 1765 522 1813 E
558 1768 581 1814 8.
600 1763 666 1813 iromo
685 1792 717 1802 -
734 1772 803 1828 putat
821 1765 886 1814 Non.
904 1779 928 1828 p.
941 1759 990 1812 iet
1025 1765 1092 1813 domo
1110 1765 1225 1815 ocuth

150 1832 195 1883 red
210 1832 308 1897 diiipene
321 1831 384 1898 [ΑΙΡ
419 1841 441 1882 et
458 1831 493 1882 dil
517 1833 599 1882 omE
637 1831 773 1900 [Crmrppuo
783 1831 812 1899 11]
851 1838 873 1882 9.
893 1849 944 1880 enm
963 1849 1040 1882 rernm
1059 1836 1115 1896 (pro
1133 1835 1225 1895 aarum)

149 1901 216 1951 Non.
236 1902 306 1959 Aidi,
325 1917 377 1950 eom
396 1918 443 1950 rem
461 1918 537 1950 rerum
556 1902 629 1950 codd.
649 1903 746 1965 antiqui
765 1902 850 1960 Nonii,
870 1900 951 1950 eadem
970 1900 1133 1952 LPMCROr.

149 2076 253 2150 duplici
270 2094 365 2148 periere
386 2075 423 2131 de
445 2076 561 2132 Invent.
578 2074 619 2144 ΙΙ,
647 2075 704 2130 157
724 2082 754 2130 et
774 2074 842 2144 158,
865 2074 903 2130 ad
928 2076 993 2132 Ati.
1007 2075 1062 2143 IV,
1079 2075 1127 2142 15,
1143 2077 1174 2130 l:
1197 2084 1226 2131 ut

149 2170 244 2217 ceter
265 2169 353 2217 meet
374 2179 407 2216 en
429 2170 454 2217 te
475 2164 579 2216 iunctus
602 2160 751 2233 Dionysius
774 2160 816 2218 M.
840 2161 1018 2234 Pomponium
1041 2159 1109 2217 edd.
1129 2159 1225 2216 Acnd.

149 2245 176 2314 Ι,
189 2246 239 2314 40,
262 2263 348 2318 quem
372 2245 467 2302 locum
491 2245 521 2302 in
545 2245 635 2301 excl
653 2244 816 2312 vindicavi3
839 2240 886 2323 [nt
908 2245 964 2312 hic,
987 2247 1075 2303 Vnrr.
1095 2245 1129 2302 L.
1144 2245 1177 2303 L.
1196 2245 1226 2301 V

148 2350 178 2404 p.
192 2331 230 2387 26
256 2326 346 2408 Bip.].
375 2330 443 2388 sod
461 2329 562 2387 durius
580 2329 685 2389 Cicero
707 2330 744 2386 nd
767 2330 863 2404 ipsum
881 2329 1041 2403 Epicurum
1065 2329 1225 2390 transtulit.

148 2414 229 2488 qnod
252 2414 288 2470 de
310 2432 425 2471 summo
447 2415 511 2472 eius
534 2416 610 2471 bono
633 2415 751 2490 proprie
774 2414 930 2471 diceretur.

233 2501 351 2574 populm
383 2519 443 2556 cum
476 2499 542 2570 iltis)
570 2501 605 2557 Iu
636 2499 784 2556 veteribus
812 2499 987 2573 quibusdam
1016 2499 1081 2557 edd.
1110 2499 1225 2572 (Marsi.
1311 2555 1314 2559 .

146 2582 245 2657 croi.)
268 2585 451 2641 oberratum:
473 2604 533 2641 cum
556 2587 611 2641 itin
629 2586 747 2659 popuir'e.
791 2584 897 2658 Itaque
920 2585 950 2642 in
975 2605 1031 2661 mg.
1050 2584 1132 2644 Cret.
1157 2593 1225 2641 ete

147 2668 215 2728 cod.
239 2669 316 2728 Mor.
340 2678 498 2726 annotetur
520 2670 592 2726 haec
615 2678 644 2726 et
666 2669 865 2744 scripturiret
887 2671 960 2727 ordo
982 2671 1148 2727 verborum.

234 2753 436 2830 redarquimue)
459 2756 550 2812 Recte
573 2755 628 2811 hoc
651 2754 780 2811 restituit
804 2754 910 2822 Gaius,
934 2755 1012 2829 qnod
1034 2755 1064 2811 in
1088 2753 1159 2834 [AB
1182 2749 1225 2832 et]

147 2839 214 2895 edd.
239 2839 331 2897 Marsi
355 2851 385 2897 et
407 2838 487 2898 Crat.
516 2849 575 2899 est.
606 2840 682 2897 idern
711 2859 813 2897 omnes
841 2857 910 2897 suos
939 2840 1022 2897 codd.
1051 2839 1094 2897 sic
1116 2839 1225 2896 habere

147 2923 229 2989 dicit,
252 2924 309 2981 nisi
332 2925 411 2999 quod
434 2923 512 2983 Gud.
537 2927 554 2981 2
578 2943 643 2981 cum
668 2924 747 2984 Oxx.
770 2921 813 2995 Εξ
835 2927 1039 2998 rednrqunmuo.
1086 2924 1155 2981 Non
1179 2942 1225 2980 nr·

146 3009 257 3084 gnendi
280 3019 393 3077 tentum
417 3021 447 3067 et
468 3010 633 3079 accusandi,
657 3011 707 3067 sed
731 3011 924 3068 convincendi
947 3011 1035 3067 etiarn
1054 3019 1138 3066 erent
1154 3009 1224 3083 lipi-

147 3094 239 3151 cnrei.
284 3093 376 3173 [Nem
399 3115 512 3168 arcuere
539 3115 591 3170 pro
614 3115 757 3169 coar-querc
779 3097 857 3153 Livii
886 3106 916 3152 et
937 3097 1131 3171 posteriorum
1156 3091 1225 3170 est]

239 3179 408 3255 Chrysippus
435 3200 488 3237 non
515 3179 668 3255 contemnit)
691 3182 740 3255 qui
770 3181 799 3237 in
828 3199 917 3256 opere
944 3169 1010 3253 περὶ
1039 3176 1129 3236 τελῶν
1158 3197 1223 3235 eum

147 3263 269 3322 Stoicae
295 3265 446 3323 doetrinae
474 3266 695 3323 confirmatione
723 3275 893 3342 perpetuom
923 3265 1088 3339 Epicureae
1115 3263 1226 3321 refute-

147 3349 259 3407 tionem
283 3351 471 3408 coniunxisse
494 3351 636 3408 videtur.¹
664 3349 725 3410 cfr.
749 3351 843 3409 Aced.
867 3351 910 3419 ΙΙ,
936 3351 996 3407 138
1019 3360 1049 3406 et
1074 3351 1142 3408 140.

235 3438 262 3492 io
291 3455 383 3492 earum
410 3438 619 3512 comparatione)
653 3436 804 3493 Edebetun·
837 3436 866 3492 in
900 3438 992 3492 eadem
1020 3438 1225 3510 comparatione,

147 3529 253 3595 aperto
270 3521 384 3591 mendo,
408 3522 547 3595 quonism
570 3522 644 3578 nihil
666 3531 734 3577 ente
751 3522 786 3576 de
805 3520 859 3577 iiee
877 3522 1097 3596 comparatione
1114 3520 1225 3577 dictum

148 3614 228 3675 eret3
251 3624 345 3679 neque
367 3625 506 3680 umquem
524 3617 575 3664 ent
591 3607 668 3682 apud
687 3605 859 3664 Ciceronem
878 3617 930 3663 ont
946 3606 1025 3681 apud
1043 3605 1116 3661 alios
1133 3605 1225 3679 scrip·

148 3699 228 3747 tores
250 3692 319 3747 idern
346 3700 391 3747 est
413 3694 455 3750 dic
477 3697 548 3767 ipse,
577 3693 628 3765 qui
656 3709 733 3747 nnnc
761 3692 878 3748 demum
901 3691 1078 3748 nominatur.
1126 3692 1225 3763 Atque

147 3794 241 3832 «rrum
263 3776 353 3832 hebet
370 3776 440 3839 nrt,
464 3778 500 3833 de
523 3796 581 3851 qno
604 3795 663 3833 uno
686 3795 723 3833 ex
741 3776 912 3833 melioribus
930 3784 1055 3843 constet,
1080 3772 1224 3850 [etiomA

148 3857 242 3937 etBJ,
266 3869 325 3916 turn
339 3861 419 3920 Oxx.
434 3857 486 3935 Εξ,
510 3862 607 3920 Mend.
621 3861 746 3932 Davisii,
770 3862 819 3935 qui
840 3862 870 3918 id
888 3862 1041 3937 probabat,
1066 3869 1224 3935 postremo,

148 3944 175 4003 si
196 3943 273 4004 Gzio
296 3946 451 4012 credimus,
475 3947 541 4004 Bes.
566 3956 597 4004 et
613 3945 692 4004 Gud.
708 3949 739 4015 13
762 3947 812 4004 sed
836 3946 913 4004 idem
937 3955 1046 4015 namet,
1070 3945 1099 4000 in
1124 3944 1225 4001 melio·

148 4029 232 4087 ribus
253 4030 404 4106 vulgatum
429 4050 502 4098 esse,
526 4031 577 4105 qui
596 4049 662 4088 eum
679 4032 709 4088 in
723 4032 782 4089 Erl.
800 4032 994 4107 redarguatur
1016 4050 1073 4088 non
1097 4028 1224 4095 silentio,

149 4115 200 4172 sed
223 4115 409 4184 testimonio,
434 4117 538 4174 merito
561 4117 695 4191 suspicor
717 4136 782 4173 eum
807 4117 935 4173 scribere
958 4116 1110 4182 debuisse3
1133 4133 1225 4170 eorum

148 4199 237 4257 etiem
265 4200 294 4256 in
320 4202 398 4276 Spir.
421 4212 451 4258 et
474 4200 552 4261 Gud.
577 4204 594 4257 2
619 4220 698 4274 esse,
727 4201 851 4258 alterurn
880 4201 909 4257 in
940 4201 1053 4257 duobus
1077 4200 1136 4256 illis
1159 4217 1225 4273 pes·

148 4285 238 4342 simis.
289 4286 379 4361 Apud
408 4288 538 4345 Nonium
568 4289 659 4343 ecdem
693 4305 711 4342 n
739 4287 883 4343 Mercerio
917 4305 932 4343 e
961 4285 1113 4344 Ciceronis
1141 4283 1224 4341 libris

148 4369 372 4446 scriptumest:
401 4391 468 4429 nam
497 4373 526 4429 in
554 4372 655 4429 codice
685 4371 715 4429 S.
739 4371 884 4433 Victoris,
913 4390 929 4427 e
957 4389 1015 4445 quo
1045 4370 1071 4427 is
1094 4368 1223 4427 Nonium

148 4455 291 4525 restituit
323 4467 375 4514 ant
396 4458 483 4532 plane
506 4456 623 4534 gemelli
646 4456 804 4514 collatione
827 4455 1068 4533 diligentissime,
1096 4472 1171 4529 qune
1194 4453 1224 4510 in
