3030 5086
664 402 859 449 PRAEFATIO.

736 740 780 812 ll.

308 895 328 976 ξ
352 897 379 958 1.
413 891 526 958 Libros
549 893 589 958 de
610 894 722 961 linibus
740 894 846 959 Cicero
870 894 996 977 scripsit
1014 894 1150 960 Caesare
1160 894 1205 965 IV
1222 912 1297 959 con.-

217 1001 290 1066 sule
312 1001 418 1083 priore
438 1009 530 1082 parte
546 1000 619 1065 anni
635 1020 664 1066 a.
678 1002 749 1068 Chr.
762 1020 790 1066 n.
802 1001 845 1067 45
862 1008 936 1084 post
956 999 1039 1069 filiae
1055 1009 1186 1067 mortem
1202 1000 1297 1071 abso·

216 1107 380 1189 imamque
392 1107 651 1188 consolationem,
664 1110 772 1175 codem
784 1109 850 1175 iere
861 1120 1009 1190 ternpore,
1027 1127 1088 1190 quo
1100 1109 1296 1189 Academica,

218 1217 367 1295 Astruae,
389 1215 442 1281 ubi
463 1215 567 1281 villam
588 1215 730 1296 habebat,
754 1216 937 1283 brevissimo
960 1217 1063 1297 spatio
1086 1227 1118 1282 et
1139 1217 1295 1296 celeriter3

218 1324 374 1406 expobtos
407 1323 520 1399 deinde
553 1324 689 1390 nonnihil
722 1326 764 1390 ad
791 1325 923 1390 Brutum
957 1324 1041 1389 misit
1068 1332 1101 1389 et
1126 1324 1299 1404 divulgarit

218 1437 343 1496 aestate
364 1431 474 1496 eadem
496 1450 649 1498 unacum
672 1432 881 1512 Academicis,
908 1450 989 1515 quae
1009 1432 1131 1497 interca
1152 1433 1182 1496 in
1205 1432 1298 1498 ubam

218 1535 354 1603 formam
388 1539 560 1621 redegerat
574 1540 601 1620 ¹)
650 1541 756 1620 (Quod
783 1539 975 1607 Goerenzius
1008 1541 1047 1605 de
1081 1539 1196 1621 duplici
1228 1537 1296 1616 edi-

219 1645 306 1722 tione
327 1643 398 1719 libri
420 1647 518 1727 quinti
540 1647 698 1728 cogitavit,
726 1647 800 1712 nihil
823 1658 884 1727 est3
912 1653 1033 1712 tantmn
1055 1647 1087 1711 in
1110 1647 1169 1711 hoo
1190 1664 1295 1726 opere,

219 1753 314 1818 utin
342 1753 454 1828 ceteris
481 1755 637 1830 omnibus,
670 1755 818 1837 quamdiu
846 1756 983 1820 nondum
1009 1753 1144 1821 librariis
1177 1754 1294 1819 descri-

220 1860 339 1939 benda,
360 1869 396 1924 ut
417 1860 665 1941 divulgarentur,
687 1863 875 1942 tradiderat,
897 1860 1031 1927 subinde
1051 1861 1170 1947 aliquid
1192 1867 1295 1937 muia-

219 1967 289 2050 vit)
332 1968 368 2032 In
396 1986 491 2050 opere
517 1970 731 2050 componendo
755 1967 862 2036 cicero
892 1977 1017 2036 secutus
1044 1980 1093 2034 cst
1119 1968 1297 2033 Aristotelis

250 2231 271 2287 ¹)
290 2231 317 2281 ln
338 2232 456 2295 epistulis
476 2232 506 2282 au
526 2234 638 2282 Atticum
663 2235 745 2295 prima
764 2232 920 2295 significatio
939 2233 1032 2281 borum
1052 2232 1177 2281 librorum
1197 2231 1297 2281 videtur

291 2329 350 2367 esse
369 2316 426 2377 xii,
448 2317 491 2377 12,
510 2318 538 2370 2;
563 2319 597 2366 De
615 2318 725 2380 Epimro
742 2318 776 2374 tid
796 2322 848 2377 ast,
867 2317 898 2367 de
917 2320 973 2365 eins
992 2319 1165 2371 sententiale
1185 2317 1296 2367 alicuius

292 2415 400 2465 persona
419 2403 581 2466 explicanda
606 2415 657 2452 non
677 2416 741 2465 opus
761 2415 819 2454 asse
838 2402 939 2452 videtur
956 2401 1035 2452 scribi
1054 2402 1084 2450 de
1102 2400 1244 2464 Epicwcoi,
1269 2407 1299 2459 ut

292 2486 373 2542 coles,-
407 2488 452 2536 etsi
482 2484 700 2558 μοθαρμόόομαι
731 2487 759 2535 in
787 2494 916 2550 posterum
945 2500 1023 2548 penas
1054 2486 1099 2536 boc
1122 2499 1296 2549 personarum

293 2572 388 2621 Deinde
400 2571 500 2631 111145,
512 2573 535 2632 1,
554 2575 627 2622 initio
643 2575 740 2622 mensis
755 2572 831 2631 lunii,
850 2573 948 2630 scribit,
968 2575 1114 2622 celaturae
1132 2572 1183 2621 duc
1203 2584 1297 2633 magna

292 2653 461 2726 orvrrriyuam
479 2657 635 2716 absolvisse,
659 2671 725 2721 quae
749 2661 826 2708 ctiam
844 2663 947 2722 propter
973 2670 1050 2707 usum
1069 2660 1139 2707 vocis
1158 2653 1296 2726 σύνταγμα

294 2745 390 2791 rectius
400 2742 552 2791 Academica
572 2748 597 2791 et
614 2742 640 2791 nt
656 2743 713 2793 iibri
729 2744 915 2807 intelleguntur
929 2755 1006 2805 quam
1021 2742 1072 2792 duo
1082 2742 1296 2792 Academicorum

207 2879 213 2886 ‚
296 2825 362 2876 iibri.
390 2826 454 2884 lilii,
465 2827 507 2888 32,
517 2827 709 2890 3Torquatum,
725 2829 749 2878 id
760 2834 807 2888 esi,
821 2831 934 2891 primum
945 2828 1041 2877 librum
1051 2827 1083 2876 do
1093 2826 1189 2876 tinibus
1202 2827 1296 2876 Romae

294 2925 351 2961 esse
370 2912 431 2961 dicii
451 2917 490 2971 tut
508 2912 689 2975 describatur),
708 2913 831 2962 Catulum
851 2920 876 2962 ct
890 2911 1029 2962 Lucullum
1049 2925 1077 2962 se
1095 2912 1199 2961 credere
1214 2913 1297 2961 Attico

293 3003 366 3046 antea
386 2998 467 3055 datos,
486 2997 581 3060 quibus
600 2998 673 3046 libris
692 3010 720 3047 se
740 3011 809 3046 nnnc
829 3011 893 3047 nora
912 3000 1043 3061 prooemia
1063 2997 1200 3046 addidisse.
1235 2994 1298 3053 lilll,

296 3081 340 3139 12,
359 3081 386 3139 3,
405 3095 471 3145 qnae
490 3083 599 3145 epistula
619 3085 712 3145 scripta
731 3088 770 3132 esi
789 3096 878 3132 mense
897 3083 1032 3144 (inicedit,
1052 3082 1131 3131 libros
1152 3082 1182 3130 de
1201 3080 1297 3130 linibus

296 3171 345 3216 iam
366 3167 442 3215 bruto
461 3167 604 3230 desponsos
624 3168 686 3217 dicit
704 3166 831 3228 (nondum
851 3167 969 3227 missos);
991 3171 1075 3229 itaque
1094 3181 1129 3222 se.
1150 3174 1177 3214 ut
1191 3167 1297 3215 Varroni

295 3253 440 3302 satisfacere
465 3255 558 3315 possit.
586 3254 630 3316 qui
658 3260 741 3317 parics
766 3256 790 3301 in
814 3254 901 3315 aliquo
926 3252 1059 3302 Ciceronis
1083 3255 1177 3315 scripto
1203 3252 1297 3300 babere

296 3338 434 3400 cupiebat,
458 3338 488 3386 ad
517 3351 576 3386 eum
605 3339 756 3387 Academica
783 3338 976 3387 translaturum.
1022 3338 1055 3387 lla
1084 3337 1297 3387 Academicorum

298 3425 402 3471 mutatio
421 3429 639 3471 commemoratur
658 3424 701 3472 lib.
721 3422 784 3480 xiii,
804 3422 843 3476 13.
863 3422 903 3481 14,
923 3423 966 3482 18;
990 3426 1016 3472 in
1036 3423 1145 3486 epistula
1166 3421 1209 3479 19,
1229 3425 1297 3471 circa

298 3508 347 3556 ilai.
368 3506 448 3564 Sext..
474 3515 497 3556 ei
522 3521 550 3557 ea
575 3511 626 3557 iam
649 3509 767 3558 absoluta
787 3516 903 3557 narratur
922 3514 947 3557 ei
970 3508 1027 3557 iibri
1047 3508 1078 3558 de
1097 3507 1193 3557 linibus
1214 3509 1297 3556 nomi·

297 3600 403 3646 nutriar.
427 3595 550 3650 coniecti,
575 3607 626 3642 non
646 3593 715 3642 cdiii.
752 3593 797 3656 llp.
816 3592 862 3652 21,
881 3594 898 3644 4
916 3594 1068 3643 Academica
1091 3594 1169 3643 altera
1190 3592 1296 3641 Romam

297 3677 463 3726 describenda
482 3691 509 3726 se
530 3681 632 3728 misisse
651 3679 748 3736 scribit,
768 3680 941 3742 queriturque,
962 3680 1029 3741 quod
1052 3679 1145 3727 linibus
1164 3677 1196 3726 ub
1216 3681 1298 3726 Attico

297 3766 345 3812 iam
369 3766 490 3826 quintum
518 3763 612 3812 librum
640 3763 672 3812 de
694 3761 791 3812 finibus
814 3763 1008 3826 descripsisset.
1036 3777 1096 3813 cum
1125 3763 1242 3812 nondum
1266 3762 1298 3811 ad

298 3848 402 3897 brutum
426 3861 491 3909 opus
517 3851 626 3897 missum
650 3853 718 3897 esset
736 3853 761 3897 et
779 3848 869 3898 Cicero
893 3852 918 3898 in
939 3861 968 3898 eo
988 3850 1052 3898 libro
1071 3862 1122 3896 non
1140 3862 1200 3896 rorte
1217 3846 1299 3895 multa

296 3938 422 3987 mutasset,
445 3933 487 3980 sed
510 3940 593 3980 tomen
616 3933 751 3995 quaedum
779 3936 841 3983 item
864 3933 1017 3985 Caerelliam
1041 3933 1121 3983 libros
1144 3935 1175 3983 de
1201 3933 1298 3982 linibus

298 4021 345 4067 iam
365 4018 466 4067 habere.
503 4020 581 4083 iipist.
599 4016 641 4074 23.
659 4016 683 4077 2,
702 4018 839 4068 autaldus
858 4018 934 4076 Sext,
953 4021 979 4068 in
1000 4019 1161 4068 Academicis
1181 4019 1297 4068 librario·
1340 4074 1344 4082 q

297 4117 352 4152 rum
372 4105 465 4153 menda
484 4104 552 4162 tolli,
576 4104 656 4154 iibros
680 4104 711 4152 dc
735 4103 831 4153 linibus
854 4106 879 4154 in
904 4105 1069 4154 librariorum
1093 4104 1213 4153 manibus
1233 4117 1299 4162 esse,

296 4190 377 4239 Attico
405 4195 507 4247 narrat,
541 4203 589 4239 nec
620 4196 708 4253 postea
739 4189 819 4239 libros
852 4190 884 4240 de
913 4189 1009 4239 linibus
1035 4194 1234 4247 commemorat;
1268 4190 1300 4240 de

297 4274 454 4324 Academicis
474 4274 605 4324 dubitabat
625 4277 701 4325 etiam
721 4281 789 4335 tum,
814 4274 920 4326 Varroni
940 4276 1091 4325 tradendins
1110 4281 1197 4325 essent
1216 4288 1299 4326 necne

298 4356 345 4417 tat,
364 4357 414 4410 251.
