3030 5086
276 459 339 523 170
664 478 709 523 aa
732 478 863 524 armeus
886 477 956 522 son.

274 645 338 710 ulla
360 655 428 711 arte
450 647 623 729 distingvi13
654 656 689 708 ut
711 648 788 712 haec
808 646 894 726 ipsa,
918 665 998 726 quac
1021 648 1113 711 modo
1135 646 1349 727 loquebamur.

274 749 433 813 Summum
455 767 474 813 a
497 750 584 813 vobis
607 749 722 812 bonum
744 749 888 829 voluptas
911 749 1031 812 dicitur.
1065 748 1278 829 Aperiendum
1300 758 1351 814 est

273 851 377 930 igitur,
399 852 475 933 quid
497 852 537 915 sit
559 851 718 931 voluptas;
741 852 833 915 aliter
855 851 937 915 enirn
958 851 1121 931 explicari,
1144 851 1230 931 quod
1251 869 1349 932 quae-

272 953 365 1031 ritur,
393 973 455 1017 nou
478 962 590 1034 potest.
635 956 735 1033 Quam
758 954 784 1018 si
807 953 1039 1034 explicavisset‚
1069 972 1130 1017 non
1159 962 1222 1017 tam
1246 953 1349 1018 haesi·

235 1056 369 1133 btaret;
392 1063 447 1118 aut
468 1055 549 1120 enirn
572 1074 641 1119 earu
664 1055 854 1136 voluptatem
874 1063 1023 1132 tueretur,
1046 1073 1138 1136 quam
1158 1055 1349 1135 Aristippus,

272 1157 304 1221 id
326 1166 383 1235 est
406 1176 469 1238 qua
490 1176 602 1222 seusus
619 1157 751 1222 dulciter
768 1174 806 1220 ec
821 1157 955 1220 iucunde
971 1166 1122 1235 movetur,
1144 1176 1238 1238 quam
1255 1156 1349 1222 etiam
1397 1156 1400 1163 ’

272 1260 422 1340 pecudes,
449 1259 476 1323 si
499 1259 583 1340 loqui
605 1271 749 1340 possent,
776 1258 972 1339 appellarent
994 1260 1199 1340 voluptatem,
1229 1270 1298 1338 aut,
1321 1259 1349 1324 si

272 1362 371 1442 magis
394 1361 531 1442 placeret
553 1379 610 1425 suo
633 1380 719 1425 more
740 1360 826 1442 loqui
848 1380 941 1442 quam
964 1373 999 1425 ut

426 1467 562 1527 Omnes
585 1463 707 1528 Danai
730 1471 845 1543 atque
868 1463 1134 1543 Mycenenses,

215 1566 257 1631 10
427 1565 557 1629 Attica
579 1566 706 1646 pubes,

274 1665 445 1748 reliquique
462 1668 584 1745 Graeci,
608 1667 661 1748 qui
683 1666 742 1731 hoc
763 1677 935 1747 anapaesto
958 1668 1103 1746 citamur,
1125 1666 1184 1731 hoc
1206 1685 1267 1731 nan
1292 1668 1348 1731 da-

272 1767 337 1833 lerc
363 1768 463 1832 solum
486 1769 653 1849 voluptatis
677 1769 800 1833 nomine
822 1769 1009 1849 appelleret,
1037 1770 1112 1834 illud
1135 1770 1349 1851 Aristippeum

344 1945 364 1989 l.
389 1938 432 1988 itta
455 1940 476 1988 Ε
520 1939 633 2004 distinqui
655 1940 772 1989 LPMCR
811 1948 823 1986 ⁴
856 1939 971 1988 adstaret
994 1941 1051 2000 (sic)
1072 1940 1091 1988 L
1136 1944 1157 1990 t.
1181 1939 1268 1989 scirent
1291 1948 1348 2004 (pro

268 2008 416 2140 zodslzerit'tpssC
458 2012 481 2058 9.
501 2015 542 2057 out
563 2006 720 2074 [aquilea
767 2014 801 2057 10,
822 2016 846 2056 at
864 2009 982 2056 arlt'caE
1029 2013 1065 2059 ll.
1081 2007 1200 2072 precarii
1245 2013 1282 2057 ΙΙΔ
1303 2025 1348 2073 op·

273 2225 306 2272 ut
331 2216 507 2291 „ascriptum
532 2217 652 2272 habuit··
674 2216 815 2291 Scaliger.
839 2218 930 2273 (laceri
950 2219 1014 2273 vult.
1050 2217 1236 2274 Deteriorum
1255 2217 1348 2292 scrip·

273 2311 339 2358 tura
361 2311 520 2360 annotatur
542 2312 655 2359 tantum
679 2321 716 2359 ex
729 2302 808 2361 Oxx.
819 2313 878 2375 χψ;
901 2302 1001 2376 itaque
1013 2297 1056 2370 Εξ
1074 2315 1185 2358 rectum
1210 2302 1348 2359 habuisse

272 2386 419 2445 videntur.
465 2386 559 2443 Paulo
582 2397 650 2443 ante
673 2399 697 2444 et
718 2391 820 2444 ratione
842 2407 874 2444 ac
896 2391 940 2444 via
962 2397 1120 2444 annotatur
1142 2388 1172 2443 iu
1195 2406 1253 2464 mg.
1267 2386 1348 2446 Crat.

273 2474 339 2547 (pro
361 2492 393 2529 ac
415 2483 467 2529 rat.
490 2483 514 2528 et
536 2474 573 2544 v.)
597 2473 751 2547 editurqua
774 2473 862 2529 tacite
886 2473 953 2529 inde
976 2491 994 2528 a
1017 2471 1155 2530 Grutero.

358 2578 406 2614 suo
439 2577 510 2614 more
543 2561 616 2632 loqui
647 2578 728 2633 quam
763 2560 805 2634 ut)
839 2558 917 2615 Miro
946 2577 1044 2614 errore
1074 2557 1266 2614 Marklandus
1300 2558 1350 2625 (ad

274 2643 400 2701 Statium
418 2663 446 2718 p.
460 2644 542 2715 330),
567 2661 631 2700 cum
656 2664 736 2718 qrenm
756 2663 916 2718 pronomen
936 2644 1227 2718 relativum-putaret
1245 2645 1350 2719 (volup-

273 2730 379 2801 tatem),
413 2729 510 2785 deleto
539 2739 567 2786 ut
594 2748 708 2785 ornnem
738 2730 914 2786 sententiam
946 2729 1159 2803 pessumdedit.
1189 2729 1353 2803 habuitque

273 2814 468 2888 obsequentes
504 2814 668 2871 Ermestium
704 2826 733 2872 et
766 2815 925 2872 Bromium.
980 2814 1138 2872 Contraria
1172 2823 1241 2871 sunt
1273 2815 1351 2872 enim

272 2901 348 2973 loqui
368 2919 416 2956 arco
435 2918 506 2956 inore
523 2910 552 2956 et
557 2902 643 2997 'loqui
658 2911 687 2956 ut
704 2921 791 2956 estraes
805 2901 901 2956 Donni
917 2902 1069 2974 loquantur.
1093 2909 1361 2974 usurpareturque,¹

272 2992 338 3040 utor
361 2984 464 3041 modus
488 2985 580 3059 magis
602 2986 726 3059 placeat.
771 2987 876 3059 ltaque
900 2985 1049 3053 Bremius‚
1081 2985 1170 3042 semel
1199 2986 1349 3085 deceptus

168 3090 174 3099 ·
272 3069 357 3145 plura
380 3078 408 3126 et
431 3070 544 3126 maiora
566 3071 685 3127 molitus
702 3080 755 3128 est.
787 3070 881 3128 Gaius
899 3082 927 3127 nt
944 3071 1081 3168 restituit
1105 3088 1221 3126 causam
1241 3071 1351 3129 erroris

272 3173 330 3211 non
355 3155 510 3213 intellexit.

357 3251 438 3314 atque
460 3242 501 3297 M
492 3242 647 3315 pensasses)
676 3241 740 3311 Sic,
769 3251 801 3297 ut
824 3259 927 3297 versus
950 3240 1094 3315 postulat,
1123 3240 1285 3298 Lambinus
1307 3243 1352 3314 (et

272 3325 428 3382 Turnebus
456 3326 618 3382 Adversar.
647 3327 693 3391 ΙΙ,
726 3328 790 3399 ll),
825 3335 946 3399 eratque
976 3326 1032 3385 sic.
1067 3326 1091 3382 si
1123 3325 1284 3396 credimus,
1317 3326 1349 3383 in

274 3409 436 3485 „Scaligcri
460 3416 578 3467 vetere“
604 3421 633 3467 ot
650 3412 762 3468 Elieusi
782 3410 846 3484 (ἳῖ)
868 3412 948 3485 apud
966 3412 1041 3468 Dav.
1074 3411 1174 3469 Ceteri
1191 3423 1247 3478 aut,
1270 3412 1350 3486 quod

272 3495 420 3554 Gruterus
448 3496 490 3552 ait
511 3497 541 3552 in
565 3497 701 3553 omnibus
725 3497 800 3554 Pall.
823 3516 902 3561 esse,
932 3496 1024 3554 Gzius
1053 3498 1140 3553 etiarn
1165 3497 1194 3553 in
1218 3497 1296 3571 Spir.
1320 3507 1351 3554 et

272 3581 333 3638 Eri.
357 3579 413 3659 [B]
463 3583 498 3639 Ut
525 3593 592 3638 ante
621 3584 713 3639 Attica
740 3584 829 3655 (atrita
859 3581 938 3639 Gud.
963 3583 995 3638 Ξ.
1024 3586 1125 3639 arctico
1149 3583 1230 3656 Bas.)
1260 3583 1350 3639 etiam

272 3665 351 3741 Spir.
366 3666 407 3744 [B
424 3666 496 3744 aat]‚
520 3686 611 3742 prava
624 3668 819 3742 vrepetitionem
844 3686 909 3723 narn
928 3668 1048 3740 nequis
1072 3667 1194 3724 scribat:
1216 3688 1298 3742 qaam
1321 3679 1352 3725 ut

271 3772 360 3808 amatas
383 3753 491 3809 Danai.
520 3763 548 3807 at
572 3755 758 3826 Mycenenses.
781 3762 810 3808 at
832 3753 924 3809 Attr'ca
944 3754 1042 3827 prades.
1067 3772 1124 3809 non
1148 3753 1242 3809 solum
1265 3753 1350 3828 inep-

271 3837 385 3893 tissima
419 3837 580 3896 diiunctio.
616 3857 682 3895 curn
717 3838 867 3894 nominum
902 3838 1108 3895 coniunctione
1142 3857 1263 3908 ornnes,
1298 3838 1350 3913 qui

271 3923 380 3996 ubique
403 3923 471 3991 sint,
495 3923 705 3998 significentur,
729 3923 779 3979 sed
799 3942 900 3980 versus
918 3924 1073 3980 dissolutio
1092 3924 1238 3999 prohibet,
1262 3942 1349 3998 quem

271 4018 420 4064 servatum
443 4028 508 4065 asse
532 4019 560 4064 et
585 4007 736 4066 Ciceronis
763 4028 825 4065 rnos
848 4021 876 4065 et
900 4010 990 4065 verba
1013 4011 1061 4066 doc
1082 4020 1229 4084 artaproeato
1251 4018 1351 4067 osten·

272 4093 352 4149 dunt.
397 4095 451 4150 Est
473 4113 509 4150 ex
534 4094 647 4151 ineerta
669 4095 829 4166 tragoedia.
877 4095 1060 4151 &territurus
1083 4095 1130 4150 bic
1154 4095 1271 4168 quidem
1295 4107 1349 4163 est,

272 4178 355 4235 utin
379 4179 483 4236 lexicis
506 4180 649 4254 explicari
674 4181 769 4250 video,
793 4183 975 4239 restaurantur.
1000 4180 1050 4236 sed
1073 4180 1129 4236 fuit
1154 4181 1182 4235 iu
1207 4181 1258 4237 illo
1280 4199 1350 4237 can·

272 4264 329 4319 tico
353 4265 469 4321 vocatio
493 4264 635 4338 quaedem
660 4277 687 4322 et
711 4267 823 4333 citatio,
847 4275 877 4321 ut
901 4266 1046 4322 adessent.
1092 4269 1276 4340 Arznpoestum
1297 4285 1350 4343 pro

272 4349 400 4406 carmine
429 4350 597 4445 anapaestis
626 4353 736 4441 scripto
765 4352 868 4410 Cicera
898 4351 972 4407 dixit
997 4352 1084 4408 etiarn
1109 4352 1197 4408 Tusc
1220 4354 1283 4423 ΙΙΙ,
1309 4354 1348 4409 57

272 4423 318 4504 (τὸ
341 4418 536 4501 ἀνάπαιστον,
559 4425 598 4491 τὰ
622 4422 815 4509 ἀνάπαιστα).
