3030 5086
422 493 465 538 nr
488 493 568 538 unu.
591 491 653 536 una
676 491 711 537 1v
733 491 806 537 car.
825 493 847 540 a.
867 493 999 552 rar-er.)
1181 474 1245 541 515

173 662 288 740 venire,
310 660 450 738 interfici,
472 660 606 741 patriam
622 659 786 723 amittere?
817 661 867 724 Au
885 667 1021 739 senatus,
1044 678 1113 724 cunr
1134 660 1244 726 trium-
1315 652 1325 669 ”

174 764 270 847 phurn
294 761 439 828 Africano
463 763 659 841 decerneret,
681 762 782 842 quod
804 762 886 827 eius
908 762 1055 827 virtute
1077 768 1133 826 aut
1153 760 1244 828 ieli-

174 866 293 931 citate
312 873 429 946 *posset
449 865 566 942 dicere,
593 864 621 928 si
648 882 749 944 neque
770 864 869 927 virtus
896 864 929 928 in
956 864 1019 956 ullo
1047 864 1106 929 uisi
1132 864 1166 927 ia
1191 883 1243 930 sa·

174 968 280 1049 piente
306 985 363 1031 nec
389 965 521 1031 felicitas
543 983 616 1030 vere
638 965 698 1029 dici
719 965 845 1047 potest?
889 968 976 1046 Quae
998 974 1048 1031 est
1067 967 1162 1046 igitur
1182 967 1244 1032 ista

174 1069 380 1152 philosophia
402 1087 483 1150 quae
504 1066 659 1132 communi
679 1086 766 1132 more
783 1067 815 1131 in
832 1066 902 1132 loro
917 1067 1063 1148 loquitur,
1085 1069 1117 1133 in
1133 1067 1244 1134 libellis
1261 1073 1282 1138 5

174 1171 254 1236 suo?
275 1171 460 1252 praesertim
478 1188 555 1249 eum,
579 1169 663 1251 quod
679 1169 724 1232 illi
746 1167 812 1233 suis
828 1169 933 1234 verbis
951 1168 1133 1251 significent,
1153 1170 1186 1235 in
1207 1187 1244 1235 eo

244 1383 266 1425 ⁸2.
287 1375 345 1440 quid
362 1375 391 1424 de
409 1375 458 1423 eires
478 1375 498 1425 C
519 1373 583 1438 quod
599 1374 627 1423 de
645 1373 694 1422 eius
714 1374 736 1422 R
771 1379 792 1425 ³.
813 1372 876 1423 naue
894 1374 982 1424 ELPC
1017 1373 1116 1440 iapost
1132 1374 1180 1424 nat
1195 1390 1244 1425 om.

174 1444 241 1493 ELP
277 1450 300 1492 b.
320 1442 395 1492 libello
413 1442 546 1493 LPCROr.
584 1446 606 1493 6.
625 1442 704 1491 mis

175 1638 294 1702 traicere,
318 1633 492 1708 Propertius
515 1643 544 1689 et
561 1632 686 1690 Ovidius
708 1636 819 1689 traicere
840 1634 946 1706 aliquid
966 1651 1048 1708 saper
1068 1634 1174 1708 aliquid
1194 1643 1246 1690 aut

170 1739 222 1794 per
243 1721 356 1793 aliquid.
401 1719 505 1792 Neque
534 1729 630 1774 tamen
661 1718 788 1775 seribere
811 1718 880 1775 licet
901 1737 1006 1774 murum
1028 1720 1143 1775 caculam
1165 1721 1245 1775 uate-

173 1810 265 1873 cr'aset,
300 1822 358 1860 non
387 1804 481 1862 solum
510 1817 631 1880 propter
653 1803 837 1870 violentiam,
871 1803 923 1859 sed
952 1803 1030 1876 quod
1057 1804 1166 1879 duplex
1193 1803 1244 1860 ille

174 1890 358 1946 accusativus
381 1907 439 1946 non
463 1889 581 1963 ponitur
604 1888 659 1945 nisi
683 1891 719 1947 de
741 1889 787 1957 iis,
812 1889 862 1962 qui
884 1888 1077 1946 traducuntur
1099 1899 1129 1946 ot
1150 1897 1245 1946 trans·

174 1975 320 2031 vehuntur
343 1993 394 2049 per
416 1974 512 2031 locum
535 1975 671 2048 aliquem.
713 1974 844 2033 Solinum
863 1985 1006 2031 annotant
1022 1993 1047 2032 c.
1062 1975 1101 2031 52
1119 1974 1244 2031 dixisse:

174 2072 202 2115 ut
225 2063 354 2116 translacr'
375 2062 519 2133 (nemora)
542 2079 574 2116 ne
595 2062 699 2132 capitiis
721 2061 828 2134 quidem
845 2062 960 2134 possint.
1007 2059 1134 2134 (Plinius
1152 2060 1191 2116 H.
1203 2060 1242 2118 N.

175 2146 244 2211 Vll,
270 2148 306 2201 21
332 2148 486 2220 superiaci.)
535 2146 726 2202 Transmittere
753 2154 847 2201 uotum
869 2146 959 2219 lapide
985 2144 1021 2200 de
1043 2145 1141 2220 lapide
1163 2153 1245 2202 trans

174 2240 281 2287 tectum
307 2231 395 2287 misso
418 2229 533 2287 Plinius
556 2230 632 2287 dixit
654 2231 806 2299 XXVIII,
831 2230 886 2298 33;
914 2248 1015 2285 verum
1043 2230 1073 2286 in
1096 2248 1131 2287 oo
1153 2230 1244 2287 verbo

173 2316 322 2372 ablativus
350 2316 385 2372 de
414 2315 608 2373 instrumento
635 2316 809 2372 vulnerandi
839 2333 896 2372 non
930 2314 1050 2390 ponitur
1081 2315 1138 2373 nIsi
1167 2315 1245 2391 apud

174 2400 277 2460 Silium
302 2403 427 2476 (cuspide
440 2411 549 2475 pectus,
572 2401 634 2474 al).
680 2398 806 2482 [Pangit
827 2401 955 2456 animum
979 2400 1052 2457 illud
1078 2400 1108 2456 in
1130 2400 1191 2457 Eri.
1215 2409 1245 2457 et

176 2488 200 2543 B
222 2490 336 2555 vendet,
359 2505 424 2543 eum
447 2487 619 2562 praesertim
643 2488 708 2561 ipsa
730 2485 865 2542 veniendi
888 2485 970 2542 notio
994 2485 1088 2542 minus
1110 2496 1180 2560 apta
1201 2486 1245 2541 vi·

178 2572 281 2628 deatur
303 2575 383 2648 (proz
412 2574 451 2628 ad
474 2583 571 2647 portas
600 2576 687 2645 esset).
732 2571 837 2628 Fuitne
860 2572 999 2627 Hannibal
1016 2581 1113 2646 portus
1128 2569 1244 2644 feriret?

174 2658 242 2714 Nisi
264 2661 361 2713 veniret
383 2656 490 2713 dicitur
507 2657 543 2713 de
561 2658 659 2716 Hann.
684 2668 784 2732 portas
806 2666 1019 2731 oppugnatum,
1043 2655 1111 2713 dato
1133 2656 1190 2713 iarn
1213 2656 1244 2712 in

176 2761 258 2797 muro
281 2742 494 2816 praetereundo
517 2741 617 2799 infesti
641 2742 756 2798 consilii
779 2736 889 2819 signo]

260 2829 304 2881 Aa
327 2827 449 2898 cenatas)
471 2827 633 2883 Lambinus
654 2831 681 2882 in
704 2837 810 2892 serata,
839 2827 947 2882 omisso
969 2845 1018 2890 an,
1047 2836 1080 2882 ut
1100 2825 1177 2882 idem
1200 2825 1245 2882 iu·

176 2911 331 2984 tellegatur
359 2911 388 2966 in
417 2922 520 2966 senatu
542 2913 680 2985 loquens,
709 2911 759 2985 qni
787 2912 816 2966 in
845 2911 990 2968 contione.
1036 2909 1132 2968 Credo
1159 2912 1246 2968 dicere
1296 2972 1300 2981 ,

175 2997 272 3069 aptius
295 2997 321 3052 ei
344 2996 438 3052 visum
462 3014 526 3052 esse
550 2997 584 3052 de
608 3007 742 3053 senatore
765 2995 938 3052 sententiam
962 2995 1077 3052 dicente
1099 3012 1185 3068 quarn
1209 2994 1245 3051 de

175 3082 313 3139 universo
336 3092 448 3138 senatu.
495 3082 553 3139 Sed
582 3081 606 3137 si
635 3083 670 3137 de
701 3082 802 3138 eodem
826 3081 942 3137 homine
965 3081 1099 3156 superior
1121 3080 1246 3137 interro·

174 3167 254 3242 gotio
278 3168 512 3231 continuaretur,
542 3166 757 3223 desideraretur
779 3166 891 3241 aliquid
912 3166 950 3222 ad
973 3165 1156 3223 vinciendum
1179 3183 1244 3222 ors-

175 3253 283 3308 tionem
303 3255 340 3322 (ia
363 3262 457 3308 senata
478 3254 587 3324 autern).
622 3253 658 3309 In
681 3252 824 3328 proximis
846 3251 944 3308 verbis
957 3251 1061 3310 (littero
1083 3250 1245 3308 diiunctivo

175 3337 319 3412 particula
342 3355 412 3393 usus
435 3346 479 3394 est
490 3338 550 3410 (aat
565 3339 716 3411 felicitate),
740 3337 795 3393 etsi
817 3337 848 3393 iu
871 3337 995 3393 decretis
1018 3336 1090 3392 haee
1107 3336 1245 3412 coniungi

174 3422 318 3489 solebant,
342 3432 374 3477 ut
396 3423 582 3497 significaret,
607 3442 642 3478 ne
665 3422 789 3478 alterum
811 3433 908 3478 utrum
932 3422 1049 3496 quidem
1072 3420 1130 3477 dici
1146 3421 1245 3490 licere,

174 3507 199 3563 si
222 3507 287 3580 quis
311 3507 427 3564 Stoicos
450 3509 532 3581 sequi
556 3508 653 3567 vellet.
689 3507 772 3580 (Ern.
796 3506 924 3563 malebat
944 3527 977 3564 ac
993 3508 1057 3581 sel.)
1094 3505 1174 3574 Quod
1189 3509 1245 3563 eius

174 3592 218 3665 (in
245 3610 302 3665 quo
331 3592 474 3648 retinetur
500 3594 565 3667 ipsa
594 3593 690 3649 forma
717 3593 859 3649 orationis
886 3601 1006 3649 senatus
1033 3593 1245 3665 consultorum)

174 3677 303 3733 restituit
326 3676 412 3734 Grut.
436 3697 451 3733 a
476 3677 539 3735 Pal.
566 3679 599 3746 43
623 3678 705 3735 addit
726 3678 828 3735 Daris.
852 3678 935 3734 Parr.
959 3687 1027 3744 tres,
1051 3675 1144 3735 Gaius
1166 3695 1245 3747 suos,

174 3763 230 3818 nisi
261 3762 337 3836 quod
361 3762 428 3818 Bas.
453 3773 482 3818 et
506 3762 583 3822 Gud.
612 3766 626 3819 1
651 3763 796 3820 retineant
825 3765 892 3837 qaid
919 3765 953 3820 de
980 3766 1045 3819 aas.
1089 3762 1185 3835 (Quod
1212 3763 1246 3819 de

174 3847 253 3904 Oxx.
278 3851 400 3921 omnes.)

259 3937 284 3988 in
309 3936 361 3988 allo
383 3936 436 3988 nisi
456 3936 482 3988 r'n
505 3932 636 4009 sapiente)
654 3931 813 3991 Geminata
835 3933 933 3990 littera
954 3933 985 3989 in
1002 3933 1066 3992 cod.
1085 3931 1245 4009 archetypo

174 4018 273 4092 (Patr,
299 4018 424 4084 Davisii
448 4018 536 4086 Oxx.,
555 4016 623 4076 Gaii
642 4019 786 4087 omnibus,
799 4016 879 4095 [B]),
902 4015 1010 4075 iactum
1034 4026 1098 4074 erat
1120 4020 1147 4074 in
1164 4020 1244 4088 nuto,

174 4105 251 4178 quod
275 4105 303 4160 in
326 4104 381 4159 hac
404 4103 521 4177 quidem
544 4101 647 4172 forma,
670 4104 700 4159 in
724 4103 820 4159 media
841 4103 1035 4171 diiunctione,
1058 4122 1094 4160 ne
1116 4103 1244 4179 speciem

173 4189 290 4262 quidem
321 4188 500 4245 defensionis
528 4189 640 4263 recipit.
685 4189 759 4245 Post
781 4189 807 4245 R
829 4189 958 4246 correxit
980 4188 1146 4258 Manutius,
1176 4188 1244 4245 inde
1270 4214 1275 4237 ι

173 4276 210 4330 ab
235 4276 304 4330 Ern.
327 4293 437 4329 omnes.
482 4273 597 4330 Deinde
624 4277 652 4329 in
673 4270 742 4349 p'ost
763 4277 816 4330 arsi
836 4264 891 4347 (ni)
912 4293 971 4331 non
994 4283 1058 4331 erat
1084 4274 1114 4330 in
1143 4274 1245 4331 arabe

173 4369 243 4434 typo
264 4357 374 4434 (Εὓξχ.
399 4359 488 4434 Spin,
512 4355 575 4438 [B],
600 4360 678 4429 Bas,
701 4360 806 4432 Mon),
829 4359 1006 4433 sustulitque
1028 4369 1096 4435 post
1112 4358 1191 4419 Viot.
1214 4367 1245 4416 et

174 4446 253 4501 Mau.
272 4446 374 4503 Gaius.
397 4444 548 4504 Ciceronis
570 4445 810 4503 consvetudiuem
833 4445 1080 4548 praepositionem
1102 4443 1244 4520 flagitare,

989 4560 1040 4608 8³⁸
