3030 5086
456 545 499 590 nr
524 544 604 589 nnn.
627 542 690 588 nrn.
713 543 756 588 1v.
780 542 852 589 cnr.
876 545 912 591 ie.
928 541 1061 604 (ee-³⁴.)
1231 521 1292 587 531

218 715 312 795 igitur
333 722 456 777 mutare
483 711 637 792 principia
664 709 816 773 naturae?
860 700 942 790 Q'uid
970 709 1053 774 enim
1082 708 1174 786 diois,
1205 727 1324 774 omne-

219 813 341 891 animal,
365 813 456 877 simul
477 820 572 893 etque
594 812 635 875 sit
657 817 774 888 ortum,
797 810 986 892 applicatum
1010 829 1080 875 esse
1102 811 1144 874 ud
1167 829 1200 874 se
1224 809 1295 873 dili-

219 916 354 997 gendum
377 932 508 994 esseque
525 914 556 977 in
574 932 608 976 se
627 913 841 976 conservando
864 915 1068 993 occupatum?
1091 913 1165 994 quin
1188 912 1294 992 potius

218 1017 264 1081 itu
286 1017 379 1095 dicis,
402 1034 493 1078 omne
515 1015 630 1078 animal
653 1014 842 1094 applicatum
865 1032 935 1078 esse
957 1015 998 1078 ad
1021 1013 1068 1092 id,
1097 1014 1181 1095 quod
1203 1014 1235 1077 in
1258 1032 1295 1078 eo

220 1118 261 1182 sit
283 1118 441 1198 optimum,
464 1122 495 1179 et
516 1117 546 1179 in
570 1116 636 1179 eius
659 1116 750 1179 unius
773 1125 957 1196 occupatum
980 1133 1051 1181 esse
1070 1116 1221 1194 custodia,
1245 1113 1334 1180 re-5

218 1219 381 1301 liquasque
403 1225 532 1281 noturus
554 1217 629 1281 nihil
652 1217 736 1280 aliud
758 1236 866 1297 agere,
896 1217 955 1281 nisi
984 1223 1019 1281 ut
1045 1217 1086 1280 id*
1100 1225 1295 1293 conservent,

113 1397 116 1401 ,
219 1320 304 1402 quod
331 1320 362 1383 in
391 1337 514 1400 queque
543 1319 693 1399 optimum
717 1319 779 1382 eit?
823 1321 984 1397 Quomodo
1007 1326 1112 1383 autem
1135 1319 1295 1400 optimum,

219 1423 244 1486 si
262 1423 377 1485 bonum
394 1429 560 1500 praeterea
572 1420 688 1483 nullum
706 1420 774 1483 est?
804 1420 856 1484 Sin
871 1429 975 1484 autern
987 1419 1107 1501 reliqua
1118 1421 1296 1502 appetenda

220 1533 305 1595 sunt,
328 1540 397 1598 our,
421 1523 504 1603 quod
528 1528 576 1585 est
598 1521 737 1586 ultimum
761 1540 866 1585 rerum
888 1522 1150 1602 appetendarum,
1178 1523 1210 1586 id
1233 1540 1295 1585 non

219 1634 272 1689 aut
300 1644 338 1688 ex
361 1623 497 1686 omnium
519 1641 626 1686 earum
654 1632 710 1686 aut
737 1642 774 1686 ex
799 1622 1004 1703 plurimarum
1033 1632 1065 1686 et
1091 1623 1293 1687 maximarum
1314 1621 1356 1686 10

219 1725 412 1806 appetitione
434 1724 649 1788 concluditur?
700 1725 743 1789 Ut
763 1724 893 1788 Phidias
914 1733 1020 1804 potest
1040 1744 1061 1788 u
1082 1725 1183 1804 primo
1205 1726 1294 1789 insti-

218 1834 308 1892 tuere
330 1827 450 1906 signum
473 1826 567 1905 idque
583 1826 743 1905 perficere,
765 1832 871 1905 potest
886 1826 925 1889 ab
943 1826 1003 1889 ulio
1020 1826 1198 1890 inchoatum
1215 1828 1295 1891 aoei-
1352 1812 1356 1817 ⁴

219 1946 295 2009 pere
328 1939 359 1992 et
388 1925 563 2003 absolvere,
596 1927 666 1991 huic
699 1927 807 1991 similis
840 1937 889 1991 est
921 1928 1089 2008 sapientia;
1123 1946 1185 1992 non
1214 1929 1293 1992 enirn

292 2138 309 2179 1,
330 2130 390 2178 dior}
408 2131 496 2180 om.P
548 2136 569 2177 Β.
587 2130 704 2179 er'uutem
723 2129 814 2180 LPCR
866 2136 887 2179 9.
907 2131 995 2179 eintE
1031 2131 1185 2196 appetendum
1205 2132 1294 2180 ELPR

223 2205 259 2247 10.
280 2208 322 2247 aut
339 2199 494 2247 maximarum
514 2199 536 2245 Ε
555 2206 576 2246 et
594 2214 641 2248 om.
663 2199 683 2246 1,
723 2203 759 2248 11.
779 2215 796 2247 a
811 2197 928 2262 principio
947 2199 968 2249 C
1006 2203 1043 2248 12.
1063 2208 1085 2248 et
1102 2200 1163 2248 aon
1204 2205 1239 2248 13.
1260 2208 1295 2249 eet

216 2267 336 2331 rapientia
354 2265 438 2316 rimare
456 2266 545 2315 LPCR
563 2266 683 2330 rapiendo
701 2265 784 2315 similis
802 2268 853 2329 (oni
881 2272 925 2321 eet)
945 2266 986 2316 Or.

219 2440 291 2495 oiter
302 2439 389 2494 scribi
403 2439 535 2495 volebat:
559 2440 623 2495 Tale
639 2443 707 2496 enim
724 2443 808 2496 rrieum
821 2440 852 2513 (i.
867 2458 891 2496 e.
910 2458 1000 2514 supra
1017 2450 1203 2517 perspectum
1221 2440 1293 2514 esti)

217 2543 274 2581 erne
289 2526 408 2580 ultimum·
421 2523 583 2591 Stoicorum
601 2523 812 2581 correctionem
830 2523 944 2581 invenit
961 2524 1049 2581 etium
1062 2526 1293 2600 Wesenbergius

218 2608 259 2681 (in
282 2627 406 2665 censura
429 2609 554 2681 quadarn
580 2609 692 2664 Denice
715 2609 846 2682 scripta).
891 2609 985 2668 Gzius
1009 2620 1037 2666 et
1057 2610 1187 2669 Orelliue
1210 2629 1293 2686 pror-

218 2712 266 2751 eus
283 2694 430 2750 aberrant.
476 2695 560 2749 Esset
583 2703 633 2749 nut
656 2712 692 2749 ex
716 2693 867 2767 superiore
887 2695 1032 2751 sententie
1056 2705 1152 2753 ortum
1176 2706 1220 2752 eet
1242 2706 1293 2753 ant

217 2779 363 2836 scribendi
387 2797 501 2845 errore;
524 2779 713 2852 nequeenim
737 2777 779 2833 ita
795 2796 863 2834 roro
879 2789 948 2835 eoeet
965 2799 1018 2854 pro
1036 2790 1075 2836 eet
1092 2781 1219 2855 positum
1238 2790 1292 2850 eet,

217 2873 250 2920 ut
272 2864 304 2919 II
324 2863 359 2918 de
377 2862 477 2918 Divin.
492 2864 546 2919 31:
570 2865 683 2931 Porum,
707 2864 795 2932 oredo,
818 2865 992 2938 impudenter,
1016 2866 1098 2938 quod,
1121 2884 1180 2922 oum
1197 2867 1293 2938 futtuo

219 2958 307 3004 tenet
329 2957 429 3016 motus,
453 2949 542 3003 dicere
562 2949 703 3015 audent,
727 2950 859 3020 quaevis
881 2941 911 3004 'id
932 2951 1054 3023 effecerit.
1099 2948 1291 3007 scribendum

179 3081 183 3089 .
218 3051 296 3089 esee:
319 3053 377 3088 oum
388 3034 484 3105 J'cretuo
502 3042 540 3087 est
557 3031 597 3105 (id
616 3042 669 3098 eet,
687 3032 867 3105 quotiensvel
884 3036 1055 3108 siquando),
1079 3043 1216 3108 epparet;
1240 3052 1293 3090 nec

218 3119 321 3174 minue.
345 3117 423 3191 opud
447 3117 564 3179 Liv.11‚
579 3117 657 3187 51,1
679 3117 794 3173 restitui
817 3116 939 3174 debere:
966 3119 1032 3175 Cum
1055 3119 1086 3191 (i.
1105 3136 1129 3173 e.
1153 3138 1206 3192 quo
1228 3129 1293 3175 tem-

212 3205 291 3278 pore)
314 3204 378 3258 iuer
407 3212 515 3276 occepta
543 3204 635 3258 oiodee
662 3211 712 3258 eet
734 3201 836 3277 (vulgo
858 3205 951 3274 eruet),
980 3206 1033 3259 ium
1060 3203 1089 3259 C.
1114 3203 1246 3259 Horatios
1269 3213 1294 3259 et

223 3287 252 3343 T.
267 3289 405 3343 Menenius
420 3291 540 3343 consules
558 3296 640 3343 erant.
677 3286 766 3361 Apud
784 3286 908 3343 eundem
920 3287 986 3358 XL,
1000 3288 1050 3356 22,
1065 3290 1093 3354 4,
1111 3287 1162 3343 ubi
1181 3288 1291 3345 editur:

223 3373 259 3428 Ut
280 3391 341 3427 vero
357 3376 426 3444 iupis
442 3373 706 3447 appropinquabant,
724 3373 798 3446 quod
813 3377 950 3430 ruminio
967 3375 1029 3430 alir'e
1046 3375 1110 3430 loris
1127 3384 1203 3437 eruet,
1225 3375 1293 3431 adeo

217 3461 304 3512 oronr'o
326 3467 443 3514 contecta
465 3460 559 3514 nebula
583 3467 650 3518 cet..
675 3457 784 3531 duplex
802 3466 847 3513 eet
864 3459 1016 3524 mendum
1039 3457 1198 3533 scripserat
1214 3458 1292 3515 enim

218 3540 335 3598 Livius:
365 3544 439 3614 quod
460 3561 553 3598 rorum
575 3546 602 3598 in
624 3545 707 3598 altio
730 3544 794 3599 lotio
816 3552 873 3599 eet.
918 3543 985 3600 Non
1009 3543 1080 3599 olibi
1104 3544 1223 3602 omnino
1245 3561 1293 3600 re·

216 3645 278 3682 rum
302 3644 366 3681 esee
389 3627 541 3696 nebulam,
570 3627 620 3683 sed
648 3626 677 3683 in
702 3626 769 3683 eltis
798 3637 827 3684 et
849 3635 938 3684 vento
960 3628 1071 3703 perviis
1094 3628 1167 3684 locis
1190 3628 1293 3684 Livius

216 3712 348 3787 putabat.

304 3798 352 3851 34.
381 3795 455 3862 Quid
471 3798 537 3851 enim
556 3795 636 3867 dr'oie)
648 3795 769 3852 Excidit
785 3797 854 3853 ditio
871 3796 959 3853 etiam
978 3797 1008 3852 in
1020 3797 1085 3853 Pal.
1099 3800 1117 3853 4
1130 3805 1160 3852 et
1171 3795 1249 3854 Gud.
1263 3797 1292 3853 2.

217 3878 377 3961 [Baiterus5
402 3880 540 3936 omissum
565 3880 593 3935 in
619 3880 643 3936 B
666 3891 785 3947 testans,
809 3881 927 3940 delevit.
973 3881 1078 3954 Neque
1102 3901 1154 3954 per
1177 3900 1207 3937 se
1230 3881 1291 3937 ulio

216 3967 303 4023 modo
323 3965 418 4021 ornitti
437 3965 466 4020 in
484 3965 536 4021 tali
554 3965 784 4038 interrogatione
803 3975 899 4039 potest
917 3984 1011 4039 neque
1028 3975 1149 4040 propter
1166 3984 1292 4039 eoquens

217 4056 280 4126 quin
299 4054 390 4126 potius
414 4053 451 4105 itu
474 4052 541 4106 (truie
562 4083 595 4090 —
608 4045 632 4127 t]
668 4050 761 4106 Paulo
785 4059 851 4124 post
873 4053 914 4107 oin
936 4061 1025 4106 notem
1047 4049 1141 4108 Gzius
1163 4051 1251 4107 etium
1275 4069 1291 4106 e

216 4137 293 4211 Spir.
308 4131 370 4216 [B]
415 4136 492 4191 Tnnt
516 4135 579 4191 rod.
603 4135 780 4209 archetypus
803 4133 939 4191 urendum
956 4135 1073 4192 hebuit:
1097 4155 1185 4192 rerum
1207 4155 1289 4211 oppe-

217 4224 321 4278 tentium
346 4220 437 4294 (Spin.
462 4218 527 4297 [B],
551 4219 631 4277 Gud.
657 4220 685 4287 2,
709 4219 801 4292 Εχψ).

307 4307 342 4362 lx't
360 4307 476 4361 Phidiae
497 4338 544 4373 -,
569 4306 630 4360 heic
652 4307 745 4360 similis
768 4314 807 4360 eet
823 4302 969 4380 rapientia)
982 4303 1144 4380 Legitimos
1161 4305 1210 4361 hio
1228 4316 1292 4361 erat
1381 4350 1387 4361 ,

216 4391 367 4446 institutae
391 4391 533 4446 orationis
556 4390 667 4445 exitus:
689 4392 728 4446 oio
750 4391 882 4464 rapientia
903 4389 1040 4459 hominem,
1064 4408 1142 4464 quem
1158 4409 1176 4446 o
1192 4399 1292 4447 natura

217 4476 367 4532 inchoatum
389 4479 504 4550 accepit,
527 4474 662 4531 absolvere
685 4474 773 4544 debet,
796 4476 886 4549 qualis
907 4477 1045 4543 institutus
1067 4484 1115 4532 ert.
1159 4474 1218 4535 Sed
1241 4474 1292 4533 de-

1035 4588 1086 4638 ³⁴*
