3030 5086
439 487 482 532 nr
507 485 587 532 man.
610 485 673 531 mn.
696 485 730 532 1v
753 485 826 532 car.
850 488 886 532 ia.
902 488 965 546 (aa.)
1181 468 1244 534 529

167 658 253 738 quod
282 662 331 720 est
358 654 498 718 ultimum
526 672 631 719 rorum
658 652 916 734 appetendarum.
962 654 1072 718 Omnis
1093 652 1175 718 enim
1198 660 1284 732 ests

170 764 283 821 natura
305 755 436 835 diligens
458 755 515 820 sui.
561 758 648 835 Quae
670 760 719 818 est
741 754 839 831 enim,
861 773 942 835 quae
965 772 999 819 se
1021 773 1168 835 umquam
1190 738 1259 820 de·'

169 864 257 923 serat
283 866 339 921 aut
365 864 487 937 partem
510 856 646 937 aliquam
669 854 717 919 sui
740 861 795 920 aut
816 856 882 920 eius
904 855 1005 937 partis
1026 856 1168 920 habitum
1190 862 1245 920 aut

169 960 232 1024 vim
255 966 311 1024 eut
332 956 425 1022 ullius
448 976 555 1021 earum
578 975 692 1035 rerum,
714 975 796 1037 quae
813 957 981 1022 secundum
1000 964 1143 1022 naturam
1163 966 1245 1031 sunt,

170 1069 226 1126 aut
247 1072 362 1124 motum
384 1065 440 1122 aut
462 1060 600 1122 statum?
650 1059 739 1138 Quae
766 1064 869 1123 autem
893 1065 1006 1123 nature
1028 1077 1105 1123 suae
1126 1058 1284 1140 primae5

169 1160 374 1227 institutionis
396 1160 491 1224 oblita
513 1159 582 1225 est?
625 1159 720 1225 Nulla
741 1159 881 1241 profecto
903 1165 954 1239 eat,
977 1160 1049 1241 quin
1074 1179 1162 1225 suam
1184 1160 1245 1224 vim

240 1337 261 1382 2.
280 1328 444 1394 aamquornL
480 1336 502 1379 4,
522 1344 658 1378 remmom
687 1330 707 1378 [ι
742 1330 789 1380 siat
808 1329 920 1394 L(P)CR
955 1334 978 1378 6.
997 1329 1102 1380 nullom
1137 1339 1172 1380 ert
1189 1341 1245 1395 post

167 1403 275 1464 projecto
294 1415 343 1449 om.
363 1413 459 1459 ornnes,
479 1397 521 1446 Or.

170 1555 287 1613 genere,
310 1546 341 1593 ut
364 1537 412 1594 hic
434 1537 458 1607 I,
483 1538 521 1594 26
546 1537 610 1594 laec
632 1538 758 1612 Epicuri,
783 1537 821 1593 27
846 1539 914 1611 quid
935 1538 1001 1608 eiua,
1024 1539 1079 1608 IV,
1100 1538 1116 1594 7
1140 1539 1244 1594 illorum

170 1627 223 1680 iata
243 1625 314 1697 ipso,
338 1623 388 1679 sed
412 1621 499 1678 etiam
523 1621 604 1692 alibi,
628 1621 707 1696 apud
719 1620 890 1680 Ciceronem
908 1622 1026 1695 quidem
1044 1641 1098 1697 pro
1111 1623 1174 1680 Mil.
1191 1623 1245 1680 38:

175 1708 249 1776 Qrcid
275 1709 359 1774 simile
382 1708 512 1763 Milonis!
539 1707 595 1763 hoc
622 1716 680 1763 est:
711 1705 790 1779 Quid
818 1706 847 1762 in
872 1706 983 1763 Milone
1011 1707 1102 1780 (quod
1126 1708 1246 1764 Milonis

170 1792 293 1862 factum)
317 1791 411 1848 simile
434 1791 483 1865 (ei,
507 1791 585 1865 quod
607 1792 636 1848 in
650 1791 755 1849 Clodio
778 1802 1036 1848 commemoratum
1059 1790 1136 1866 eet)?
1159 1811 1244 1866 quem

170 1878 266 1934 locum
278 1895 383 1932 vereor
399 1887 440 1936 ut,
464 1877 513 1950 qui
531 1876 648 1933 silentio
666 1877 877 1947 transmittunt,
900 1876 1109 1934 intellexerint.
1143 1878 1246 1934 Livius

171 1971 268 2019 autem
298 1961 339 2017 sic
367 1961 442 2017 dixit
469 1961 597 2032 XXIX,
622 1962 656 2030 2,
681 1963 713 2018 6:
743 1962 773 2018 id
799 1964 877 2018 niodo
905 1962 1019 2018 hostium
1046 1965 1143 2020 imitati
1168 1973 1245 2029 suram

173 2065 266 2120 neque
289 2046 375 2101 aliter
397 2050 483 2102 arania
507 2047 620 2103 fortium
643 2046 780 2102 dicuntur
796 2047 901 2114 XXX,
916 2048 944 2116 5,
961 2050 986 2118 1,
1011 2056 1043 2104 ut
1066 2048 1144 2122 apud
1162 2046 1244 2106 Cice-1

172 2150 272 2188 nonem
297 2132 383 2189 Verr.
408 2132 449 2201 ll,
474 2131 513 2187 63
537 2141 566 2188 et
586 2131 626 2187 82
650 2140 680 2187 et
702 2131 748 2187 hic
772 2133 796 2200 1,
819 2133 870 2189 18:
895 2135 1033 2207 utriusque
1056 2135 1147 2189 malta.
1184 2133 1245 2189 Du·

172 2218 233 2273 rius
256 2224 284 2272 et
308 2216 430 2272 liberius
452 2225 483 2272 ut
507 2223 595 2290 poeta
616 2215 742 2274 Ovidius
764 2217 964 2287 exPontoII,
982 2219 1098 2287 11,15:
1120 2217 1247 2292 Namque

171 2303 246 2376 quod
268 2301 423 2358 Hermiones
449 2301 547 2358 Castor·
562 2303 633 2374 suit,
664 2301 766 2358 Hector
788 2303 856 2371 Iuli,
880 2303 939 2358 Hoc
962 2322 1008 2374 epo
1030 2312 1054 2359 ie
1076 2305 1161 2359 laetor
1182 2322 1245 2359 eon·

171 2390 240 2459 inpie
262 2405 319 2442 ecce
339 2405 412 2442 meae
434 2385 638 2458 (avunculunm
663 2406 720 2442 woe
743 2387 772 2444 0.
796 2389 830 2442 im
860 2388 1026 2444 lerlditnise
1047 2407 1081 2444 za
1103 2388 1246 2443 Hermione

172 2474 252 2545 mar).
279 2472 322 2527 De
336 2470 460 2529 Graecis
477 2471 538 2526 dixi
557 2471 586 2528 in
606 2471 708 2527 libello
720 2471 822 2546 paucis
834 2481 918 2528 noto:
937 2471 1159 2546 Bemcrlrungen
1174 2472 1247 2528 tiber

172 2557 229 2615 ein.
250 2555 365 2612 Punkte
383 2556 434 2612 der
450 2555 559 2630 griech.
578 2555 885 2632 Wortfligungslehre,
905 2555 1006 2615 Goett.
1029 2557 1118 2626 1848,
1140 2576 1167 2632 p.
1182 2552 1246 2635 67.]

172 2642 325 2700 Summum
354 2642 461 2696 bonum
490 2640 585 2696 similo
608 2659 672 2697 esse
695 2641 751 2697 dici
775 2641 905 2698 omnium
929 2643 997 2713 (hoc
1020 2650 1065 2698 est
1087 2642 1245 2713 omnibus),

172 2745 247 2800 quae
270 2725 329 2781 sint
351 2725 508 2781 secundum
527 2733 671 2792 naturam,
696 2735 815 2800 putenm
838 2726 908 2800 quid
925 2727 981 2783 hoc
998 2728 1036 2783 sit
1053 2735 1081 2782 et
1099 2727 1245 2800 quomodo

172 2810 401 2886 disputationem
425 2810 582 2865 cohaerere
605 2819 750 2880 statuant,
779 2829 836 2866 non
860 2811 974 2878 dicunt3
1003 2812 1103 2885 itaque
1126 2811 1245 2868 difficile

173 2908 217 2951 est
240 2893 377 2950 refutare.
416 2894 607 2951 Summumne
630 2896 738 2950 bonum
762 2913 862 2952 omnes
885 2895 979 2951 simile
1002 2914 1066 2952 esse
1089 2897 1245 2952 voluerunt

172 2978 301 3035 omnium
326 2979 512 3048 naturalium,
536 2979 616 3034 velut
633 2979 811 3053 integritatis
829 2980 1036 3048 membrorum,
1060 2980 1246 3049 valetudinis,

173 3061 356 3119 ceterorum?
402 3064 464 3120 Noc
487 3064 581 3131 enim,
605 3064 719 3120 etiamsi
743 3082 801 3120 non
824 3066 953 3121 omnium
978 3083 1167 3135 consensum,
1196 3066 1246 3122 sed

173 3160 285 3205 tantum
310 3148 573 3223 Peripateticorum
596 3149 770 3205 sententiam
793 3166 959 3222 aequamur,
983 3150 1059 3205 idem
1083 3162 1127 3207 est
1150 3151 1246 3207 omnia

172 3235 268 3309 prima
291 3243 412 3289 naturae
435 3234 585 3290 continere
613 3243 643 3289 et
670 3233 798 3290 omnium
828 3233 922 3291 simile
946 3253 1019 3291 esee.
1065 3236 1178 3293 Hocine
1202 3254 1246 3292 eo.

173 3319 250 3392 quod
274 3318 425 3388 subicitur,
448 3327 621 3394 argumento
644 3317 853 3376 confirmatur?
881 3321 1015 3393 (Omnis
1037 3325 1104 3377 em'm
1127 3331 1165 3377 eat
1189 3341 1247 3376 aa·

174 3414 252 3459 tura
269 3406 381 3476 diligens
398 3406 448 3473 soi,
467 3402 508 3459 ita
520 3412 552 3459 ut
575 3422 676 3461 omnes
693 3404 789 3460 simile
803 3405 927 3460 debeant
941 3405 1049 3461 habero
1062 3413 1247 3476 extremum.)

174 3489 246 3544 ldae
269 3488 406 3545 aStoicis
429 3488 603 3562 neglectum,
627 3507 645 3544 a
668 3488 816 3546 veteribus
839 3500 986 3546 servatum
1010 3488 1073 3546 cet?
1118 3490 1190 3547 Idne
1210 3490 1247 3546 ab

174 3573 209 3627 iis
233 3571 386 3632 officietur,
410 3572 433 3627 si
458 3573 595 3633 dixerint,
619 3592 704 3629 omne
727 3574 836 3630 animal
858 3575 1038 3650 applicatum
1062 3593 1125 3631 esse
1148 3575 1184 3631 ad
1208 3575 1247 3639 id,

174 3657 251 3730 quod
275 3657 304 3712 in
328 3675 363 3712 eo
386 3656 424 3711 sit
442 3656 604 3730 optimum?
639 3659 696 3715 Sed
720 3657 777 3714 iam
791 3660 944 3727 Kernium,
968 3661 1157 3734 interpretem
1172 3660 1247 3718 Ger-

175 3760 300 3811 manum,
324 3759 425 3797 verum
449 3741 557 3798 vidisse
580 3742 792 3802 animadverto.
837 3745 1028 3818 Referreatur,
1052 3745 1129 3819 quod
1153 3744 1247 3801 oratio

173 3827 294 3900 obliqua
316 3826 443 3901 flagitat,
468 3826 527 3882 Erl.
552 3826 632 3882 dedit
654 3823 693 3906 [B
715 3824 892 3907 reserentur]3
915 3848 952 3886 ex
976 3828 1043 3885 aliis
1066 3830 1150 3888 codd.
1175 3829 1248 3886 nihil

175 3921 342 3968 annotatur.

260 3995 344 4051 lllilla
364 3997 485 4069 projecto
507 4004 555 4063 eet,
577 3995 655 4069 quin)
680 3996 789 4053 Addidi
807 3998 927 4055 verbum
942 3998 1128 4070 (Schuetzius
1146 4016 1161 4052 e
1180 3997 1247 4055 Gzii

173 4081 356 4137 coniectura:
379 4079 465 4136 Nulla
486 4082 551 4151 eet),
581 4098 617 4136 ne
640 4080 712 4136 haec
735 4092 813 4139 esset
835 4083 995 4139 sententia:
1024 4082 1108 4139 Nullo
1127 4085 1249 4156 profecto

174 4185 239 4222 sicae
261 4168 431 4222 institutionis
454 4165 534 4221 oblito
556 4176 610 4232 eet,
633 4169 698 4239 qaia
721 4176 792 4237 cet,
816 4167 845 4224 id
869 4178 927 4238 est,
952 4168 1041 4224 nulla.
1086 4167 1249 4224 Audirctur

175 4250 251 4306 enim
276 4250 442 4306 necessario
465 4249 600 4324 superius
617 4251 749 4320 verbum,
772 4253 910 4326 quoniam
935 4272 993 4308 non
1017 4252 1110 4328 magis
1128 4252 1249 4309 dicitur:

174 4355 255 4393 nemo.
279 4339 327 4409 qai
348 4344 397 4390 aut
421 4338 494 4408 quin.
517 4353 605 4408 quam
627 4339 697 4410 quis,
720 4342 769 4411 qui
789 4346 840 4394 aut
857 4342 930 4412 quin,
955 4339 1045 4395 verbo
1063 4356 1120 4395 non
1138 4337 1248 4395 addito.

174 4417 274 4498 [Quod
300 4419 435 4477 Baiterus
458 4420 570 4494 posuit:
593 4421 649 4477 Est
670 4424 745 4479 nullo
763 4424 855 4498 pros„
878 4441 1048 4498 perversum
1073 4413 1159 4479 habet
1184 4441 1251 4480 ver·

1012 4542 1045 4586 ³⁴
