3030 5086
442 499 485 544 ur
508 499 588 546 man.
611 500 675 546 nm.
697 500 722 546 11
743 499 817 548 cnr.
842 501 882 547 nr.
900 446 1034 566 (ea-ae.)
1215 484 1278 549 293
1372 565 1376 573 Ι

203 687 322 733 summo
344 667 426 731 bono
449 666 570 745 fruitur,
591 668 625 731 id
647 674 703 745 est,
725 666 894 748 voluptate.
933 669 995 738 „At
1016 667 1097 732 enim
1118 668 1168 732 hic
1184 668 1278 733 etiam

203 770 343 834 doloret*
401 772 444 833 nt
475 788 547 834 eum
578 769 664 834 nihili
692 767 779 848 facit;
812 769 858 833 ait
886 769 982 849 enim,
1016 787 1065 849 se,
1098 769 1125 834 si
1153 777 1277 849 uratur,

205 875 323 951 „Quam
351 871 411 934 hoc
439 871 567 935 svavel“
597 870 760 935 dicturum.
810 871 860 935 89.
892 874 961 951 Qua
988 871 1083 952 igitur
1109 891 1144 937 re
1171 890 1191 936 a
1217 873 1276 937 deo

203 974 343 1037 vincitur.
366 973 392 1036 si
414 972 598 1036 aeternitate
620 991 682 1036 non
703 971 858 1036 vincitur?
895 974 930 1037 ln
954 991 1017 1053 qna
1039 973 1113 1054 quid
1135 981 1184 1038 est
1204 972 1278 1037 boni

202 1080 328 1155 praeter
356 1092 508 1137 summam
532 1072 722 1153 voluptatem
752 1079 784 1136 et
812 1091 880 1137 eam
908 1073 1152 1155 sempiternam?
1196 1074 1317 1154 Quian

203 1195 277 1257 ergo
310 1176 423 1239 attinet
455 1175 590 1253 gloriose
617 1174 716 1255 loqui,
749 1174 808 1239 nisi
837 1182 1017 1266 constanter
1044 1175 1193 1257 loquare?
1241 1175 1278 1240 ln

202 1277 363 1359 voluptate
385 1277 527 1357 corporis
550 1277 693 1357 (addam,
716 1276 743 1340 si
764 1277 826 1355 vis,
849 1277 958 1356 animi,
981 1278 1055 1342 dum
1077 1294 1114 1341 ea
1135 1277 1220 1358 ipsa,
1242 1281 1279 1342 ut

275 1503 294 1545 l.
309 1497 405 1561 fruitur
423 1496 520 1544 bonoL
565 1501 588 1544 2.
608 1497 668 1545 enim
687 1499 743 1560 (pro
762 1498 822 1558 eum)
841 1496 885 1547 Lc
928 1514 978 1546 cnm
996 1498 1020 1547 R
1054 1496 1112 1547 nobil
1128 1496 1279 1614 LpJELMB

205 1565 238 1631 [ae
256 1580 333 1630 supra
350 1579 448 1614 versum
468 1566 500 1622 A,
519 1563 576 1615 iort.
597 1579 633 1629 pr.
654 1564 697 1630 m]
716 1581 742 1612 sa
760 1565 842 1616 omli
859 1581 911 1614 rese
929 1566 986 1629 (pro
1003 1582 1036 1626 re,
1054 1566 1086 1628 ri)
1105 1566 1126 1614 1,
1158 1567 1203 1616 ΟΒ
1223 1565 1278 1634 [re],

202 1633 225 1682 ai
247 1633 290 1682 Or.
333 1634 418 1682 iratam
441 1633 498 1698 (pro
521 1639 615 1695 aratur)
634 1633 687 1681 MR
713 1633 748 1680 ita
770 1633 857 1681 tamL
884 1633 1025 1684 rbratamC
1078 1639 1102 1682 8.
1127 1632 1167 1698 [ab
1184 1627 1228 1683 aab
1246 1634 1276 1700 Α]

202 1708 226 1752 4.
245 1702 275 1751 In
293 1720 339 1765 pao
358 1702 401 1754 Or.
439 1705 460 1750 6.
480 1700 546 1764 loqui
562 1702 618 1764 (pro
637 1700 789 1764 loquara)E
825 1700 848 1748 in
867 1700 955 1752 omP
993 1704 1014 1751 7.
1034 1709 1076 1749 ant
1095 1704 1148 1764 (pro
1167 1701 1240 1762 attE

288 1891 326 1946 At
353 1893 421 1947 enim
449 1892 491 1946 lic
513 1893 593 1946 etiam
615 1891 718 1965 dolore)
740 1891 810 1948 Non
833 1890 940 1947 dieitur
955 1893 1019 1964 frui
1039 1891 1143 1960 dolorm
1174 1891 1226 1947 sed
1248 1890 1278 1947 in

203 1975 357 2032 contrariis
381 1975 519 2032 membris
542 1994 578 2032 ex
602 1976 699 2050 priora
716 1976 807 2032 verbo
830 1975 952 2049 speciali
970 1976 1059 2050 (quod
1079 1976 1109 2033 in
1128 1975 1277 2033 meliorem

204 2070 315 2135 partem
335 2061 442 2136 vergit.)
459 2061 489 2116 in
507 2061 631 2117 alterurn
651 2061 813 2117 membrum
836 2061 962 2117 latenter
982 2060 1109 2118 infertur
1131 2079 1166 2117 ea
1188 2060 1279 2137 signi·

203 2146 310 2217 ficatio,
335 2164 409 2219 quae
432 2145 461 2201 in
485 2146 663 2202 contrariam
687 2145 818 2220 (malam)
841 2157 953 2221 partem
977 2146 1032 2203 sub
1055 2146 1176 2202 eandem
1200 2165 1280 2203 eom·

204 2251 318 2287 nnmem
347 2231 495 2287 notionem
525 2231 684 2305 (capiendi)
712 2231 804 2301 cadit,
838 2239 908 2288 nota
936 2231 1043 2307 figura,
1077 2249 1152 2305 quaa
1180 2240 1278 2288 tamen

203 2317 375 2391 plerumque
398 2317 494 2372 minus
516 2315 671 2391 perspicue
694 2315 879 2373 describitur.
914 2316 1005 2372 Recte
1027 2316 1104 2373 Dav.
1129 2323 1280 2391 comparat

202 2403 233 2457 X
256 2402 293 2457 ad
317 2401 408 2457 Attie.
421 2403 450 2475 4,
463 2405 497 2457 4:
514 2403 639 2473 Jbrtnna,
662 2421 718 2475 pun
740 2403 781 2481 illi
794 2403 997 2475 florentissima,
1019 2420 1067 2456 nos
1089 2402 1197 2457 citeriore
1218 2419 1278 2457 con·

196 2488 297 2560 flictuti
324 2489 451 2542 uidemur.
497 2486 565 2543 Vid.
595 2486 770 2543 Ramslrorn.
801 2506 829 2562 p.
851 2486 928 2542 1021
959 2494 989 2542 et
1015 2504 1090 2559 quos
1118 2485 1168 2543 ille
1196 2485 1277 2545 citat.

205 2571 369 2627 Durissime
392 2571 495 2627 Livius
522 2571 551 2627 in
580 2571 893 2646 comparationepost
916 2590 997 2645 quom
1026 2590 1063 2626 ex
1086 2569 1280 2645 praecedente

204 2658 294 2713 obesse
316 2656 412 2712 audiri
434 2656 529 2712 voluit
549 2657 678 2730 prodesse
699 2657 797 2725 XLV,
822 2657 872 2724 20,
897 2657 913 2711 9
938 2665 968 2713 et
990 2657 1040 2724 24,
1065 2657 1093 2715 8.

289 2745 328 2796 uit
349 2745 425 2808 enim,
448 2760 484 2799 ee.
508 2743 533 2796 ei
555 2739 663 2815 uratur)
686 2740 716 2796 in
736 2739 904 2797 Phalaridis
927 2750 1026 2807 tanro;
1050 2740 1105 2796 boe
1128 2740 1205 2796 enim
1229 2739 1280 2796 ad·

204 2827 283 2882 ditur
307 2827 335 2882 ll
354 2826 444 2881 Tuae.
461 2825 497 2880 17
516 2824 632 2895 (Senec.
650 2825 705 2898 Ep.
728 2826 840 2887 66.18.
864 2825 999 2881 Laetant.
1017 2826 1091 2882 Inst.
1102 2825 1160 2894 111,
1174 2825 1224 2895 27,
1239 2825 1279 2897 ὅ).

204 2911 319 2968 Graece
342 2911 397 2966 hoc
421 2909 529 2965 dietum
553 2927 610 2965 non
634 2918 726 2978 extat,
750 2910 804 2966 etsi
828 2928 941 2966 summa
958 2909 1121 2966 sententiaa
1138 2919 1183 2967 est
1200 2908 1280 2984 apud

203 2997 330 3070 Diogen.
353 2996 399 3064 X,
426 2996 501 3063 1183
529 2993 581 3050 cfr.
610 2994 688 3050 iufra
710 2995 753 3059 V.
778 2995 826 3050 80.
871 2995 905 3050 In
929 2994 1042 3050 verbis:
1073 3013 1114 3051 se.
1137 2997 1163 3050 si
1183 3004 1281 3051 uratur

204 3080 339 3136 similiter
361 3098 395 3136 ac
418 3080 475 3135 mei
498 3080 637 3135 aberrant
659 3079 710 3136 alii
732 3079 816 3135 eodd.
836 3078 873 3146 (E
895 3082 1135 3148 acceleraturum,
1156 3091 1201 3154 χψ
1223 3096 1281 3135 ease

202 3169 321 3237 iratum).
368 3165 441 3222 Inda
465 3164 546 3222 Crat.
569 3173 599 3220 et
621 3164 699 3221 Vict.
722 3169 748 3221 si
768 3174 879 3232 uratur,
907 3184 944 3220 se.
988 3163 1108 3222 Omittit
1134 3183 1163 3221 oe
1190 3163 1279 3220 etiam

204 3251 281 3326 Spir.
310 3247 378 3329 [ss];
413 3250 472 3305 vid.
501 3250 538 3305 ad
561 3251 599 3318 V,
625 3250 679 3318 31;
711 3248 758 3306 bic
785 3247 926 3305 facillimo
954 3249 1090 3305 excidere
1118 3266 1279 3331 pronomen

202 3337 307 3411 potuit.

291 3421 340 3477 89.
372 3422 404 3475 Iu
428 3439 483 3494 qua
505 3421 573 3493 quid
595 3430 633 3475 eat
656 3420 728 3488 boni)
752 3418 915 3489 Conclnso,
944 3427 977 3474 ut
999 3418 1076 3475 dixi.
1106 3417 1279 3475 aeternitate

203 3506 364 3560 beatiorem
388 3505 472 3560 deum
498 3504 582 3572 effici,
610 3504 738 3560 ostendit
760 3503 961 3559 aeternitatem
985 3503 1079 3577 ipsam
1103 3502 1177 3559 nihil
1200 3502 1280 3559 aliud

203 3589 318 3658 afferre,
342 3589 398 3645 nisi
422 3600 453 3645 ut
472 3589 650 3663 sempiterna
669 3590 706 3646 sit
724 3589 870 3663 voluptas,
894 3590 949 3645 boe
972 3598 1026 3658 est,
1049 3588 1191 3666 longioris
1208 3597 1281 3645 tem·

203 3676 299 3751 poris;
329 3675 370 3730 ita
394 3675 495 3747 sequi,
524 3683 556 3729 ut
578 3675 719 3749 temporis
742 3693 879 3749 magnum
908 3675 945 3731 sit
973 3674 1002 3730 in
1027 3675 1113 3730 beata
1135 3674 1197 3731 vite
1219 3692 1281 3730 mo-

203 3770 344 3816 mentum.
389 3760 484 3815 Paulo
514 3760 609 3815 minus
637 3758 793 3834 diligenter
816 3759 905 3824 dixit,
933 3760 963 3815 in
987 3759 1161 3815 aeternitate
1183 3760 1279 3815 inesse

204 3865 334 3901 arcanarum
357 3847 516 3918 uoluptatem
539 3853 562 3899 et
585 3863 641 3899 enm
664 3847 864 3919 sempiternum
893 3863 987 3918 neque
1011 3844 1087 3899 enim
1111 3843 1204 3916 ipsam
1228 3861 1280 3899 vo·

202 3931 345 4005 luptatem
370 3928 528 3985 aeternitas
550 3926 701 3997 afferebat,
725 3930 776 3986 sed
799 3931 876 3999 eius,
899 3930 923 3986 si
946 3929 1072 3997 adesset,
1096 3926 1281 4001 sempiterni-

203 4026 309 4083 tatem,
340 4015 391 4071 sed
413 4033 478 4071 eum
502 4014 558 4070 boc
580 4014 755 4070 vocabulum
779 4014 808 4071 in
832 4033 886 4070 usn
909 4032 966 4070 non
990 4022 1081 4079 esset,
1110 4011 1162 4067 illo
1185 4011 1279 4069 altero

203 4101 289 4156 modo
313 4100 427 4156 loentns
450 4108 502 4155 est.
548 4101 697 4173 Apparet,
727 4117 817 4173 prave
846 4117 946 4156 omnes
973 4099 1040 4155 inde
1069 4098 1106 4153 ab
1131 4096 1278 4166 Ernestio,

203 4185 344 4241 lliallrero
367 4195 487 4240 auctore
515 4192 545 4239 et
567 4182 691 4240 Darisio
719 4201 852 4245 suasore,
881 4184 1047 4258 scripsisse:
1075 4186 1192 4256 inquo,
1221 4200 1281 4255 qna

203 4271 365 4326 mutatione
388 4270 485 4325 inanis
507 4269 634 4326 efficitur
655 4268 792 4342 repetitio
815 4268 893 4338 eius,
922 4268 999 4342 quod
1022 4268 1130 4324 dietum
1154 4267 1212 4324 iam
1236 4276 1282 4324 est

203 4357 333 4430 (Dempta
362 4358 439 4428 cet).
489 4354 656 4412 Videndum
686 4353 774 4409 etiam
803 4362 881 4424 erat,
910 4353 939 4410 id
968 4354 1092 4421 bonnm,
1120 4371 1179 4427 qno
1207 4352 1279 4409 dens

203 4440 359 4512 frueretur,
382 4448 499 4497 rectene
522 4442 549 4495 ia
571 4440 620 4495 cleo
642 4458 698 4495 ease
720 4438 875 4497 diceretur.
