3030 5086
473 495 517 540 nr
541 495 621 540 uun.
644 494 707 539 ma.
731 495 752 540 v
775 493 848 540 oar.
868 498 891 543 e.
911 494 1043 556 (ar-ra.)
1232 477 1293 542 647

219 681 313 744 qnam
336 661 376 727 ob
399 680 525 727 canaam
548 661 662 726 habeat
683 679 763 735 enm,
786 679 878 742 qnam
896 661 1039 739 diximus,
1061 661 1156 726 animi
1172 660 1295 742 appeti·

220 775 301 842 tum,
324 770 512 844 coeptatque
534 772 640 841 etue,
663 781 744 843 quae
765 768 897 828 naturae
919 763 1014 828 sentit
1034 772 1124 845 apta,
1146 770 1297 844 appetere

220 876 252 930 et
278 865 466 945 propulsare
493 865 659 928 contraria
713 864 799 944 Ergo
827 865 911 929 omni
936 864 1062 929 animali
1088 864 1179 943 illud,
1213 865 1297 945 quod

219 966 350 1047 appetit
366 965 504 1046 positum
520 964 615 1030 estin
633 984 679 1044 eo,
701 966 785 1046 quod
803 974 937 1031 naturae
953 975 1003 1031 est
1018 967 1295 1031 aooommodatnm

219 1068 269 1132 lta
290 1067 361 1132 linis
383 1067 535 1132 bonorum
559 1067 674 1145 existit,
697 1067 867 1131 secundum
890 1075 1034 1132 naturam
1056 1068 1163 1133 vivere
1183 1068 1227 1132 sic
1248 1065 1336 1136 alo

220 1167 344 1245 fectum,
368 1179 403 1233 ut
423 1169 540 1249 optime
561 1167 643 1232 affici
666 1168 767 1250 possit
788 1168 831 1233 ad
852 1178 1061 1250 naturamque
1081 1168 1297 1234 accommode-

220 1270 348 1334 tiseime.
382 1269 432 1334 25.
456 1270 610 1350 Quoniam
632 1276 736 1335 antem
760 1289 818 1335 sna
835 1270 984 1352 cuiusque
1000 1270 1166 1335 animantis
1183 1280 1298 1335 natura

221 1379 279 1448 est
301 1388 429 1436 noeesse
445 1378 503 1449 est,
524 1369 617 1436 finem
634 1389 759 1452 qnoque
775 1372 912 1436 omnium
928 1371 1011 1437 hunc
1027 1390 1106 1448 esee,
1127 1380 1164 1436 ut
1184 1380 1299 1436 natura
1327 1388 1332 1395 ·

293 1579 313 1625 l.
333 1591 404 1637 quom
421 1573 497 1623 udE
536 1575 605 1624 lubet
623 1590 710 1625 omnes
754 1582 776 1626 2.
796 1574 969 1640 coeptatquell
1008 1583 1091 1639 camut
1109 1574 1190 1639 leg.
1209 1579 1299 1640 σφωε)

221 1651 362 1707 temptatque
381 1641 402 1691 C
437 1659 491 1691 uere
510 1646 566 1708 (pro
584 1651 696 1695 naturaei
717 1642 738 1692 C
773 1652 833 1708 apta
851 1658 899 1693 om.
919 1643 941 1693 C
985 1649 1008 1690 ⁴.
1027 1643 1156 1692 natarali
1201 1648 1223 1690 b.
1242 1660 1299 1692 cou-

221 1710 323 1760 ar'rtr'tC
367 1712 474 1774 effmum
494 1711 514 1759 E
568 1716 582 1758 8
611 1711 676 1775 quod
692 1724 748 1777 (pro
766 1720 801 1773 at)
821 1713 842 1760 R
895 1715 919 1759 8.
938 1728 1029 1775 quoque
1042 1712 1118 1774 finem
1137 1711 1236 1760 omnimo
1255 1711 1298 1759 LP

222 1796 312 1842 quoqne
330 1778 429 1827 omnum
440 1778 515 1841 finem
535 1780 556 1827 ll
574 1780 673 1829 omarum
684 1780 768 1843 finem,
787 1795 835 1831 om.
855 1795 954 1844 quoque,
973 1779 994 1830 C

309 1978 337 2024 ot
360 1971 456 2043 optione
477 1971 554 2042 affici
569 1967 671 2048 poerit)
699 1971 791 2027 Poaait
818 1988 853 2027 eo
882 1969 969 2026 modo
997 1969 1068 2045 poni
1096 1969 1125 2027 in
1153 1968 1301 2026 sententia

222 2053 371 2128 generali,
395 2071 480 2127 quem
505 2054 634 2111 breviter
656 2054 882 2111 commemoravi
904 2053 942 2111 ad
964 2053 995 2121 Ι,
1020 2055 1069 2123 67,
1092 2053 1157 2111 dieo
1180 2062 1302 2130 propter

223 2138 401 2208 Bruanium,
424 2138 476 2212 qui
494 2144 585 2213 poeria
607 2140 786 2214 requirebat,
809 2149 839 2197 et
861 2138 980 2198 Gaium.

310 2225 359 2279 25.
374 2225 458 2296 fiueru
480 2243 586 2298 quoque
607 2229 721 2282 omnum
744 2225 815 2282 bauo
835 2243 894 2282 erae
915 2221 988 2302 oet.)
1011 2223 1061 2284 Sic
1080 2231 1147 2299 poet
1165 2223 1298 2282 Reizium

223 2307 317 2366 Gaius
328 2308 416 2364 etiam
429 2327 446 2365 e
458 2305 615 2389 Spir.[B];
631 2309 842 2386 transpoaitum
860 2309 937 2366 enim
955 2320 1020 2366 erat
1035 2328 1150 2384 quoque.
1167 2318 1200 2365 nt
1211 2326 1300 2383 aaepe

223 2393 295 2449 alibi
315 2393 384 2466 (vid.
404 2393 441 2449 ad
461 2394 503 2461 11,
526 2395 611 2468 108);
634 2395 703 2452 Bae.
726 2406 756 2452 et
777 2395 823 2452 ed.
846 2393 927 2453 Crat.
950 2413 1056 2469 quoque
1077 2399 1192 2451 maulam
1207 2395 1301 2467 finem.

223 2478 330 2535 Totius
347 2478 435 2535 huius
453 2479 566 2554 periodi
584 2480 700 2537 initium
717 2481 855 2555 (quoniam
871 2499 933 2537 aua
954 2484 1120 2554 curitaque
1135 2481 1206 2553 oet.)
1228 2478 1301 2536 eatia

223 2573 325 2639 aperte
348 2567 463 2638 epecta't
484 2564 521 2620 ad
539 2563 735 2622 differentiam
753 2565 865 2633 linium,
887 2583 963 2639 quae
982 2583 1020 2622 ex
1038 2564 1219 2642 aingularnm
1238 2562 1301 2621 aui·

224 2648 364 2704 muntium
388 2658 493 2705 natura
516 2650 637 2709 oriatur.
660 2650 897 2726 significandam
920 2650 971 2707 aed
994 2649 1099 2709 Cicero
1121 2649 1247 2725 primum
1271 2648 1301 2705 id

225 2733 321 2809 ponit.
345 2733 423 2807 quod
446 2751 600 2791 commune
623 2745 681 2795 eet.
705 2735 794 2810 idque
816 2735 969 2792 confirmat
991 2735 1070 2807 (nibil
1090 2741 1160 2792 euim
1178 2734 1302 2809 probibet

225 2822 308 2890 rot.);
331 2818 370 2883 id,
394 2818 472 2891 quod
495 2819 581 2876 initio
603 2819 772 2878 instituerat
792 2819 900 2890 dicere,
924 2820 1088 2877 absolvitur
1110 2819 1139 2876 in
1157 2819 1232 2876 illie:
1253 2821 1303 2876 aad
1411 2877 1418 2888 ,

224 2913 344 2959 carrona
366 2905 412 2959 illa
435 2912 491 2960 oet.
535 2904 641 2978 Itaque
663 2904 736 2962 haee
752 2923 811 2962 uon
829 2923 883 2980 per
899 2923 930 2962 ae
949 2904 1057 2979 poenit,
1081 2904 1132 2961 aed
1155 2922 1193 2962 ex
1216 2922 1302 2979 eupe-

224 2987 352 3044 rioribue
374 2997 460 3063 apta:
482 2990 625 3064 dirpertr'ta
646 2992 699 3047 rint
724 3024 761 3032 -
785 2991 926 3048 desim.
972 2992 1019 3047 Ao
1041 2989 1160 3065 proprie
1182 2988 1300 3063 quidem

224 3073 297 3129 haec
320 3091 378 3130 non
401 3073 438 3129 ad
466 3084 495 3130 ut
515 3072 621 3132 referri
643 3075 791 3132 debebant
812 3077 920 3149 (neque
942 3075 1019 3132 enim
1050 3076 1093 3132 lu'c
1119 3084 1159 3132 eet
1186 3076 1301 3131 munium

217 3160 295 3231 fluia,
317 3168 347 3214 ut
371 3190 405 3200 -
432 3169 551 3215 extrema
572 3162 714 3235 dispertita
736 3163 789 3218 aiut
811 3164 891 3233 eeu),
914 3160 966 3217 aad
988 3160 1025 3216 ad
1047 3178 1153 3218 necem
1174 3169 1223 3228 eet,
1246 3159 1302 3216 hae

225 3242 334 3300 forma:
358 3262 462 3301 noeeaae
483 3254 537 3309 eat,
554 3247 638 3317 finem
660 3245 804 3319 (quidem)
826 3247 941 3302 omnum
964 3245 1034 3302 bauo
1055 3264 1128 3315 aare,
1151 3254 1181 3301 ut
1202 3255 1302 3302 antara

225 3331 380 3404 expleatur,
413 3331 463 3386 aed
489 3340 608 3387 extrema
635 3332 683 3387 illu
713 3363 750 3373 -
780 3333 906 3389 distincta
940 3339 964 3387 et
993 3332 1134 3406 diotpertita
1161 3349 1219 3387 aeae
1246 3339 1303 3387 oet.

226 3415 336 3470 Verum
360 3414 534 3490 interposita
557 3415 726 3491 parenthesi
756 3415 851 3473 minue
874 3414 1031 3491 diligenter
1052 3414 1215 3491 superioria
1237 3433 1304 3472 ora·

225 3499 315 3555 tionia
337 3499 442 3556 aeriam
466 3511 636 3575 pereeeutue
658 3511 718 3571 eet,
746 3518 812 3558 oum
837 3501 1009 3577 praesertim
1038 3513 1106 3577 poet
1133 3519 1237 3558 neceaee
1263 3509 1303 3558 eat

225 3584 382 3651 interdum,
403 3585 490 3642 etiam
509 3586 560 3643 ubi
577 3585 651 3643 nibil
668 3586 748 3643 aliud
765 3586 962 3662 perturbetur,
984 3587 1023 3644 ab
1038 3585 1154 3644 infinita
1170 3584 1304 3643 oratione

226 3668 264 3725 ad
285 3669 505 3727 coniunctivurn
527 3682 695 3729 transeatur
711 3680 891 3741 antaeum,
915 3682 946 3728 nt
964 3671 1036 3728 haee
1052 3670 1218 3729 continuari
1235 3688 1304 3747 poa·

226 3755 299 3811 aiut:
322 3774 426 3812 neoeaae
442 3764 489 3815 eet.
505 3758 589 3828 finem
609 3787 644 3799 -
666 3757 736 3814 buno
757 3776 815 3814 aeae
833 3788 884 3827 -,
907 3758 957 3814 aad
977 3767 1096 3814 arerem
1114 3789 1152 3798 -
1177 3757 1304 3814 aarum

226 3843 287 3895 aiat.
322 3839 372 3897 sic
388 3839 465 3897 enim
479 3841 573 3898 Aoad.
585 3841 626 3909 ΙΙ,
639 3841 678 3898 39
696 3842 787 3899 dixit:
809 3842 880 3899 Ante
897 3843 984 3899 videri
999 3843 1114 3917 ahqreid,
1137 3860 1220 3916 quum
1236 3859 1304 3916 aqu·

226 3945 294 3985 anuo.
311 3944 415 3982 iteratae
426 3936 474 3995 eat,
492 3929 577 4001 eique,
595 3928 669 4000 quod
679 3931 765 3984 marm
776 3931 820 3999 ait,
833 3929 1011 3996 aaeeutiatur3
1028 3927 1065 3984 de
1076 3926 1117 3985 N.
1129 3927 1168 3985 D.
1180 3926 1239 3997 111,
1253 3925 1304 3984 86:

231 4009 374 4083 Quidquid
388 4021 436 4067 eat
455 4013 529 4085 qaod
545 4031 652 4068 aeneum
669 4012 775 4080 babeat,
796 4014 827 4070 id
842 4031 946 4070 merae
962 4022 1002 4069 eet
1018 4015 1147 4069 aeretiut
1167 4021 1193 4069 et
1209 4013 1305 4088 uolup-

227 4105 307 4152 tutem
329 4106 353 4152 et
375 4097 506 4156 dolorem.
534 4098 574 4153 ud
594 4116 673 4171 quam
694 4108 783 4156 aarum
804 4099 882 4155 dolor
902 4100 1004 4163 aeaut,
1033 4099 1073 4155 ad
1092 4098 1204 4155 eundem
1225 4099 1305 4154 etiam

227 4185 405 4238 interitum
428 4185 551 4242 venire.
585 4182 621 4239 ln
640 4182 819 4241 editionibus
835 4183 909 4240 haee
924 4182 968 4240 eio
984 4181 1254 4259 distinguebanturz
1276 4190 1307 4239 ut
1375 4234 1383 4243 .

227 4276 327 4323 aratura
345 4269 494 4341 aupleatur.
528 4267 678 4339 (Bromius
695 4269 878 4343 requirebat:
896 4277 925 4324 ut
940 4277 1041 4325 natura
1057 4286 1118 4325 aaa
1136 4269 1217 4344 arpi..
1234 4266 1305 4342 qnia

227 4351 275 4408 hio
299 4351 375 4409 liniri
398 4352 550 4428 periodum
574 4353 719 4428 putabat.)
762 4353 841 4411 It'r'lril
862 4357 930 4410 euim
949 4353 1072 4429 prolibat
1089 4383 1128 4397 ·-
1151 4353 1306 4410 commuuio.

229 4438 971 4513 Sedamma—diopauumat-umdama
1015 4436 1151 4498 sodoma
1177 4439 1307 4496 ardea·
