3030 5086
425 537 469 581 rr
493 536 573 581 nau.
596 536 658 582 ms.
682 537 705 581 11
728 536 1012 600 esr.as.(so-a1.)
1193 522 1256 586 277

181 706 212 769 in
240 704 347 769 amieis
376 704 501 768 tuendis
523 701 631 782 fuerit,
661 711 778 781 tumen,
807 705 833 768 si
860 705 937 770 haec
965 725 1039 770 vera
1067 713 1140 771 sunt
1167 706 1257 788 (nihil

181 807 261 873 enim
278 804 424 885 affirmo),
443 823 504 869 nou
523 806 599 870 satis
617 811 726 870 acutus
743 804 808 870 fuit.
836 809 895 875 „nt
912 807 1017 871 multis
1035 827 1069 872 se
1080 808 1254 889 probavit.“
1282 857 1285 861 .

181 909 231 973 81.
260 907 300 971 Et
327 907 452 988 quidem
476 907 544 970 iure
566 906 714 985 fortass03
744 909 799 971 sed
827 915 930 973 tamen
953 927 1015 972 uon
1037 909 1257 990 gravissimum

181 1017 229 1074 est
251 1008 462 1073 testimonium
485 1008 699 1072 multitudinis.
732 1010 768 1072 In
787 1010 870 1073 omni
893 1009 973 1074 enim
995 1019 1065 1075 arta
1081 1012 1130 1075 vel
1152 1011 1256 1076 studio

181 1110 230 1174 vel
253 1110 363 1190 quavis
387 1110 529 1188 scientia,
559 1110 606 1173 vel
636 1110 666 1174 in
694 1111 764 1191 ipsa
786 1111 914 1190 virtute,
942 1112 1091 1193 optimum
1119 1111 1295 1194 quidque5

180 1212 373 1276 rarissimum
402 1222 457 1275 est.
503 1214 548 1275 Ac
570 1211 644 1274 mihi
667 1213 805 1292 quidem,
835 1214 920 1293 quod
943 1220 974 1277 et
995 1215 1063 1295 ipse
1083 1213 1186 1279 bonus
1208 1215 1256 1279 vir

180 1311 239 1378 iuit
260 1322 292 1376 et
314 1313 400 1376 multi
418 1313 563 1393 Epicurei
583 1321 614 1376 et
633 1312 760 1378 fuerunt
782 1323 813 1378 et
834 1313 926 1379 hodie
949 1324 1022 1379 sunt
1044 1328 1074 1381 et
1095 1316 1127 1380 in
1148 1315 1256 1380 amici·

252 1534 278 1581 l.
292 1531 402 1581 amicitiis
417 1534 459 1582 Or.
487 1532 566 1594 suen't
584 1543 677 1596 transp.
699 1544 756 1598 post
774 1534 877 1582 contrait]
914 1541 937 1583 2.
956 1535 1016 1583 enim
1035 1535 1115 1588 om.P
1141 1535 1256 1598 futrt'tia

182 1606 204 1651 3.
229 1601 252 1649 t'a
276 1617 324 1649 rent
347 1604 404 1665 (pro
427 1600 487 1663 iure)
507 1600 627 1650 LPMCR
680 1606 700 1649 5.
725 1602 810 1665 quouis
828 1617 876 1651 om.
897 1601 917 1650 L
961 1602 1068 1666 quodque
1087 1604 1109 1650 E
1132 1603 1256 1668 quippei:

182 1674 204 1720 5.
224 1677 258 1717 est
276 1685 324 1719 out.
344 1668 387 1719 Or.
443 1672 464 1716 7.
491 1667 523 1735 [et
541 1667 607 1716 ntudt'
623 1677 645 1717 et
663 1669 777 1733 Epicurei
783 1673 886 1731 sumant
905 1669 938 1737 Δ]
964 1678 986 1718 et
1003 1670 1070 1719 multi
1085 1671 1188 1736 Epicuri
1202 1679 1257 1720 sunt

179 1741 273 1795 suerum
290 1737 312 1785 E
336 1745 357 1785 et
376 1735 443 1785 mtclti
458 1736 575 1801 Epicurei
581 1739 682 1800 fuerumt
701 1738 864 1788 trucum.
901 1739 1010 1787 unrtbt'ot'u
1028 1740 1050 1788 E

181 1925 273 1985 Gaius
301 1926 468 1991 annotavit;
503 1945 560 1982 non
589 1927 756 1996 annotavit,
785 1927 843 2003 legi
872 1928 913 1984 ibi
941 1932 1047 1987 ornatis.
1082 1928 1160 2002 quod
1189 1946 1255 1984 curn

181 2010 327 2070 Gruterus
350 2011 379 2067 in
405 2011 479 2067 Pall.
503 2011 638 2067 omnibus
660 2013 822 2070 invenerit.
847 2012 926 2070 ΟΠ.
949 2014 978 2069 in
998 2008 1101 2087 [Ιξχψ.
1130 2013 1255 2070 alterum

181 2096 289 2152 nullam
313 2096 403 2152 habet
419 2096 633 2153 utrctoritatem.
657 2098 734 2170 quod
759 2097 825 2153 inde
843 2098 972 2154 aMarso
990 2108 1019 2154 et
1036 2097 1170 2154 Victoria
1188 2115 1256 2173 pro·

180 2192 319 2257 pagatum
342 2191 395 2237 est.
429 2180 650 2254 (Cratorm'eis.)
684 2182 747 2238 Nec
772 2183 866 2239 minus
889 2183 1000 2239 amicos
1023 2192 1139 2239 tuemur
1156 2183 1256 2255 (bame-
1350 2241 1354 2255 ⁸

180 2267 254 2323 ficiis
277 2276 306 2323 et
329 2266 443 2324 officiis.
467 2267 525 2321 vid.
549 2267 585 2322 ad
609 2269 672 2324 Att.
696 2267 738 2331 ΙΙ,
763 2269 802 2322 20
825 2268 903 2339 init.)
926 2286 1013 2342 qnam
1036 2267 1190 2323 amicitias,

266 2355 291 2408 si
317 2352 382 2408 daec
412 2370 472 2407 seru
500 2362 561 2406 sind
589 2352 670 2426 (nidd
697 2355 763 2407 enim
791 2349 913 2429 offirmo)
936 2354 1003 2426 cet.)
1033 2353 1142 2409 Parum
1172 2361 1255 2426 apte,

182 2455 246 2492 eum
282 2437 380 2492 omnia
414 2436 554 2492 hactenus
583 2433 766 2510 δογματικῶς
793 2438 966 2511 disputarit,
1000 2437 1098 2494 subito
1127 2437 1256 2494 interibit

181 2521 377 2578 Academicus
400 2520 592 2577 dubitationis
615 2520 867 2595 significationem.

267 2607 317 2663 81.
351 2607 391 2661 Et
412 2608 520 2679 paridem
543 2605 612 2679 iure)
636 2605 686 2664 Sic
708 2607 772 2664 cod.
798 2608 872 2663 Mor.
897 2617 927 2664 et
950 2605 1027 2681 Spin.
1051 2605 1121 2683 [ss],
1149 2607 1256 2675 idest,

183 2690 331 2758 meliores3
360 2691 451 2747 edidit
475 2691 600 2765 prinuts.
629 2691 748 2765 opinor,
773 2691 944 2750 Cratander.
998 2691 1040 2751 Ut
1061 2692 1153 2748 nostri
1177 2691 1257 2748 dete·

181 2775 283 2834 riores.
307 2775 396 2834 Oxx..
420 2775 526 2833 Gziani
550 2775 648 2831 ceteri.

268 2863 307 2917 rel
328 2863 416 2917 studio
441 2863 481 2917 vel
503 2864 599 2935 quom's
621 2861 743 2933 scientio)
768 2859 880 2919 Offensi
904 2871 972 2916 sunt
994 2860 1041 2916 hic
1065 2860 1205 2917 Davisius
1227 2869 1257 2916 et

184 2944 346 3014 Ernestius,
369 2963 423 3002 nee
441 2946 503 3021 ipse
522 2965 567 3001 me
584 2945 669 3002 initio
687 2946 890 3020 expediebam.
910 2944 988 3018 quod
1006 2962 1068 3006 nee,
1092 2948 1188 3017 qttutu's
1205 2962 1256 3000 eur

182 3031 352 3101 adderetur,
383 3031 518 3087 videbam
548 3041 576 3085 et
607 3033 645 3086 uel
672 3031 759 3086 etiam
789 3040 856 3086 ante
884 3041 942 3085 orte
971 3030 1136 3104 ponendum
1165 3028 1256 3085 fuisse

181 3117 320 3191 putabam
344 3116 415 3186 (vid.
441 3116 476 3171 ad
495 3117 518 3172 1.
533 3116 594 3186 tt).
631 3116 716 3171 Nunc
735 3115 830 3181 sidau,
856 3117 895 3170 uel
916 3115 964 3170 hic
987 3133 1050 3170 cum
1075 3114 1256 3170 corrections

182 3200 280 3275 aliqua
303 3201 382 3276 poni.
406 3210 438 3256 ut
460 3210 528 3256 ante
552 3200 677 3274 primum
701 3219 806 3255 nomen
831 3200 899 3274 poni
924 3219 981 3256 non
1002 3200 1143 3255 debuerit.
1178 3199 1255 3255 Nam

182 3303 246 3342 eum
270 3296 353 3341 ortem
377 3286 513 3341 dixisset.
544 3304 600 3340 non
630 3296 721 3340 artem
752 3285 958 3341 nominandam
987 3285 1078 3342 fuisse
1101 3284 1256 3359 significat,

182 3371 259 3444 quod
289 3371 382 3426 maius
406 3371 554 3437 videatur,
584 3371 634 3426 sed
664 3370 806 3436 studium,
837 3371 951 3426 etiamsi
980 3371 1052 3426 artis
1080 3369 1203 3425 formam
1228 3379 1258 3424 et

182 3456 353 3531 dignitatem
388 3475 446 3512 non
475 3456 615 3530 attingat,
650 3456 695 3511 vel
730 3456 849 3512 omnino
883 3456 1017 3528 quamvis
1051 3454 1181 3510 cuiusvis
1214 3453 1257 3510 rei

182 3541 349 3608 scientiam
373 3551 434 3597 tum
458 3541 487 3595 in
512 3541 599 3596 tertio
623 3543 677 3596 uel.
701 3541 750 3595 ubi
774 3540 874 3595 addita
898 3540 1077 3615 praepositio
1100 3539 1255 3614 significat,

182 3625 236 3682 hoe
259 3627 373 3701 seiungi
396 3627 433 3681 ab
457 3626 507 3681 iila
530 3626 614 3682 serie.
638 3625 768 3681 ascendit
787 3626 880 3681 oratio
899 3625 944 3680 vel
964 3625 1061 3698 potius
1082 3622 1258 3679 transfertur

182 3711 219 3767 ad
241 3711 331 3777 aliud,
355 3720 387 3766 ut
410 3710 461 3767 sit:
485 3716 563 3766 atium
586 3714 612 3765 in
635 3714 694 3785 ipso
719 3714 820 3765 tu'rtute.
861 3711 936 3766 Nam
956 3709 1033 3782 quod
1052 3708 1144 3766 Stoici
1162 3708 1255 3782 ipsam

181 3796 319 3854 virtutem
343 3807 434 3852 artem
459 3795 616 3857 faciebant,
640 3795 712 3851 nihil
736 3795 772 3850 ad
796 3796 870 3851 hane
893 3795 1053 3851 orationem
1078 3793 1214 3866 pertinet.

268 3884 434 3937 rorissimam
452 3881 504 3953 est)
517 3882 648 3938 Verbum
666 3892 705 3937 est
718 3881 880 3948 Ernestins,
900 3898 1024 3953 sequens
1038 3879 1082 3934 El.
1101 3888 1257 3951 utrumque

182 3975 211 4022 et
234 3966 279 4023 ed.
305 3967 393 4034 Vico,
418 3967 524 4023 omisit.
572 3966 633 4024 Cir.
658 3968 694 4023 ad
718 3967 742 4032 1,
767 3967 816 4021 43.

260 4055 374 4125 jrtetunt
397 4062 420 4107 et
443 4053 520 4107 bodie
542 4053 616 4124 stunt)
636 4054 746 4126 Aptnm
771 4061 814 4107 est
838 4050 874 4106 ad
897 4059 1053 4122 utrumque
1076 4059 1190 4121 tempus
1214 4045 1258 4102 di·

182 4136 286 4193 stincte
310 4137 479 4201 notandum,
504 4137 581 4210 quod
600 4136 759 4192 Lambinus
778 4136 883 4191 edidit:
907 4146 930 4190 et
941 4138 1064 4208 fueruat,
1088 4151 1153 4188 cum
1173 4149 1257 4205 prae·

182 4222 281 4279 sertim
294 4221 408 4289 Cicero,
427 4222 477 4278 ubi
496 4240 633 4296 praesens
646 4231 761 4296 tempus
773 4220 917 4295 superiori
930 4219 1102 4294 simpliciter
1113 4215 1257 4292 adiungit,

181 4307 280 4382 potius
303 4308 400 4364 dicere
424 4307 572 4363 videatur:
595 4307 724 4380 hodieque
742 4316 804 4361 suut
826 4308 869 4378 (ut
892 4324 945 4379 pro
963 4305 1043 4362 Cael.
1063 4305 1090 4364 3.
1114 4304 1149 4359 de
1174 4301 1257 4359 Orat.

182 4393 207 4462 Ι,
224 4393 304 4465 103).
339 4391 465 4469 [Addidi
488 4410 566 4447 nuno
588 4401 612 4446 et
634 4409 698 4446 eum
717 4390 847 4459 Baitero,
871 4390 1029 4447 adiuvante
1052 4388 1185 4446 nonnihil
1202 4384 1258 4463 Α.]
