3030 5086
658 464 854 513 1111111114.
1263 449 1292 513 V

214 646 290 698 nem
309 632 464 698 Ciceronis
486 636 660 700 orationem
681 636 784 700 denuo
806 652 875 699 cum
892 635 1031 700 codicum
1049 635 1112 700 lide
1128 636 1293 719 dignorum

216 741 405 807 testimoniis
426 743 571 808 contendi
593 744 838 824 ponderatisque
860 743 1016 807 rationum
1038 746 1202 810 momentis
1218 765 1291 812 eon·

217 852 316 931 stitui,
339 868 400 916 non
422 868 499 915 sane
521 851 650 915 multum
672 850 713 916 ab
736 869 774 916 ea
795 849 895 915 forma
917 851 1085 931 digressus,
1108 870 1201 932 quam
1218 861 1292 920 ante

219 968 345 1031 secutus
372 976 457 1023 eram
485 977 640 1039 quamque
663 967 694 1023 et
715 958 855 1024 Klotzius
876 965 909 1024 et
929 959 1074 1024 Baiterus
1095 957 1161 1026 fere
1183 968 1291 1028 tenue-
1397 1038 1400 1043 ,

217 1074 305 1145 rant;
332 1083 463 1147 prorsus
486 1066 567 1130 eninr
589 1085 624 1132 se
645 1067 733 1146 mihi,
761 1067 788 1131 si
809 1083 962 1131 summam
985 1067 1030 1131 rei
1052 1074 1188 1149 spectes,
1216 1088 1291 1151 pro-

219 1174 312 1240 bavit.
362 1174 424 1239 Sed
452 1184 555 1238 tamen
584 1181 615 1239 et
641 1175 776 1253 minora,
804 1175 945 1241 velutin
975 1174 1141 1240 verborum
1169 1178 1291 1258 ordine,

219 1300 281 1348 non
306 1283 352 1347 ita
372 1300 483 1363 pauca,
505 1300 587 1362 quae
608 1291 701 1348 antea
721 1283 841 1347 incerta
863 1289 966 1361 erant,
988 1284 1029 1348 ad
1050 1281 1217 1350 firmiorem
1239 1303 1291 1351 eo·

219 1392 321 1457 dicum
348 1389 441 1456 fidem
470 1391 627 1470 revocavi,
655 1398 826 1472 praeeunte
852 1391 883 1455 in
907 1390 1010 1456 multis
1032 1391 1173 1471 Baitero,
1203 1394 1290 1458 etin

217 1499 270 1578 iis,
300 1517 379 1579 quae
401 1498 587 1563 sententiam
608 1504 664 1562 aut
686 1505 801 1563 rectam
824 1499 974 1565 orationis
1000 1498 1133 1563 formam
1159 1501 1291 1583 propius

217 1607 383 1688 attingunt,
406 1605 602 1686 aliquotiens,
618 1613 737 1670 mutata
754 1607 915 1686 superiore
932 1606 1098 1689 scriptura,
1116 1616 1173 1672 aut
1189 1609 1290 1689 ipsam

218 1714 400 1796 simpliciter
432 1714 571 1779 codicum
603 1713 697 1778 fidem
729 1716 845 1779 certius
877 1724 1072 1796 perspectam
1106 1723 1138 1780 et
1170 1717 1291 1782 ratione

218 1821 450 1904 comprobatam
473 1831 598 1887 secutus
621 1841 690 1886 sum
712 1823 762 1902 (nt
782 1823 829 1900 ΙΙ,
852 1823 908 1902 21,
931 1823 986 1902 52,
1010 1823 1060 1900 87,
1082 1824 1134 1903 94,
1161 1824 1216 1904 ΙΙΙ,
1241 1827 1290 1904 11,

219 1931 257 2009 V,
279 1932 335 2008 20,
358 1931 414 2010 33)
441 1938 497 1995 aut
524 1949 561 1995 ex
589 1948 698 1995 eorum
720 1930 860 2012 vestigiis
888 1931 1067 1996 coniectura
1093 1949 1201 1997 verum
1223 1933 1290 1996 crui

219 2041 269 2120 (ut
288 2039 328 2115 ΙΙ,
349 2037 399 2113 78,
411 2038 461 2116 94,
483 2038 539 2115 ΙΙΙ,
557 2039 607 2117 63,
630 2038 684 2118 IV,
702 2039 752 2117 10,
764 2038 814 2118 65,
838 2038 874 2117 V,
894 2040 943 2118 16,
956 2040 1025 2120 80),
1053 2057 1115 2103 uno
1138 2047 1171 2105 et
1191 2040 1290 2105 altero

219 2146 381 2227 utriusque
403 2146 526 2227 generis
548 2145 616 2210 loco
638 2164 658 2210 a
679 2145 806 2211 Baitero
829 2153 979 2227 occupato
1001 2149 1052 2228 (nt
1071 2148 1116 2226 ΙΙ,
1138 2148 1194 2227 36,
1218 2148 1289 2226 107,

219 2256 304 2335 119),
323 2253 475 2334 quasdam
492 2271 577 2318 nreas
589 2253 863 2334 Wesenbergiique
879 2254 1072 2334 aliorumque
1088 2255 1290 2336 suspiciones,

218 2380 296 2442 quas
318 2367 413 2426 antea
433 2361 465 2425 in
485 2361 736 2426 annotationibus
758 2361 958 2442 reliqueram,
980 2368 1036 2426 aut
1057 2361 1146 2426 novis
1168 2362 1289 2428 indiciis

219 2470 437 2534 corroboratas
459 2476 515 2534 aut
535 2469 667 2534 aliorum
689 2487 841 2535 consensu
863 2470 1096 2551 comprobatas,
1118 2478 1289 2550 praeeunte

218 2578 332 2660 partim
354 2576 490 2654 Baitero,
512 2576 543 2640 in
566 2583 742 2642 contextum
764 2577 913 2642 orationis
936 2576 1037 2657 recepi
1060 2579 1108 2658 (ut
1130 2577 1225 2657 lV,6,
1239 2579 1289 2658 18,
1327 2621 1331 2629 =

218 2687 268 2764 61,
291 2687 342 2763 67,
365 2686 415 2762 70,
443 2684 480 2763 V,
502 2685 553 2763 43,
577 2686 646 2764 72);
676 2685 795 2766 aliquot
821 2685 954 2766 denique
976 2703 1074 2750 novas
1096 2685 1289 2767 suspiciones

218 2800 253 2857 nt
273 2793 411 2857 incertas
433 2792 464 2857 in
487 2791 739 2857 annotationibus
761 2793 851 2874 posui
874 2794 924 2873 (ut
944 2793 989 2870 Π,
1011 2794 1067 2870 33,
1096 2793 1157 2872 ΙΠ,
1180 2795 1215 2871 2,
1238 2794 1289 2872 16,

218 2901 274 2978 31,
296 2902 352 2979 61,
375 2901 426 2978 62,
456 2900 509 2977 IV,
534 2902 582 2979 13,
604 2901 656 2977 37,
678 2902 729 2978 44,
760 2900 797 2979 V,
820 2902 870 2978 23,
892 2900 942 2978 60,
965 2900 1015 2978 69,
1038 2900 1102 2980 80).
1148 2901 1289 2966 Aliorum

218 3008 402 3073 coniecturis
436 3026 536 3088 nuper
567 3008 739 3088 propositis
773 3027 834 3072 non
867 3008 911 3072 ita
943 3007 1047 3072 multis
1079 3009 1178 3073 locum
1212 3010 1289 3074 dare

217 3116 313 3197 potui,
336 3123 371 3179 ut
392 3115 584 3180 Lacbnranni
606 3116 646 3193 ΙΙ,
669 3118 719 3194 24,
748 3124 804 3180 aut
826 3116 935 3181 saltem
959 3134 1012 3180 eas
1034 3115 1064 3179 in
1088 3118 1288 3182 annotatione

217 3224 367 3305 probare;
394 3223 490 3287 multo
513 3224 619 3304 plures
641 3223 864 3304 improbandae
886 3222 1025 3302 bierunt,
1053 3223 1092 3288 de
1113 3224 1238 3304 quibus,
1261 3225 1288 3289 si

218 3351 297 3413 opus
319 3331 499 3407 videbatur,
528 3331 664 3396 breviter
687 3332 762 3408 dixi3
791 3332 945 3411 quaedam
968 3350 1016 3395 me
1038 3331 1105 3396 sine
1127 3333 1219 3396 dubio
1241 3330 1288 3395 f-

219 3439 371 3505 lellerunt.
425 3440 515 3504 Alani
543 3439 671 3505 Hiberni
701 3439 866 3505 editionem
897 3439 1036 3517 (Dublini
1067 3440 1163 3520 1856)
1193 3446 1225 3504 et
1251 3441 1288 3504 L.

220 3548 383 3612 Vaucherii
406 3547 610 3625 GenevensiS,
633 3547 765 3612 bominis
787 3566 863 3629 erga
880 3567 929 3612 me
946 3547 1095 3625 benevoli,
1118 3549 1173 3611 sed
1197 3547 1288 3612 nimis

218 3655 390 3720 temerariis
414 3654 593 3719 commentis
616 3655 722 3735 (etiam
750 3657 790 3719 de
816 3656 913 3736 ipsius
937 3655 1092 3719 Ciceronis
1119 3655 1286 3720 correctio·

219 3764 305 3828 nibus
340 3770 372 3826 et
404 3762 640 3839 additamentis)
673 3763 862 3843 indulgentis
888 3762 1038 3841 libellum,
1066 3781 1156 3843 quern
1186 3763 1287 3827 Cures

219 3872 338 3935 criticas
361 3871 392 3934 in
415 3868 572 3933 Ciceronis
594 3868 692 3934 libros
714 3869 942 3951 pln'losophicos
965 3869 1124 3950 inscripsit
1146 3869 1232 3951 (iaso.
1259 3874 1285 3948 1,

218 3979 403 4043 lausannae
421 3978 525 4057 1864),
549 3978 589 4043 de
605 3976 758 4042 industria
780 3995 841 4041 non
859 3977 1106 4055 commemoravi,
1128 3997 1167 4042 ne
1184 3978 1286 4059 suspi-

218 4087 319 4150 tiones
335 4085 460 4149 inutiles
476 4087 516 4149 ad
539 4085 697 4150 hominurn
719 4085 859 4149 notitiam
881 4085 1095 4165 protraherem
1117 4085 1286 4150 autetiam

219 4192 393 4258 refutarem.
427 4192 619 4258 Varietatem
642 4192 815 4274 scripturae
837 4193 1043 4258 commodiore
1066 4192 1166 4258 forma
1184 4195 1284 4274 posui.

218 4301 251 4365 ln
275 4299 503 4365 commentariis
525 4311 744 4381 praeterquam
767 4300 850 4381 quod
874 4320 925 4379 ea,
953 4319 1033 4382 quae
1054 4301 1116 4366 iam
1138 4301 1169 4365 in
1192 4320 1286 4381 supe·

218 4408 309 4473 rioris
336 4406 481 4473 editionis
507 4405 569 4473 fine
596 4408 741 4473 addenda
768 4415 799 4472 et
827 4409 1011 4488 corrigenda
1038 4409 1190 4486 dixeram,
1220 4407 1287 4472 suis
