3030 5086
215 460 275 525 Lu

555 436 560 441 ’
658 467 858 523 namneum.

222 645 339 723 dicam,
365 664 473 711 severa
500 652 593 724 atque
619 653 711 710 casta
734 663 795 709 non
817 643 962 727 ambiguo
984 641 1061 724 fine,
1088 642 1175 708 velut
1194 652 1301 709 muta·

223 753 341 818 donum
363 771 490 818 numero
511 759 546 818 et
562 753 780 835 magnitudine
801 753 888 833 (nam
909 752 986 818 haee
1006 769 1120 833 genere
1142 756 1301 834 deprava-

224 859 318 925 tionis
344 866 377 926 et
397 859 570 942 frequentia
591 861 780 942 variantur),
807 861 865 925 sed
887 866 960 929 ,tota
986 858 1087 925 torma
1114 877 1302 941 separarem

224 967 322 1033 levem
345 976 376 1033 et
398 968 609 1047 temerariam,
636 987 704 1033 oum
726 974 913 1049 praesertim
941 986 979 1033 en
1001 987 1101 1049 nuper
1121 987 1179 1050 per
1199 985 1300 1033 unum

224 1093 262 1139 θΧ

294 1074 341 1140 hia
376 1074 533 1141 Ciceronis
565 1075 713 1156 operibus
749 1076 828 1140 mira
864 1075 988 1142 lieentia
1026 1084 1172 1158 masnata
1203 1082 1301 1142 esset.

227 1181 517 1266 [Stuerenburgium
544 1181 724 1263 significavi
773 1183 872 1248 Multa
899 1190 1025 1264 pastea,
1054 1184 1113 1248 etsi
1142 1203 1203 1249 non
1233 1194 1302 1248 tam

223 1289 415 1370 petulanter,
441 1290 472 1354 in
499 1290 560 1355 hoc
586 1308 701 1370 genere
722 1289 841 1355 Bakius
868 1291 1014 1370 peccavit.
1058 1290 1137 1355 Nam
1160 1291 1302 1356 minutos

225 1396 374 1476 hominen,
397 1398 450 1480 qui
472 1417 573 1480 nuper
594 1398 671 1464 haee
692 1405 947 1477 attrectaverunt,
968 1416 1030 1461 non
1054 1398 1152 1482 euru]

308 1505 380 1569 Non
402 1505 447 1570 ita
468 1506 576 1587 paucis
597 1506 673 1571 locis
694 1507 727 1571 in
749 1524 817 1572 eam
840 1506 1025 1571 sententiam
1047 1507 1201 1572 adductus
1218 1525 1305 1585 sum,

294 1750 320 1797 in
343 1746 432 1796 codice
455 1745 598 1796 Eriurteust
644 1759 725 1808 nuper
743 1749 781 1795 sia
800 1751 839 1795 est
856 1759 945 1796 emen·
990 1745 1143 1797 scribendae
1176 1753 1216 1797 eat
1246 1748 1301 1798 hoa

294 1834 331 1881 sie
350 1830 483 1888 scribitur,
506 1833 598 1880 ceteris
643 1831 728 1880 datus:
991 1831 1080 1880 modo:

295 1917 347 1966 iere
362 1915 597 1966 consentientibus:
619 1892 622 1965 l

619 1974 622 2029 i

294 2061 322 2101 tu
339 2066 379 2101 res
396 2052 418 2100 si
435 2065 510 2114 equos
523 2058 600 2100 uestes
620 2062 622 2113 t
643 2059 670 2099 tu
688 2051 780 2112 ipitur,
800 2050 822 2099 si
839 2063 948 2112 aequum
992 2051 1079 2100 turis
1105 2052 1165 2100 iaec
1186 2066 1232 2101 voa
1255 2056 1315 2109 est.

294 2138 316 2186 si
338 2137 393 2185 uim
415 2150 466 2185 noa
491 2136 520 2183 ia
544 2137 600 2185 cede
619 2132 622 2195 j
643 2142 676 2184 est
700 2148 749 2183 esse
771 2135 822 2184 vim
845 2150 897 2184 noa
919 2136 948 2184 ia
991 2136 1167 2185 esseoimaon
1181 2137 1208 2184 ia
1223 2136 1300 2185 eaede

294 2222 375 2272 solum
400 2222 441 2270 sed
467 2221 543 2269 etium
570 2221 600 2267 ia
620 2222 622 2315 t
642 2220 716 2269 coede
724 2219 811 2276 sotum,
820 2221 862 2269 sed
872 2220 948 2269 etiam
990 2220 1082 2276 solum,
1105 2221 1147 2269 sed
1170 2221 1246 2269 etiam
1269 2221 1300 2269 iu

295 2307 381 2355 animo
411 2305 524 2354 libidinis
550 2305 601 2353 nisi
620 2326 622 2343 ι
642 2305 948 2362 inanimo‚ibidieis‚aisi
991 2304 1089 2360 anima,
1129 2305 1298 2362 libidinis,

295 2405 370 2441 eruor
395 2397 519 2454 appareat
547 2390 600 2438 uim
643 2404 718 2440 eruor
736 2396 872 2453 appareat,
896 2391 947 2438 eim
990 2389 1042 2437 uisi
1068 2403 1143 2438 auor
1165 2397 1299 2454 appareat,

296 2490 346 2524 aaa
371 2488 418 2524 esse
440 2476 533 2538 {nomm
558 2476 598 2523 iu·
643 2477 860 2539 aaaessesactam,
874 2476 948 2524 siae·
991 2474 1042 2523 oim
1059 2489 1110 2523 nors
1128 2489 1177 2524 esse
1190 2477 1300 2540 saetam

295 2561 361 2609 iuris
395 2559 513 2609 delictum
552 2574 601 2609 esse
620 2560 623 2577 ¹
642 2559 701 2610 rum
716 2567 750 2609 est
763 2560 883 2609 deiectum
893 2573 947 2617 esre,
990 2559 1083 2615 iuris,
1102 2560 1222 2610 deiectum
1239 2574 1298 2621 esse,

295 2645 340 2707 qui
356 2645 498 2707 prohibitus
519 2646 551 2693 eit
568 2644 600 2693 tt·
644 2647 688 2709 qui
701 2645 843 2708 prohibitus
856 2644 895 2701 sit,
913 2645 949 2693 ibi
991 2644 1037 2706 qui
1051 2644 1192 2706 prohibitus
1204 2645 1244 2704 sit,
1260 2644 1298 2694 tr-

296 2730 389 2779 bidiuis
425 2730 476 2779 nisi
510 2743 538 2778 ea
573 2744 600 2780 eo
644 2729 948 2786 dieiauiueaeotooo,
991 2727 1124 2784 bidinis,
1150 2730 1200 2778 nisi
1223 2743 1299 2778 eaeo

295 2815 347 2864 loco
387 2816 432 2864 ubi
466 2815 600 2877 uestipium
643 2816 687 2865 ubi
701 2814 831 2877 oestipium
844 2815 948 2877 impres·
992 2814 1299 2876 toeaudiuestipiumim·

295 2899 449 2962 impresserit
472 2901 535 2950 deici
557 2915 600 2950 rte·
643 2902 714 2958 serit,
737 2900 802 2949 deici
825 2900 949 2948 neminem
991 2901 1116 2964 presserit,
1136 2900 1200 2949 deici
1218 2899 1299 2948 auni-

296 2985 389 3033 minem
400 3000 471 3048 posse
482 2987 548 3035 iuris
561 3000 601 3034 re·
642 3000 719 3049 posse,
732 2986 754 3034 si
767 2985 833 3034 iuris
842 2984 950 3033 retinere
993 3000 1049 3034 aem
1056 2999 1139 3048 posse;
1152 2984 1243 3041 iuris,
1258 2997 1299 3034 re·

297 3069 357 3118 tinet
391 3071 540 3120 sententiam
579 3076 602 3119 et
643 3069 793 3119 sententiam
802 3076 824 3116 et
834 3069 949 3131 nequita-
993 3070 1070 3119 tineri
1099 3070 1248 3119 senteutiam
1277 3076 1301 3118 et

297 3156 448 3217 aequitatem
459 3155 601 3218 plurimum
644 3162 692 3203 tem
710 3154 852 3217 plurimum
867 3154 950 3203 onim
992 3155 1144 3217 aequitatem
1157 3154 1301 3218 plurimum

297 3239 383 3289 uetere
405 3248 519 3302 oportere
543 3239 601 3288 iibi-
621 3196 624 3267 ι
645 3246 747 3302 oportet,
762 3239 950 3289 ibidicisoerbo
992 3239 1077 3289 valere
1090 3247 1211 3303 oportere,
1227 3239 1300 3289 ttae·-

298 3324 365 3373 diais
382 3325 458 3374 uerbo
473 3339 502 3374 ae
517 3324 602 3374 littero
621 3304 624 3359 Ι
645 3339 674 3374 aa
701 3325 786 3374 littero
813 3324 853 3374 ius
879 3339 950 3374 omae
993 3325 1092 3385 dinis,
1115 3325 1187 3374 uerbo
1210 3339 1239 3373 ae
1257 3324 1300 3374 tit·

296 3408 338 3457 ius
351 3423 423 3458 omae
438 3411 550 3473 torqueri
558 3424 603 3459 uos
622 3364 624 3471 i
646 3410 766 3474 torqueri,
784 3425 826 3460 oos
842 3411 950 3468 statuite,
994 3409 1299 3472 teroiusomnetorquesi.

297 3494 398 3544 statuite
417 3501 604 3557 recuperatores
622 3480 625 3557 i
645 3503 847 3558 recuperatores,
891 3502 951 3544 utro
997 3495 1040 3544 i'os
1060 3494 1173 3550 statuite,
1195 3507 1300 3557 reeupe-

298 3587 321 3629 et
350 3579 453 3629 uiliores
483 3593 531 3629 esse
562 3581 603 3628 ui·
622 3572 625 3637 i
645 3582 729 3631 uerior
760 3595 800 3630 res
831 3595 880 3631 esse
913 3581 950 3630 oi·
972 3587 1101 3659 pretores,
1128 3586 1187 3627 utro
1211 3577 1302 3627 utilior

298 3668 413 3715 deantur.
623 3644 742 3729 identat
859 3730 861 3734 λ
973 3679 1044 3730 pesse
1061 3664 1182 3713 uideatur.

299 3752 351 3802 iuri
370 3753 461 3800 Cicero
480 3751 505 3800 id
524 3751 626 3809 tribuit,
645 3751 713 3813 quod
732 3754 785 3813 ipse
804 3750 926 3807 detrudit,
945 3751 1045 3801 libidini
1066 3750 1103 3807 id,
1122 3750 1190 3811 quod
1210 3749 1300 3797 adver·

300 3840 381 3887 sartos
405 3836 542 3886 defendere
565 3840 606 3885 ait.
653 3836 744 3884 Verum
773 3849 824 3884 nou
849 3837 980 3885 invenisse
1007 3838 1032 3884 in
1057 3834 1100 3883 tuit
1120 3835 1177 3884 iono
1202 3835 1300 3883 nemini

300 3921 436 3986 opprobrio
460 3934 518 3970 ease
541 3928 636 3983 potest;
661 3921 704 3969 aed
730 3921 806 3968 iaiem
830 3924 972 3970 orationem
991 3920 1028 3981 (ri
1046 3933 1131 3968 nerum
1149 3926 1184 3967 est
1204 3945 1247 3975 -,
1266 3917 1303 3967 iti

300 4007 368 4061 diois,
386 4006 436 4055 hoa
455 4010 505 4054 ast:
525 4020 581 4054 cum
598 4019 682 4054 oerum
701 4005 733 4053 sit
753 4031 791 4060 -‚
810 4012 837 4052 tu
855 4005 964 4069 (contro)
984 4006 1055 4064 dieis)
1071 4017 1115 4067 pro
1131 4005 1301 4054 Ciceroniana

299 4091 407 4150 habere,
431 4096 486 4140 ium
511 4104 561 4140 non
586 4091 747 4152 intellegere,
771 4106 784 4140 u
804 4090 915 4140 libidinis
933 4106 995 4141 roae
1013 4100 1050 4139 ter
1070 4092 1176 4153 repetita
1194 4095 1220 4138 et
1237 4089 1303 4137 iuris

301 4178 340 4227 bis
360 4182 458 4225 servata
478 4189 583 4226 omnem
602 4176 756 4226 emendandi
776 4184 895 4226 conatum
919 4176 1046 4239 proticisci
1066 4175 1172 4232 debere,
1197 4174 1223 4223 id
1242 4186 1302 4223 vero

300 4263 361 4311 maii
380 4263 533 4310 coniectoris
549 4267 593 4310 est.
625 4259 700 4324 [tinec
721 4265 745 4309 in
766 4274 841 4322 quarn
861 4263 927 4310 dicta
946 4267 1026 4318 orant,
1044 4263 1156 4324 priorem
1174 4261 1301 4327 rationem

302 4350 410 4395 mutavit
428 4349 563 4409 patuitque
581 4345 750 4394 admonitioni
771 4357 821 4392 non
837 4358 899 4394 sune
914 4346 972 4406 leni.
1002 4345 1101 4407 Reliqui
1121 4352 1217 4402 tamen,
1236 4357 1303 4407 quae

303 4444 353 4480 nou
373 4432 488 4481 hominis
507 4444 593 4488 cauea,
612 4431 656 4479 sed
677 4432 713 4479 rei
732 4425 865 4493 dixeram]
