3030 5086
255 463 318 528 676
645 479 841 525 unamines
866 479 938 525 sou.

255 650 401 727 membra,
424 650 569 712 tueatur?
613 649 662 712 Sic
683 649 724 712 ad
747 647 813 726 illa,
836 666 917 728 quae
939 666 1062 728 semper
1082 646 1198 724 habuit
1221 647 1337 726 iunget

254 771 300 830 ea,
323 770 403 831 quae
420 757 529 831 postea
546 750 741 828 accesserint
760 768 816 814 nec
833 750 963 813 cundem
980 750 1071 813 tinem
1083 749 1216 826 habebit
1235 767 1336 829 quem

254 853 355 917 cultor
371 854 438 917 eius
455 852 598 930 habebat
621 853 677 916 sed
694 852 778 916 volet
796 852 965 915 secundum
984 871 1051 915 eam
1070 859 1223 928 naturam,
1246 869 1336 932 quae

253 962 365 1035 postea
387 955 414 1019 ei
437 955 584 1018 adiuncta
606 964 662 1032 est
685 955 797 1018 vivere.
831 955 879 1017 lta
902 953 1011 1017 similis
1034 953 1093 1017 crit
1112 953 1139 1017 ei
1156 951 1227 1017 finis
1244 953 1334 1029 boni,

215 1058 236 1122 5
254 1067 349 1136 atque
366 1067 458 1120 antea
475 1054 586 1133 fuerat
608 1075 708 1136 neque
725 1056 807 1118 idem
823 1063 940 1133 tamem
963 1075 1024 1119 non
1042 1055 1121 1119 enim
1138 1056 1200 1118 iam
1217 1055 1335 1134 stirpis

253 1157 366 1222 bonum
390 1165 531 1239 quaeret
560 1159 616 1222 sed
638 1157 788 1221 animalis,
832 1158 928 1236 Quid,
957 1159 983 1221 si
1011 1177 1070 1221 non
1099 1177 1209 1222 sensus
1233 1159 1334 1222 modo
1365 1193 1368 1199 ,

254 1261 282 1324 ei
305 1261 396 1324 datus
418 1259 468 1337 sit
491 1279 597 1324 verum
620 1260 712 1324 etiam
730 1259 851 1324 animus
868 1260 1021 1323 hominis?
1044 1278 1104 1323 non
1123 1279 1249 1325 neeesse
1269 1269 1334 1338 est,

324 1435 345 1480 l.
365 1430 438 1494 vinqet
457 1430 478 1477 E
497 1429 569 1493 t'unpit
588 1430 630 1480 LC
650 1430 772 1495 iunpatii
811 1436 833 1477 ³.
853 1431 902 1478 eius
921 1431 977 1493 (pro
995 1431 1098 1488 carati]
1139 1438 1160 1478 4.
1180 1431 1210 1478 sit
1229 1446 1332 1487 omncs,

253 1498 296 1548 Or.
332 1496 693 1562 ettproeitssPCRom.L
729 1497 1080 1562 5.et(proatqne)P(mg.
1100 1504 1135 1561 ut)
1171 1503 1194 1546 a
1218 1497 1338 1555 Quodsi

254 1566 385 1617 LPcROr.
422 1565 489 1614 inodo
507 1584 590 1615 semus
609 1568 691 1615 nonE
726 1567 749 1615 ei
764 1566 868 1615 ntodoR
905 1571 926 1616 7.
946 1566 976 1614 sit
992 1566 1063 1615 datus
1078 1567 1210 1616 LPCROr.
1246 1584 1333 1617 cmm

255 1635 347 1684 arrianus
365 1643 399 1684 est
416 1636 486 1683 etiam
504 1635 596 1683 uitiatus
615 1636 636 1684 E
654 1652 733 1684 umam
751 1635 819 1683 etaiam
838 1635 937 1692 animus,
956 1644 977 1683 et
995 1635 1087 1683 animus
1106 1635 1147 1686 Or.

253 1792 282 1847 in
307 1792 427 1848 vocibus
456 1795 480 1847 ei
508 1793 624 1847 rnetnbro
647 1792 718 1847 ordo
741 1802 870 1855 constat,
901 1792 929 1847 in
954 1794 1081 1847 adiuncto
1104 1792 1206 1848 variat.
1252 1792 1334 1848 Post

253 1896 346 1933 sensus
367 1877 475 1933 rectius
498 1877 615 1932 definite
638 1878 753 1932 trtembro
775 1888 1040 1933 commemorantur
1062 1896 1148 1950 quam
1168 1877 1285 1933 infinite
1307 1880 1335 1933 si

253 1981 322 2036 pacm
346 1963 472 2018 debebat
494 1963 597 2018 saitem
620 1962 688 2017 addi
710 1965 775 2020 otia.
811 1961 888 2020 Gud.
910 1964 926 2018 2
951 1972 1021 2029 steret,
1046 1962 1123 2035 quod
1146 1980 1331 2036 quamquam

252 2047 321 2104 huic
343 2047 479 2121 obliquae
502 2047 627 2104 orationi
651 2047 905 2104 vehementissime
928 2057 1079 2122 repugnat.
1102 2066 1139 2102 ex
1162 2047 1206 2103 ed.
1230 2048 1333 2121 prima

252 2133 288 2189 ad
312 2133 386 2189 alias
409 2133 549 2207 quasdam
573 2143 765 2207 propagatum
785 2144 838 2191 est.
884 2133 995 2191 Contra
1018 2132 1067 2188 ubi
1090 2143 1170 2188 recta
1192 2133 1332 2190 oratione

254 2218 324 2275 Piso
347 2218 476 2292 loquitur
498 2220 614 2290 (babebit
639 2251 673 2258 —
696 2221 782 2290 votet),
806 2219 969 2274 necessario
993 2218 1099 2274 dicitnr
1121 2220 1249 2274 adiuncto
1273 2231 1332 2286 est3

254 2303 337 2379 fingit
354 2304 430 2359 anim
448 2304 519 2377 ipse.
537 2304 703 2360 adiunctam
722 2322 784 2360 esse
798 2306 842 2375 (nt
859 2315 925 2359 unta
944 2304 1028 2359 dicit:
1046 2323 1115 2377 pirae
1133 2304 1245 2376 babuit),
1267 2323 1330 2361 non

254 2389 366 2445 arboris
389 2389 561 2445 sententiam
580 2388 739 2463 significat;
762 2389 860 2462 itaque
881 2390 923 2445 sic
940 2389 1053 2463 scripsi,
1077 2400 1208 2445 correcto
1226 2407 1262 2446 eo
1282 2409 1332 2446 er-

253 2493 328 2542 rore,
352 2474 387 2529 de
410 2493 468 2547 quo
491 2474 552 2530 dixi
575 2474 611 2530 ad
635 2474 691 2539 III,
706 2475 754 2529 58.
798 2471 883 2553 [Sina
902 2475 991 2530 dubio
1008 2474 1095 2530 etiam
1113 2471 1330 2553 accesserunt]

338 2562 387 2615 erit
408 2563 433 2615 ei
447 2558 527 2635 finis)
550 2559 599 2617 Sic
622 2559 842 2616 '1'h.Bentleius
859 2560 996 2623 correxit
1020 2557 1097 2633 quod
1115 2560 1145 2614 iu
1162 2560 1225 2615 cod.
1242 2561 1327 2619 arch.

254 2652 329 2700 erat:
358 2648 407 2700 erit
435 2654 459 2699 ct
479 2647 560 2717 ⁸timim
589 2657 633 2699 est
661 2645 737 2700 enim
762 2645 897 2700 mendum
920 2655 1110 2719 pervagatum
1132 2643 1197 2716 (cir.
1221 2649 1235 2714 ξ
1261 2647 1327 2717 69).

254 2729 380 2785 Manutii
397 2740 426 2785 et
439 2729 540 2787 Lamb.
554 2740 578 2785 et
595 2729 736 2798 delerant,
755 2748 808 2785 uec
820 2729 898 2787 Oxx.
911 2739 1053 2786 annotant
1064 2730 1121 2785 nisi
1133 2749 1170 2786 ex
1182 2725 1223 2804 ξχ,
1248 2731 1330 2787 Mire

255 2814 388 2870 Handius
411 2816 497 2871 Turs.
520 2815 552 2870 II
576 2835 604 2888 p.
624 2816 685 2870 514
708 2825 731 2871 et
754 2815 855 2871 eodem
880 2815 965 2871 modo
988 2815 1080 2889 accipi
1105 2816 1182 2885 vult,
1213 2835 1272 2889 quo
1297 2817 1328 2873 in

253 2900 449 2973 comparando
473 2900 603 2956 dicamus
620 2903 657 2955 sic
680 2910 704 2956 et
726 2901 773 2956 doc
796 2919 848 2975 pro
871 2905 957 2956 attunt.
1001 2901 1132 2956 Primum
1155 2901 1259 2958 saltem
1285 2903 1329 2959 sic

253 2985 341 3040 scribi
364 2985 480 3041 debuit:
504 2987 547 3041 Ito
570 2995 594 3041 et
609 2987 677 3057 ,linis
700 2995 772 3049 oet,
797 2985 901 3042 deinde
925 2986 965 3041 sic
988 2986 1043 3041 hoc
1066 2986 1225 3054 diceretur,
1249 2995 1329 3043 tam-

253 3087 340 3142 quam
368 3070 393 3126 si
422 3070 456 3126 de
484 3071 543 3126 alia
571 3089 602 3125 rc
629 3081 697 3127 ante
720 3071 827 3126 dictum
852 3083 943 3136 esset3
973 3070 1054 3144 atqui
1078 3072 1250 3144 praecessit:
1281 3091 1330 3128 nec

253 3157 362 3213 ciendam
392 3156 496 3211 babebit
517 3158 599 3228 finem
627 3166 681 3213 cet.
727 3155 776 3213 Sic
805 3157 903 3230 apices
931 3156 1137 3215 defendantur.
1167 3168 1199 3212 ut.
1225 3156 1332 3230 aliqua

253 3249 350 3297 tamen
374 3240 535 3297 sententiae
558 3250 588 3296 et
609 3241 752 3297 sermonis
775 3242 850 3297 ratio
873 3241 1003 3297 ducatur.

342 3324 424 3393 Quid,
447 3329 472 3383 si
488 3345 539 3382 uon
555 3345 649 3382 samita
665 3326 735 3400 cet.)
748 3326 930 3384 Vividiorem
948 3327 1022 3382 hanc
1042 3326 1183 3382 orationis
1199 3326 1328 3383 formam

253 3410 283 3465 in
312 3429 434 3467 ascensu
462 3411 498 3466 ad
528 3411 635 3480 maius,
664 3430 751 3485 quam
775 3413 862 3468 etiam
886 3431 902 3467 a
927 3412 1002 3485 Spir.
1025 3407 1079 3489 [Β]
1102 3410 1194 3468 Gzius
1217 3413 1330 3486 posuit.

254 3514 429 3569 quamquam
448 3496 585 3572 exiguum
604 3506 648 3551 est
666 3497 695 3552 in
710 3497 765 3552 huc
776 3516 808 3552 re
821 3496 951 3553 codicum
965 3508 1141 3552 momentum
1155 3495 1247 3568 (cfr.§
1263 3499 1329 3570 47),

254 3599 305 3637 cur
328 3580 456 3638 Orellius
479 3600 497 3637 a
519 3582 575 3638 loci
599 3582 743 3637 sententia
765 3582 890 3638 alienam
914 3582 1005 3639 dicat.
1034 3600 1091 3638 non
1115 3582 1215 3649 video;
1246 3601 1330 3639 com·

254 3668 373 3722 mandat
390 3686 452 3722 eam
473 3667 605 3723 subiecta
621 3685 684 3722 cum
699 3667 883 3724 vehementia
900 3668 1025 3740 quadam
1043 3668 1248 3742 iuterrogatio;
1274 3668 1331 3725 cir.

254 3753 294 3809 II.
319 3753 375 3814 79;
405 3753 440 3807 de
464 3753 565 3810 Divin.
590 3753 630 3822 II,
655 3754 709 3808 83:
737 3752 817 3820 Quid.
841 3755 914 3826 quod
936 3786 976 3793 —
1000 3761 1128 3808 utantur!
1149 3772 1198 3809 non
1222 3773 1332 3811 necesse

254 3848 292 3893 est
314 3847 389 3893 cet?
412 3835 519 3916 [Datus
541 3841 575 3893 sit
598 3838 685 3893 etiam
711 3839 743 3895 B.
792 3838 865 3895 lidd.
890 3835 1028 3916 inverse]

340 3942 428 3978 verttnr.
445 3928 522 3978 ctiam
539 3928 644 3979 animus
661 3924 785 3996 bortrinis)
800 3925 833 3979 lu
848 3923 907 3980 Erl.
923 3921 966 4002 [et
979 3920 1027 4001 B],
1046 3933 1077 3979 ut
1094 3941 1151 3978 non
1166 3942 1232 3979 raro
1244 3924 1330 3989 alibi,

254 4008 428 4081 repetitione
447 4009 526 4065 vocis
544 4009 690 4083 scriptura
709 4008 830 4064 confusa
847 4018 900 4066 est.
936 4010 1054 4073 Nescio,
1073 4009 1148 4063 unde
1161 4010 1279 4065 Marsus
1292 4011 1331 4083 (si

255 4093 379 4149 Hertelii
403 4094 520 4150 silentio
543 4095 621 4150 credi
640 4097 749 4168 potest)
769 4105 806 4153 et.
831 4093 908 4167 quod
932 4095 1029 4152 miror.
1050 4094 1126 4148 Vict.
1139 4095 1331 4168 sumpserint,

254 4178 332 4251 quod
355 4180 392 4235 ab
415 4179 451 4235 iis
474 4190 625 4254 acceptum
650 4178 780 4237 Orellius
804 4179 915 4253 posuit:
943 4184 1048 4235 anitium
1071 4190 1094 4234 et
1116 4182 1221 4235 onirrrns
1244 4181 1332 4237 borni·

254 4268 310 4330 nim
333 4265 408 4336 (cod.
428 4265 570 4339 Stephani
592 4265 690 4320 nullus
707 4268 773 4337 eat).
819 4263 877 4321 Sed
895 4265 1021 4339 speciem
1039 4274 1150 4320 tantum
1169 4265 1220 4320 illa
1237 4265 1333 4323 inter-

255 4350 366 4424 polatio
389 4350 491 4416 habet,
523 4369 579 4407 non
603 4350 765 4406 veritatem.
810 4350 936 4408 Videtur
958 4351 1034 4406 enim
1059 4369 1077 4405 a
1099 4368 1186 4406 sensu
1209 4352 1332 4409 transiri

255 4435 362 4491 debere
384 4435 421 4491 ad
443 4436 587 4504 animum,
610 4435 660 4509 qui
683 4435 819 4492 universe
842 4435 928 4492 etiam
953 4436 982 4492 in
1006 4435 1107 4492 bestiis
1129 4435 1332 4511 intellegatur,
