3030 5086
235 484 300 549 308
626 502 671 547 nn
694 499 826 547 mamus
848 501 920 547 sou.

236 687 306 736 esse
322 669 465 733 moriens.
499 668 616 750 Magna
632 667 709 733 laus.
744 667 1083 749 compensabatur,
1097 667 1215 766 inquit,
1234 684 1315 730 cum

308 878 329 925 l.
347 871 454 921 ruorieoti
470 870 633 923 LPMCROr.

233 1063 300 1103 rum
322 1044 352 1100 in
375 1044 436 1101 suis
458 1043 574 1100 lectulis
598 1043 794 1112 morientium,
817 1043 875 1100 nisi
897 1042 1011 1118 aliquid
1032 1043 1069 1099 ad
1093 1060 1157 1098 eam
1174 1041 1314 1119 adiunge-

235 1138 325 1188 retur.
353 1129 469 1186 Deinde
487 1129 579 1186 multo
597 1129 693 1185 minus
706 1129 771 1202 ipsa
782 1127 976 1204 probabiliter
988 1127 1143 1202 quisquam
1156 1126 1314 1184 enarravit.

236 1215 275 1273 Et
291 1214 453 1272 Lambinus
470 1214 598 1288 quidam,
622 1212 773 1283 Davisius,
796 1213 960 1279 Ernestius,
983 1213 1129 1282 Bremius,
1152 1231 1211 1269 non
1229 1212 1314 1287 plane

236 1308 390 1377 perspecte
412 1318 507 1373 neque
530 1298 668 1374 exposita
689 1298 817 1355 dilucide
840 1297 1027 1368 difficultate,
1058 1299 1130 1355 satis
1157 1296 1316 1354 infeliciter

236 1386 329 1443 verba
356 1385 503 1460 corrigere
533 1385 630 1442 conati
658 1393 740 1453 sunt;
775 1382 869 1442 Gzius
898 1383 1070 1460 intellegere
1098 1383 1155 1440 sibi
1184 1383 1314 1450 videtur3

236 1472 319 1544 refert
341 1470 417 1527 enim
441 1469 506 1526 vult
528 1488 591 1527 esse
615 1473 736 1544 expansu
766 1470 819 1527 sibi
844 1488 898 1544 pro
926 1471 980 1544 ipsi
1006 1469 1091 1544 poni;
1120 1469 1219 1542 itaque
1243 1468 1316 1525 haec

237 1553 419 1612 efficiuntur:
442 1559 549 1630 exponit
564 1556 680 1629 aliquid,
698 1556 772 1628 quod
788 1556 893 1612 videtur
911 1558 1048 1628 eimoquo
1066 1556 1144 1620 lous3
1166 1555 1230 1610 dicit
1247 1557 1315 1610 enim

237 1647 293 1697 cet.
326 1640 421 1714 Atqui
438 1643 539 1712 referre
555 1640 633 1715 apud
646 1639 768 1696 Latinos
785 1639 815 1696 in
829 1657 918 1714 prosa
930 1639 1063 1697 oratione
1075 1657 1169 1713 neque
1186 1658 1316 1714 erpouere

237 1724 384 1801 signifieat
404 1743 498 1799 neque
516 1727 604 1782 dicere
621 1727 666 1797 (ut
687 1725 778 1782 ceteri
801 1733 919 1799 praeter
942 1725 1092 1781 Bremium
1113 1724 1315 1800 intellegunt);

237 1828 275 1867 na
292 1829 346 1886 pro
363 1810 540 1884 ecquidem,
558 1810 636 1884 quod
655 1820 700 1867 est
713 1829 837 1878 narrare,
855 1818 924 1866 ante
937 1809 1053 1866 Livium
1066 1809 1193 1885 positum
1206 1809 1316 1884 reperi-

238 1904 300 1965 tur3
318 1895 408 1970 (apud
417 1893 589 1953 Ciceronem
601 1904 630 1951 et
643 1894 799 1953 Caesarem
813 1895 908 1952 nuntii
921 1904 950 1952 et
961 1895 1052 1970 legati
1064 1904 1093 1951 et
1105 1895 1315 1969 speculatores,

238 1998 314 2055 quae
337 1989 546 2056 cognoverunt,
569 1982 670 2053 referre
692 1983 731 2037 ad
751 1983 869 2054 aliquem
887 1980 1032 2052 dicuntur,
1056 1980 1205 2054 similique
1228 1997 1317 2037 sensu

238 2065 394 2123 Lucretius
408 2067 432 2136 l,
446 2066 484 2122 75
508 2064 669 2141 Epicurum
692 2065 773 2135 dicit,
796 2084 861 2122 cum
885 2065 998 2122 caelum
1022 2075 1119 2122 mente
1142 2065 1316 2141 peragrarit,

238 2150 306 2208 inde
330 2148 498 2207 hominibus
515 2150 655 2208 victorem
676 2149 786 2207 referre
804 2150 975 2226 (cognitum,
999 2160 1149 2225 tamquam
1168 2150 1316 2225 spolium),

238 2234 309 2310 quid
332 2236 426 2311 possit
448 2235 518 2292 oriri
541 2245 596 2293 eet.
629 2236 674 2292 Ea
692 2236 790 2305 etiam,
814 2254 889 2309 quse
912 2255 927 2292 e
950 2237 1099 2293 contraria
1121 2244 1204 2310 porte
1227 2234 1316 2292 alicui

239 2320 415 2389 obiciuntur,
439 2322 536 2393 referri
556 2323 640 2377 alicui
655 2319 760 2379 Cicero
784 2320 864 2390 dicit,
887 2340 940 2395 pro
958 2319 1075 2394 Quinot.
1088 2323 1138 2390 44,
1161 2338 1215 2395 pro
1228 2319 1315 2378 Caeo.

240 2407 281 2463 84
303 2414 334 2461 et
357 2405 411 2476 85,
435 2405 529 2461 Acad.
551 2406 594 2476 11,
620 2407 702 2474 146).
746 2405 861 2462 Deinde
889 2406 971 2462 nulla
998 2405 1131 2479 sequitur
1158 2404 1316 2480 expositio,

239 2490 291 2549 ssd
313 2509 372 2546 vox
395 2490 496 2564 aliqua
517 2499 548 2547 st
569 2491 689 2548 dictum.
736 2489 844 2549 Cetera
865 2490 964 2548 nescio
987 2490 1134 2564 quomodo
1157 2489 1250 2547 Gzius
1272 2490 1316 2547 in·

239 2575 403 2644 tellexerit;
436 2575 487 2632 sed
521 2575 546 2632 si
573 2575 630 2633 hoc
658 2574 715 2632 dici
743 2575 852 2646 voluit,
886 2593 950 2633 eam
985 2575 1199 2650 expositionem
1229 2578 1317 2650 (quae

239 2660 321 2717 nulla
349 2663 405 2734 est)
434 2678 557 2736 magnae
584 2660 664 2717 laudi
687 2660 817 2735 Epicuro
845 2659 961 2730 fuisse,
980 2679 1037 2717 non
1067 2660 1174 2716 dicitur
1197 2661 1316 2717 Latine:

239 2746 314 2820 quod
335 2755 373 2802 est
394 2765 493 2818 mupno
516 2748 576 2802 laus
594 2747 660 2821 (pro
682 2765 795 2819 mopuae
812 2747 955 2802 laudiaut
972 2755 1097 2820 quaeest
1115 2765 1213 2818 mupua
1230 2749 1316 2819 lares);

239 2847 307 2886 nam
330 2830 366 2886 de
388 2831 440 2887 sibi
460 2830 534 2887 nihil
557 2831 668 2899 dicam;
691 2831 746 2888 etsi
769 2830 850 2887 nullu
873 2831 920 2887 hic
937 2831 1005 2887 talis
1022 2831 1233 2887 sententiarum
1251 2849 1318 2906 per·

239 2914 363 2973 mutatio
386 2924 440 2985 est,
464 2916 579 2989 qualem
605 2915 646 2972 ibi
669 2933 742 2983 esse,
766 2916 815 2972 ubi
838 2935 866 2972 se
884 2934 939 2991 pro
956 2935 1001 2984 eo,
1025 2916 1102 2989 quod
1120 2925 1165 2973 est
1182 2919 1214 2986 is,
1238 2916 1316 2992 posi·

237 3007 299 3057 tum
322 3000 500 3074 reperiatur,
529 3000 645 3057 ostendi
667 3000 698 3057 in
721 3000 830 3076 Opusc.
853 3001 947 3057 Acad.
970 3001 986 3057 I
1010 3021 1037 3076 p.
1060 3002 1127 3057 189.
1173 3001 1231 3060 Sed
1255 3018 1316 3070 eur,

238 3084 408 3142 melioribus
437 3103 453 3142 a
481 3085 645 3142 certissimo
673 3084 755 3143 fonte
783 3085 922 3161 prolatis,
950 3085 1024 3142 haee
1046 3083 1170 3142 refello?
1200 3085 1257 3142 nisi
1285 3095 1318 3143 ut

237 3169 399 3238 ostendam,
417 3169 520 3244 quales
537 3188 630 3247 nugas
644 3168 738 3228 Gaius
750 3170 856 3227 ceteris
874 3171 1015 3246 probarit.
1054 3170 1191 3239 Qruomodo
1208 3171 1318 3229 babent

237 3254 325 3311 etiam
348 3254 444 3312 Pal.l
470 3265 500 3312 et
522 3254 600 3331 Spir.
624 3252 688 3335 [B],
712 3275 749 3312 ex
772 3255 894 3329 eiusque
918 3256 999 3313 vocis
1021 3256 1196 3330 compendio
1219 3265 1315 3313 ortum

238 3357 303 3396 esse
331 3358 384 3413 quo
405 3340 463 3412 (El.
486 3342 514 3414 1)
542 3349 572 3397 et
600 3343 686 3415 quod,
721 3340 835 3398 ostendi
864 3359 954 3416 supra
981 3341 1018 3397 ad
1047 3341 1130 3411 §53.
1175 3341 1317 3399 Laudatis

237 3424 371 3482 Leonida
397 3434 427 3482 et
453 3425 674 3500 Epaminonda,
710 3426 877 3501 praeclaras
905 3425 1010 3485 Cicero
1045 3444 1109 3483 esse
1137 3426 1179 3483 ait
1207 3436 1316 3484 mortes

238 3509 453 3585 imperatorias,
476 3511 669 3587 philosophos
691 3510 754 3568 fere
778 3511 807 3567 in
826 3511 887 3568 suis
903 3511 1019 3568 lectulis
1036 3511 1125 3580 mori;
1149 3529 1202 3568 nec
1220 3521 1318 3567 tamen

237 3613 339 3652 eorum
363 3603 472 3653 mortes
494 3595 590 3672 gloria
611 3614 727 3666 carere3
752 3595 862 3653 referre
885 3597 962 3652 enim
986 3598 1144 3670 (interesse),
1168 3595 1316 3671 quomodo

239 3679 410 3739 moriantur.
457 3682 540 3738 Haec
562 3681 650 3756 plana
672 3690 750 3738 sunt.
796 3682 903 3754 (Refert
926 3699 989 3737 esse
1012 3687 1128 3750 interest,
1152 3700 1227 3738 unus
1251 3697 1318 3738 sen·

238 3774 317 3822 serat
339 3765 489 3835 Bremius3
520 3767 571 3823 sad
601 3767 629 3822 in
653 3766 775 3840 reliquis
797 3785 917 3842 prorsus
940 3767 1111 3840 aberrauit.)
1155 3769 1217 3824 Iam
1242 3785 1317 3840 quae

238 3860 414 3924 sequuntur,
449 3870 484 3908 eo
512 3851 661 3926 pertinent
683 3852 864 3922 necessario,
899 3862 931 3908 ut
953 3852 1139 3919 ostendatur,
1174 3851 1318 3908 moriendi

239 3936 325 3992 modo
354 3936 513 4011 Epicurum
548 3955 606 3994 non
641 3937 782 3994 minorem
817 3954 904 4011 quam
938 3936 1004 3994 illos
1032 3937 1148 3994 laudem
1178 3937 1318 4012 adeptum

239 4038 312 4077 essa.
356 4021 396 4078 Et
417 4021 556 4078 iudicium
586 4022 703 4096 quidem
732 4022 828 4097 ipsum
857 4022 1024 4079 continetur
1046 4022 1228 4079 nominativo
1250 4021 1317 4079 illo:

240 4107 344 4180 Meque
367 4108 427 4162 laus
450 4126 503 4181 pro
526 4107 672 4164 sententia
694 4107 791 4182 posito
815 4106 886 4180 (vid.
911 4108 947 4164 ad
971 4113 985 4177 ξ
1005 4109 1072 4180 68);
1102 4117 1276 4182 postquem
1300 4126 1318 4162 a

239 4191 329 4248 verbo
352 4195 439 4265 iuquit
460 4191 538 4248 idem
561 4193 686 4249 recurrit
708 4192 860 4263 orationis,
883 4202 915 4249 ut
937 4193 979 4250 ita
1002 4193 1107 4262 dicam,
1131 4193 1226 4260 orbis,
1251 4210 1316 4249 cum

239 4276 365 4351 primum
388 4276 509 4352 Epicuri
532 4276 642 4334 fectum
666 4277 800 4351 (dictum)
823 4278 1253 4353 declaretur(Compensobotur,
1276 4281 1316 4333 iu·

239 4365 297 4435 quit
319 4363 399 4435 eet),
423 4361 528 4419 deinde
551 4362 587 4419 de
609 4382 644 4419 eo
667 4362 813 4420 iudicetur
835 4363 938 4436 (Audio
959 4365 1081 4438 equidem
1103 4366 1179 4437 cst).
1212 4364 1318 4437 Itaque

237 4445 270 4502 in
293 4444 365 4503 illis:
394 4447 455 4505 Sibi
479 4449 585 4505 uidetur
606 4451 727 4505 mon'enti
752 4448 849 4506 inesse
872 4448 959 4506 debet
981 4448 1157 4524 significatio
1180 4448 1259 4516 aius,
1286 4447 1317 4505 in
