3030 5086
459 500 503 546 uu
526 499 608 546 mun.
632 498 695 544 nm.
718 500 748 545 v.
772 498 845 545 cur.
864 503 904 549 aa.
919 499 1052 563 (uu-es.)
1228 483 1289 547 721

217 668 383 749 loquimur,
403 668 481 733 nihil
502 675 551 733 est
566 674 630 732 tam
647 667 768 732 illustre
785 685 843 732 nec
859 670 943 750 quod
959 668 1053 735 letius
1069 675 1178 752 pateat
1194 688 1288 751 quam

217 770 389 835 coniunctio
406 770 488 834 inter
504 770 643 835 homines
656 770 815 834 bominum
831 776 863 835 et
878 771 1140 852 quasiquaedam
1157 773 1290 837 societas

216 880 249 936 et
270 872 505 937 communicatio
528 872 696 937 utilitatum
722 879 754 938 et
774 872 846 953 ipsa
867 873 983 938 carius
1005 873 1292 954 generishumani,
1352 941 1355 949 .

217 992 298 1054 quae
309 982 383 1038 nata
394 993 413 1038 a
424 975 525 1056 primo
536 982 616 1051 satu,
633 975 717 1055 quod
733 993 754 1037 a
770 975 1021 1054 procreatoribus
1038 976 1102 1040 nati
1120 975 1293 1058 diliguntur

217 1082 248 1141 et
271 1083 338 1141 tota
360 1077 471 1141 domus
493 1076 633 1155 coniugio
657 1084 688 1141 et
706 1076 808 1156 stirpe
829 1076 1035 1158 coniungitur,
1058 1078 1157 1157 serpit
1175 1077 1332 1145 sensimb

218 1178 312 1254 foras,
335 1178 572 1260 cognationibus
593 1179 736 1260 primum,
758 1186 824 1243 turn
846 1177 1059 1258 affinitatibus,
1081 1179 1195 1244 deinde
1215 1179 1293 1243 ami·

216 1281 307 1352 citiis,
330 1288 403 1361 post
419 1280 636 1359 vicinitatibus,
658 1287 724 1344 burn
747 1279 865 1345 civibus
887 1288 919 1345 et
935 1281 983 1359 iis,
1006 1282 1060 1362 qui
1075 1281 1199 1362 publice
1216 1281 1294 1346 socii

215 1392 310 1464 atque
331 1382 421 1446 amici
444 1389 529 1460 sunt,
557 1381 669 1446 deinde
695 1382 791 1447 totius
813 1383 975 1464 complexu
995 1383 1098 1464 gentis
1119 1383 1292 1463 humanae;

289 1591 308 1634 l.
329 1603 370 1636 uec
387 1586 477 1635 omli
517 1591 532 1633 3
557 1594 578 1633 et
596 1599 654 1633 ante
671 1587 848 1636 communicabo
865 1603 906 1636 om
934 1588 955 1636 L
990 1594 1013 1634 t.
1032 1588 1128 1636 uetaE
1163 1595 1292 1652 ratmquo

219 1654 349 1704 LPCROr.
391 1660 413 1702 6.
433 1662 510 1702 tamen
528 1658 584 1718 (pro
602 1656 698 1716 tumll'
733 1654 816 1704 derude
834 1673 885 1705 cum
903 1657 987 1721 (tuml)
1006 1656 1116 1705 amicitia
1135 1656 1162 1719 Ε
1199 1661 1220 1708 t.
1236 1665 1293 1721 poet

217 1723 241 1770 iu
259 1723 392 1771 orbitatibus
412 1723 454 1772 Pc
489 1740 539 1771 cum
559 1727 615 1787 (pro
633 1726 690 1787 mm)
706 1723 751 1773 CR
785 1724 821 1772 lis
839 1724 883 1773 Lc

217 1883 282 1967 ἅμα
304 1893 339 1970 τῇ
362 1881 502 1971 φρονήσει
523 1894 577 1973 μιᾷ
594 1884 667 1970 otiap
685 1884 786 1962 πάσας
805 1883 943 1973 ὑπάρξειν
960 1887 1027 1970 (τὰς
1044 1885 1152 1972 ἠθικὰς
1169 1885 1292 1972 ἀρετάς)
1388 1911 1392 1919 ·

217 1981 296 2047 dicit,
321 1982 395 2036 hanc
418 1993 515 2038 tamen
539 1984 718 2039 sententiam·
737 2001 796 2038 non
819 1983 1004 2056 persequitur
1026 1981 1155 2039 uberius.

303 2071 413 2123 societas
431 2078 455 2124 et
471 2066 683 2145 couruumicutr'o)
701 2067 778 2142 Spir.
796 2064 867 2146 [uon
880 2063 920 2145 B]
937 2071 1114 2136 columbiano,
1133 2066 1244 2126 Guda
1263 2078 1293 2125 et

219 2152 285 2208 Bas.
298 2156 479 2209 communitas.
514 2155 560 2209 De
578 2154 664 2210 huius
682 2152 831 2210 societatis
848 2152 998 2209 initiorum
1016 2151 1212 2228 descriptione
1231 2153 1291 2208 dic·

217 2248 279 2293 tum
292 2239 385 2294 est'ad
397 2239 454 2306 ΙΙΙ,
469 2240 518 2307 62;
530 2238 583 2295 cfr.
596 2240 635 2295 ΙΙ.
649 2242 698 2294 to.
729 2234 859 2316 [Deinde
871 2239 945 2311 qttod
956 2258 992 2295 ex
1006 2238 1067 2295 Erl.
1082 2247 1111 2294 et
1124 2238 1149 2294 B
1161 2238 1292 2308 restitui;

218 2340 312 2395 neque
338 2324 411 2380 enim
435 2335 513 2379 recte
536 2324 683 2380 ablativus
706 2324 773 2396 poni
797 2322 845 2379 hic
863 2323 979 2380 videtur
1000 2323 1110 2379 relatus
1133 2324 1170 2380 ad
1189 2333 1293 2395 satum3

218 2420 297 2463 reete
315 2409 461 2464 diceretur
477 2429 494 2464 a
508 2412 596 2484 primo
612 2429 709 2475 amore,
727 2404 803 2487 qua]
831 2409 907 2465 Tum
927 2409 1022 2464 minus
1038 2419 1175 2465 accurate
1187 2408 1292 2467 Cicero

217 2503 284 2564 post
306 2493 543 2550 coniunctionum
567 2494 686 2551 nomina
708 2496 852 2565 (coniciam,
875 2494 1053 2550 emunitatibus
1075 2496 1143 2567 eet.)
1165 2494 1292 2551 addidit:

218 2588 273 2633 tum
290 2579 344 2649 (sic
362 2597 415 2653 pro
432 2598 491 2635 cum
504 2580 654 2636 Manutius
672 2591 701 2636 et
718 2580 892 2635 confirmant
909 2574 973 2658 [B,]
991 2579 1098 2635 Pollu
1117 2589 1146 2635 et
1160 2581 1187 2647 6,
1206 2578 1292 2647 CCC,
1324 2573 1326 2576 ’

218 2681 393 2738 quamquam
407 2663 486 2722 Oxx.
501 2685 538 2721 ex
550 2660 592 2738 ξψ
609 2685 669 2721 cum
686 2675 838 2733 annotant,
856 2663 924 2723 Gzii
943 2674 1059 2739 praeter
1078 2665 1145 2722 Bas.
1159 2674 1189 2721 et
1200 2665 1293 2738 Mon.)

217 2750 316 2804 civibus
328 2759 351 2804 et
363 2752 395 2805 iia
408 2758 462 2806 cet.
475 2770 527 2822 pro
540 2751 705 2807 huiusmodi
718 2751 861 2806 oratione:
873 2760 927 2805 tum
939 2753 1035 2807 ciuium
1045 2753 1224 2807 coniunctione
1235 2760 1291 2808 cet.

304 2836 398 2890 deiude
421 2838 499 2891 totius
521 2839 659 2910 coutpleau
681 2833 751 2912 cet.)
775 2836 933 2910 Expectari
957 2846 1073 2909 poterat
1089 2837 1211 2910 denique,
1235 2853 1293 2891 non

219 2937 277 2991 quo
305 2937 363 2975 non
386 2919 456 2975 alibi
480 2939 597 2994 quoque
620 2920 723 2978 Cicero
747 2920 886 2994 postremi
912 2921 1033 2977 membri
1056 2930 1154 2976 uotam
1177 2920 1295 2977 omittat

219 3008 264 3074 (ut
287 3024 339 3078 pro
362 3005 449 3061 Rosa.
469 3008 537 3062 Am.
561 3006 641 3078 130),
665 3006 716 3061 sed
739 3006 816 3079 quod
840 3005 886 3061 hic
908 3025 961 3077 per
984 3017 1081 3061 cetera
1104 3006 1235 3061 membra
1256 3006 1294 3062 ad

219 3099 414 3162 postremum,
438 3092 517 3165 quod
539 3109 599 3147 rem
623 3091 766 3158 continet,
791 3091 968 3164 pervenitur.
1017 3090 1128 3147 Gentem
1150 3091 1294 3147 humanam

219 3195 272 3249 pro
300 3191 406 3249 genere
436 3195 529 3251 neque
552 3175 656 3234 Cicero
684 3175 755 3232 alibi
783 3175 859 3232 dixit
886 3176 949 3249 (sed
977 3176 1063 3250 longe
1086 3176 1172 3232 aliter
1191 3185 1294 3249 gentem

219 3260 347 3333 aliquam
376 3263 519 3318 hermanum
546 3273 628 3337 atquc
655 3263 760 3317 doctam
782 3261 817 3316 de
842 3261 940 3316 Divin.
967 3262 994 3327 l,
1020 3262 1051 3333 2)
1073 3279 1184 3334 neque,
1215 3261 1294 3334 quod

220 3345 323 3402 sciam.
347 3346 398 3402 alii
420 3347 476 3405 nisi
499 3355 603 3421 poetae
627 3348 672 3421 (ut
693 3347 847 3403 Lucretius
861 3348 896 3408 V,
911 3348 981 3414 219,
1007 3346 1147 3403 Horatius
1160 3345 1214 3405 Od.
1227 3347 1252 3415 I,
1266 3347 1293 3405 3.

221 3432 259 3485 26
284 3443 313 3486 et
339 3432 391 3500 12,
416 3433 477 3506 49).
521 3434 625 3507 Itaque
648 3434 726 3489 hunc
748 3432 843 3489 locum
875 3432 905 3487 in
928 3432 1031 3488 lexicis
1055 3432 1293 3507 praetermissum

220 3516 318 3571 miror.
366 3515 474 3573 Gentem
497 3537 551 3591 pro
571 3538 665 3590 perere
687 3519 723 3574 de
746 3536 795 3587 eo,
819 3517 869 3590 qui
892 3518 1027 3574 alicunde
1049 3536 1142 3592 genus
1164 3517 1292 3586 duceret,

221 3601 383 3673 Vergilium
407 3603 517 3659 dixisse
540 3606 616 3660 Aen.
634 3605 675 3671 X,
689 3604 760 3662 228.
783 3614 883 3659 notum
908 3614 961 3672 est,
984 3603 1034 3659 sed
1059 3602 1135 3659 dixit
1158 3602 1294 3676 exemplo

220 3686 339 3753 Catulli,
363 3706 449 3760 quem
472 3707 560 3744 carm.
585 3691 624 3745 64
642 3709 669 3744 v.
683 3689 722 3744 23
741 3698 770 3744 et
787 3690 826 3744 24
850 3689 892 3745 sic
915 3689 1080 3762 scripsisse:
1104 3689 1216 3755 Heraia,
1239 3690 1295 3744 aal-

220 3781 288 3828 oetc.
312 3774 389 3828 clerum
410 3775 493 3845 perra!
520 3794 535 3829 o
558 3776 625 3829 bana
647 3784 761 3830 raabam
784 3776 943 3846 Propertius,
966 3777 1064 3830 salvete
1087 3775 1199 3830 iterum!
1244 3774 1295 3829 Vos

218 3859 388 3930 conrpellaho,
412 3858 543 3932 intellegi
562 3869 659 3932 potest
676 3879 691 3915 e
709 3860 828 3916 scholiis
845 3860 882 3914 ad
895 3861 984 3934 Verg.
997 3861 1074 3916 Aen.
1088 3860 1126 3927 V,
1140 3859 1189 3916 80.
1227 3858 1293 3914 Νοη

222 3942 316 3998 minus
338 3943 477 3999 inusitate
501 3944 619 4012 Cicero,
647 3955 768 4018 propter
795 3948 914 4018 munifice
936 3945 1032 4001 simile
1054 3944 1226 4000 adverbium
1249 3962 1296 3999 re-

218 4028 338 4100 quirens
361 4047 455 4102 neque
477 4029 507 4084 in
531 4031 585 4086 hac
606 4029 811 4086 coniunctione
834 4031 1054 4106 ambiguitatem
1073 4030 1189 4100 timens,
1211 4047 1296 4103 aeque

220 4132 308 4169 ausus
331 4126 375 4171 est
398 4114 508 4180 dicere,
531 4115 609 4188 quod
632 4115 719 4171 aliter
740 4134 897 4188 numquam
920 4115 1048 4185 fecisset,
1071 4135 1125 4189 pro
1148 4134 1193 4184 eo,
1216 4113 1295 4189 quod

220 4209 265 4254 est
286 4219 346 4255 cum
367 4204 509 4273 acquitate,
533 4220 619 4274 quern
642 4219 727 4256 usum
750 4201 961 4275 lexicographi,
984 4201 1127 4257 hocloco
1150 4200 1294 4274 neglecto,

219 4304 235 4339 e
248 4284 370 4343 Sidonio
382 4286 550 4360 Apollinari
569 4296 720 4354 annotant,
739 4286 904 4343 Freundius
916 4304 1036 4359 prorsus
1048 4285 1166 4342 omittit.
1194 4282 1295 4364 [Verr.

220 4371 277 4434 III,
300 4373 357 4427 147
382 4374 436 4443 lepe
457 4376 617 4445 aequissime
638 4376 748 4447 sumpta,
773 4371 843 4430 Sall.
868 4390 916 4446 ap.
941 4371 1025 4429 Serv.
1049 4371 1086 4426 ad
1109 4373 1200 4446 Ver-g.
1214 4371 1293 4430 Aen.

220 4456 283 4526 llI,
308 4458 368 4513 265
403 4461 516 4532 aequius
544 4453 704 4536 pentuma]
759 4455 847 4530 Quod
880 4455 1063 4546 bucellinus
1095 4455 1195 4514 Plaut.
1228 4455 1295 4518 Mil.

1058 4575 1090 4619 ua
