3030 5086
264 456 328 521 304
651 473 697 518 aa
719 472 850 520 aramus
874 473 946 518 aou.

264 642 412 706 Fortasse
439 641 473 704 id
496 641 660 722 optimum,
687 641 744 705 sed
771 639 825 705 ubi
846 639 935 705 illud:
969 640 1062 711 ,Plus
1085 660 1208 722 semper
1229 641 1338 721 volup-

264 743 376 807 tatis?“
424 741 457 805 Si
480 743 560 806 enim
583 742 628 805 ita
650 750 706 819 est,
729 741 813 822 vide,
837 741 1017 807 refecimus
1040 741 1145 822 faciae,
1168 761 1237 808 cum
1259 741 1339 807 mori

264 845 407 909 suadeas.
441 844 549 909 Potius
572 863 647 924 ergo
663 843 717 907 illa
733 844 885 922 dicantur,
907 851 999 925 turpe
1017 862 1095 922 esse,
1118 843 1176 908 viri
1190 862 1253 909 uon
1270 861 1340 909 esse

264 945 419 1011 debilitari
441 945 558 1023 dolore,
581 944 692 1026 frangi,
715 945 923 1010 succumbere.
956 946 1037 1010 Nam
1060 946 1121 1010 ista
1143 952 1262 1011 vestra:
1288 945 1340 1019 „Si

225 1049 384 1128 bgrevis,
417 1047 535 1126 brevis;
569 1048 596 1110 si
629 1046 754 1126 longus,
788 1047 883 1112 levis“
920 1047 1038 1112 dictata
1066 1054 1146 1112 sunt
1197 1046 1340 1124 Virtutis,

264 1148 487 1229 magnitudinis
515 1148 623 1227 animi,
651 1148 832 1228 patientiae,
861 1147 1053 1214 fortitudinis
1081 1148 1223 1214 fomentis
1251 1148 1341 1213 dolor

263 1251 400 1332 mitigari
422 1252 510 1315 solet.

349 1353 446 1417 XXX.
474 1354 525 1419 96.
552 1352 651 1430 Audi,
679 1369 719 1415 ne
741 1351 832 1431 longe
854 1351 980 1430 abeam,
1002 1353 1137 1417 moriens
1160 1351 1236 1432 quid
1257 1349 1342 1415 dicat

263 1447 431 1535 Epicurus,
464 1460 500 1518 ut
526 1453 702 1533 intellegas,
735 1452 817 1518 facta
845 1453 912 1518 eius
940 1472 1008 1518 cum
1032 1453 1122 1518 dictis
1145 1453 1341 1534 discrepare:

205 1563 247 1628 10
264 1556 455 1636 Epicurus
488 1554 723 1620 Hermarcho
756 1554 786 1619 S.
848 1555 934 1620 Cum
973 1573 1188 1635 ageremus,
1226 1555 1339 1635 iuquit,

264 1657 368 1722 vitae
396 1657 546 1722 beatum
568 1663 605 1721 et
626 1657 786 1721 eundem
810 1675 1027 1738 supremum
1050 1657 1162 1735 diem,
1191 1655 1340 1721 scribe·

335 1831 355 1876 1.
375 1827 416 1876 abi
432 1827 521 1877 om.P
575 1832 597 1877 2.
608 1827 696 1892 sacius
706 1827 809 1890 facebat
827 1827 851 1875 E
885 1826 985 1875 moriri
1000 1826 1124 1876 uideasii
1176 1831 1199 1875 8.
1218 1825 1269 1874 viro
1287 1826 1341 1874 MR

174 1897 182 1912 ’
262 1895 313 1944 iure
332 1896 352 1946 C
370 1895 466 1944 vorbis
501 1913 548 1945 non
567 1912 618 1944 esre
636 1911 685 1944 om.
705 1894 824 1945 LPMGR
877 1901 900 1943 ⁴.
918 1893 1037 1944 doiereL
1091 1900 1113 1946 8.
1132 1896 1242 1959 πιε(ρτο
1261 1910 1290 1943 aa
1307 1893 1340 1957 L)

264 1968 288 2013 9.
308 1971 330 2012 et
347 1963 448 2029 intells'qe
465 1963 631 2015 LPMCROr.
668 1968 690 2015 9,
710 1962 847 2013 Hammon
866 1965 909 2025 (co)
928 1963 1025 2012 LPMR
1043 1962 1147 2013 Henneo
1166 1962 1186 2013 C

351 2121 399 2177 95.
434 2122 585 2191 Mentitur,
615 2118 714 2194 iuquit)
738 2119 807 2176 Vid.
829 2119 867 2175 ad
890 2120 919 2189 1,
944 2119 986 2175 49
1008 2127 1038 2176 et
1060 2119 1096 2175 de
1118 2119 1169 2189 iis,
1198 2137 1274 2193 quaa
1296 2137 1341 2175 se·

263 2213 394 2279 quuntur
416 2206 497 2278 (Pius
520 2225 622 2281 semper
644 2207 809 2279 voluptatis),
834 2204 870 2261 ad
893 2205 923 2274 1,
948 2205 997 2262 62.
1042 2203 1092 2281 [In
1115 2204 1260 2280 proximis
1282 2203 1342 2261 illis

192 2323 195 2331 ·
263 2292 339 2362 cide,
368 2310 400 2346 ne
421 2293 535 2364 facinus
551 2293 645 2364 faciae
667 2289 822 2347 familiaris
844 2288 988 2347 sermonis
1016 2289 1142 2347 imitatio
1166 2289 1265 2364 aliqua
1287 2298 1341 2358 est,

263 2376 422 2451 proverbio
445 2385 496 2433 aut
518 2375 651 2451 poeticae
674 2373 801 2432 orationi
824 2373 898 2431 nihil
921 2375 1041 2433 omuino
1064 2372 1187 2452 simile]

350 2471 427 2535 turpe
449 2481 513 2530 esee,
536 2464 589 2517 viri
608 2480 660 2516 non
683 2459 752 2535 ease)
771 2459 821 2518 Sic
838 2459 926 2516 etiem
940 2456 979 2539 [13
993 2456 1036 2538 et]
1057 2479 1114 2536 mg.
1129 2459 1209 2519 Crat.
1228 2468 1258 2515 et
1275 2458 1338 2514 eod.

265 2543 425 2615 Gronovii3
453 2546 638 2603 Lallemandi
660 2545 772 2622 regium
796 2563 854 2601 non
877 2563 1008 2604 numero.
1055 2545 1196 2602 Davisius
1218 2553 1340 2601 annotat

263 2630 293 2687 iu
317 2629 397 2688 Etr
421 2630 479 2705 legi
501 2634 554 2687 viri
574 2650 626 2687 non
648 2649 713 2701 aare,
737 2630 845 2687 omisso
868 2639 946 2705 turpe
967 2649 1032 2687 esee.
1076 2630 1257 2700 Deteriores,
1280 2647 1338 2686 non

263 2714 415 2772 intellecta
436 2716 530 2792 figura
552 2715 702 2786 orationis,
725 2715 754 2771 in
778 2734 836 2788 qua
852 2714 987 2791 gradatio
1004 2724 1057 2786 est,
1080 2716 1188 2772 omisso
1206 2734 1257 2771 oon
1274 2733 1338 2778 ease,

263 2799 371 2875 partim
393 2805 447 2858 viri
472 2802 671 2871 retinuerunt,
699 2809 732 2856 ut
754 2801 793 2870 P,
822 2800 929 2875 partim
957 2800 1172 2858 substituerunt
1198 2803 1269 2870 uiro,
1298 2808 1339 2866 ut,

264 2893 380 2942 tacente
404 2885 550 2956 Grutero‚
581 2886 705 2943 Davisio
728 2885 764 2941 de
787 2885 893 2942 ceteris
915 2885 990 2956 suis,
1015 2885 1247 2956 Oxouiensibus,
1270 2893 1338 2940 aute

264 2969 372 3030 Gaium
395 2971 546 3037 edebatur,
569 2971 619 3045 qui
642 2971 740 3028 omnia
763 2971 885 3027 turbans
908 2978 1018 3042 narret,
1041 2970 1071 3027 in
1089 2970 1183 3029 Pal.l
1205 2968 1339 3043 (atGru·

263 3064 344 3113 terus
369 3046 435 3111 οὐδὲ
453 3053 528 3131 γρῦ),
551 3056 625 3127 Eri,
649 3075 664 3112 e
687 3074 746 3130 quo
770 3056 840 3112 mihi
863 3054 996 3131 singulae
1018 3054 1134 3113 litterae
1157 3055 1199 3112 ita
1221 3063 1340 3113 notatae

264 3149 341 3210 suot,
365 3149 398 3196 ut
420 3140 514 3210 edidi,
538 3142 616 3216 Spir.
639 3160 717 3198 esse:
741 3151 817 3216 turpe
839 3144 892 3198 virt
911 3160 962 3197 non
984 3159 1056 3210 case,
1080 3140 1110 3198 in
1132 3140 1256 3216 reliquis
1278 3139 1339 3197 suis

264 3225 400 3283 omnibus
428 3225 517 3283 scribi
539 3230 599 3284 oiri.
643 3227 748 3299 Itaque
776 3236 853 3300 turpe
880 3244 937 3282 esee
966 3224 1076 3282 delevit
1103 3235 1134 3282 et
1155 3235 1272 3283 secutus
1295 3235 1340 3282 est

265 3310 346 3369 Otto
391 3310 564 3369 Deteriores
586 3309 654 3369 Gaii
677 3310 792 3366 codices
815 3310 952 3367 videntur
980 3310 1056 3367 idem
1079 3310 1231 3379 habuisse,
1260 3310 1338 3385 quod

263 3395 298 3471 P,
321 3394 378 3451 nisi
400 3395 489 3452 etiem
513 3396 548 3452 de
570 3399 623 3453 viri
643 3394 761 3452 erravit.

349 3481 451 3536 dietata
479 3482 553 3552 suot)
582 3479 796 3556 praeceptoris,
830 3497 906 3553 quae
939 3479 1092 3555 pueriliter
1125 3481 1187 3537 siue
1221 3480 1282 3537 ulla
1310 3480 1338 3537 vi

264 3564 470 3635 decrementum
493 3566 553 3623 vid.
576 3565 679 3622 lexica.

349 3659 378 3705 ut
404 3651 554 3725 inculteque)
584 3650 633 3710 Sic
666 3650 754 3706 etiam
782 3649 849 3707 Pal.
877 3651 890 3704 l
927 3657 957 3705 et
985 3648 1062 3724 Spir.
1086 3647 1154 3727 [B']
1189 3650 1338 3723 ediditque

263 3734 419 3803 Davisius3
443 3755 499 3791 non
524 3736 605 3792 iubet
623 3735 727 3793 Cicero
741 3734 889 3791 Triarium
908 3734 1088 3809 intellegere,
1112 3736 1163 3791 aed
1186 3735 1338 3809 praedicit,

263 3822 287 3877 si
311 3820 450 3887 audierit,
480 3821 705 3877 intellecturum.
755 3821 860 3892 Itaque
883 3831 999 3894 poterat
1022 3819 1109 3876 etiam
1133 3821 1244 3876 dicere:
1272 3821 1340 3876 cudi

264 3938 303 3947 -
327 3907 484 3979 Eptouras3
511 3909 641 3979 r'oteiiepes
664 3905 753 3977 (sivez
781 3908 834 3960 iuro
861 3907 1014 3978 iuteilepeo).
1061 3904 1110 3963 Sic
1133 3905 1209 3960 euim
1233 3903 1338 3963 Cicero

263 3989 338 4045 solet
360 3990 535 4063 imperativo
553 3991 674 4047 verbum
697 3988 789 4046 futuri
812 3989 954 4064 temporis
977 3990 1039 4047 sine
1062 3990 1168 4064 copula
1190 3990 1337 4058 subicere;

263 4073 341 4147 quod
365 4073 445 4132 Oxx.
470 4070 512 4143 Εξ
534 4076 657 4133 habent:
686 4077 813 4131 uudi-
838 4085 863 4131 et
884 4076 1029 4147 inteileqes,
1059 4076 1189 4135 Senecae
1218 4084 1276 4144 est,
1305 4082 1338 4131 ut

263 4159 387 4233 exposui
422 4159 531 4256 Opuse.
566 4161 660 4218 Aoad
694 4161 781 4251 le.
809 4160 884 4230 162,
924 4177 978 4216 nec
1015 4168 1113 4216 tamen
1153 4168 1337 4236 perpetuum.

263 4242 387 4321 [Graeci
410 4234 516 4301 iere
496 4234 655 4301 unsverai
678 4229 803 4320 γνώσει]

349 4328 422 4425 Cap.
432 4331 538 4395 XXX,
553 4329 601 4387 96
621 4328 1002 4424 EpicuruoHerraorcboS.)
1015 4328 1103 4405 Diog.
1116 4330 1214 4388 Laert.
1228 4333 1268 4402 X,
1282 4331 1336 4388 22:

256 4401 337 4486 Ηδη
361 4404 391 4469 di
408 4411 550 4470 τελευτῶν
572 4399 680 4490 γράφει
701 4405 775 4488 πρὸς
790 4405 939 4487 Ἰδομενέα
961 4403 1047 4487 τήνδε
1066 4403 1228 4489 ἐπιστολήν·
1276 4406 1337 4489 Τὴν
