3030 5086
427 520 471 565 nr
494 520 574 567 unu.
597 520 660 565 nin.
682 520 719 565 111
741 519 814 566 car.
834 523 874 570 er.
894 514 1027 583 (ea-ro.)
1203 504 1268 569 465

138 741 141 746 .
186 696 331 766 censent,
354 688 428 768 quia
450 689 491 753 sit
512 708 550 752 ex
573 707 609 753 eo
631 705 759 770 genere,
782 707 863 769 quae
884 698 1026 769 prosunt
1072 691 1268 770 Quamquam

188 796 295 855 autem
327 790 359 854 in
393 790 528 854 amicitia
560 791 612 854 alii
641 790 746 854 dicant
774 808 874 871 aeque
903 810 1007 855 caram
1036 809 1106 856 esse
1134 792 1267 872 sapienti

190 892 342 956 rationem
370 892 460 956 amici
489 910 527 956 ac
549 911 652 970 suam,
679 891 732 954 alii
759 898 863 956 autern
892 893 950 957 sibi
977 892 1087 974 cuique
1115 893 1268 959 cariorem

189 1012 291 1071 suam,
322 1003 425 1058 tamen
448 992 480 1057 hi
503 1012 625 1076 qnoque
647 993 838 1076 posteriores
860 993 1012 1073 fatentur,
1041 994 1176 1059 alienum
1199 1014 1269 1059 esse

259 1170 281 1213 2.
301 1163 470 1212 amicitiamC
507 1170 529 1213 4.
549 1163 575 1211 id
592 1181 682 1228 quoque
701 1166 721 1214 C
740 1166 764 1213 ia
782 1182 873 1228 qaoque
888 1152 940 1212 'Pu
960 1164 1142 1229 unumquodque
1162 1167 1184 1214 R
1268 1178 1276 1189 ·

188 1312 290 1386 italae,
314 1339 381 1385 non,
405 1329 437 1375 ut
460 1320 565 1389 editur,
589 1310 666 1375 κατὰ
689 1314 815 1395 σχέσιν),
839 1331 869 1376 et
892 1331 952 1377 tum
976 1321 1005 1377 in
1029 1321 1161 1378 externis
1184 1321 1270 1378 bonis

191 1423 263 1473 esse,
288 1406 393 1479 partini
418 1414 538 1479 propter
561 1423 626 1460 enm
650 1424 795 1473 amorem,
819 1425 877 1479 quo
899 1425 953 1462 nos
975 1406 1033 1480 ipsi
1056 1407 1167 1463 amicos
1190 1425 1269 1464 com·

190 1490 362 1564 plectamur,
387 1501 416 1546 et
439 1500 499 1545 turn
524 1490 553 1545 in
577 1490 667 1546 animi
692 1491 775 1545 bonis
797 1491 955 1547 numerari.

275 1594 308 1630 er
325 1595 354 1631 eo
368 1595 472 1647 penore,
496 1594 565 1649 qaae
577 1573 708 1653 prosunt)
720 1575 858 1632 Naturali
875 1576 1001 1649 quedam
1020 1576 1163 1634 orationis
1180 1577 1269 1634 liber·
1364 1565 1367 1570 ¹

190 1670 251 1715 tate
275 1660 399 1735 primum
423 1661 685 1717 demonstrativum
709 1660 751 1717 sic
768 1662 953 1718 substantivo
973 1662 1098 1719 additur.
1122 1672 1155 1718 ut
1173 1662 1269 1718 eidem

191 1745 346 1801 relativum
371 1745 516 1801 adiectum
540 1746 575 1801 iri
600 1746 749 1813 videatur,
774 1746 893 1814 deinde,
918 1764 983 1803 cum
1007 1755 1155 1814 occurret,
1180 1747 1271 1804 idad

190 1830 365 1886 seritontiam
391 1831 485 1885 miuus
507 1839 618 1886 rectum
642 1830 706 1887 fore
723 1833 830 1905 (neque
854 1832 931 1888 enim
955 1851 1048 1908 genus
1064 1833 1194 1907 prodest,
1218 1832 1269 1889 sed

189 1916 254 1970 eius
276 1915 392 1989 generis
415 1918 482 1987 res).
506 1916 661 1971 relativum
686 1916 722 1972 ad
745 1917 862 1992 singula
883 1916 1026 1986 refertur,
1050 1918 1134 1991 quasi
1157 1917 1266 1974 dictum

189 2001 229 2055 sit
256 2021 289 2055 en
316 2020 406 2056 eorum
431 2020 525 2072 penere
552 2003 597 2072 (ut
620 2001 781 2058 Lambinus
809 2002 898 2059 scribi
926 2002 1059 2070 volebat,
1088 2021 1141 2057 nee
1171 2011 1268 2058 tamen

191 2086 293 2160 paucis
310 2086 444 2141 versibus
461 2097 544 2142 ante:
566 2090 594 2141 in
610 2106 699 2142 eorum
715 2106 818 2159 penore,
841 2090 922 2162 quoe)
944 2097 996 2143 aut
1018 2107 1051 2143 ea
1072 2090 1119 2155 iie;
1143 2085 1195 2143 cfr.
1215 2105 1269 2162 pro

191 2171 277 2226 Font.
305 2172 357 2226 12:
379 2180 484 2227 constat
505 2192 537 2227 en
559 2175 593 2227 iis
612 2173 753 2245 penerr'bue
776 2174 908 2229 lominum
930 2182 955 2227 et
975 2176 1121 2240 ciuitatum,
1144 2176 1193 2245 qui
1214 2182 1269 2228 cet.

192 2254 318 2321 (rettulit
335 2256 371 2310 ad
392 2257 516 2322 lonciaco,
539 2275 597 2313 non
615 2257 652 2312 ad
668 2259 789 2330 penora).
823 2258 873 2314 Sic
884 2256 1055 2315 Ciceronem
1073 2255 1137 2328 iere
1155 2275 1271 2332 semper

189 2341 289 2396 dicere
306 2361 339 2396 en
356 2361 385 2397 eo
401 2361 518 2410 neumero,
537 2345 586 2415 qui
600 2345 670 2412 (non
689 2362 722 2397 ea
738 2362 828 2398 eornm
846 2347 974 2413 numero),
993 2342 1112 2417 copiose
1132 2343 1271 2416 exposuit

193 2426 441 2501 Sinerenburgius
454 2426 491 2482 ad
503 2434 576 2483 orat.
591 2445 643 2501 pro
655 2427 746 2483 Arch.
761 2428 798 2482 31
813 2446 841 2500 p.
858 2428 915 2483 185
928 2445 970 2499 sq.
984 2426 1029 2484 ed.
1048 2430 1073 2484 l.
1108 2427 1143 2483 In
1157 2427 1269 2504 definiti

190 2511 307 2584 generis
330 2511 543 2585 significatione
556 2510 661 2569 Cicero
684 2512 875 2568 indicativum
899 2511 1016 2567 modum
1040 2514 1182 2586 (prosunt)
1198 2512 1269 2569 reti·

192 2596 256 2651 nuit
278 2597 307 2652 in
332 2597 478 2652 sententia
501 2597 627 2653 orationi
651 2597 788 2670 obliquae
812 2598 870 2669 (sit)
893 2597 1076 2672 interposita.

282 2681 453 2755 Qamnqnum
470 2692 557 2737 autem
578 2714 613 2723 -·
634 2682 738 2755 dicant)
757 2683 824 2738 Non
843 2682 955 2751 dubito,
975 2682 1045 2754 quin
1064 2681 1169 2739 Cicero
1187 2700 1272 2738 num-

190 2784 279 2838 quam
308 2768 337 2823 in
362 2775 442 2823 recta
464 2767 597 2822 oratione
620 2767 782 2840 particulae
810 2786 976 2841 quamquam
1004 2768 1033 2823 in
1063 2767 1174 2844 protasi
1202 2785 1272 2822 con·

192 2851 354 2907 iunctirum
378 2851 552 2917 subiecere,
576 2851 631 2906 nisi
655 2851 705 2906 ubi
729 2852 828 2925 aliqua
850 2852 955 2907 lateret
978 2851 1149 2925 potentialis
1171 2851 1272 2908 condi·

192 2937 353 2992 cionalisve
381 2948 432 2992 aut
462 2936 566 2992 similis
595 2935 784 3010 significatio,
819 2954 894 3008 quae
929 2936 975 2991 hic
1004 2936 1084 2991 nulla
1111 2946 1165 2992 est.
1212 2936 1272 2993 Sed

194 3021 330 3094 quoniam
349 3023 433 3078 codd.
453 3021 531 3087 boni,
550 3022 600 3094 qui
617 3021 829 3077 eiusdemmodi
849 3021 983 3077 mendum
1000 3022 1067 3089 §48
1081 3022 1271 3090 sustulerunt,

194 3107 240 3161 hic
264 3108 336 3163 nihil
354 3126 407 3162 nos
425 3108 536 3173 iurant,
560 3106 633 3163 nihil
655 3107 781 3175 mutavi;
804 3106 866 3162 fieri
891 3106 968 3163 enim
986 3116 1094 3180 potest,
1118 3116 1149 3162 ut
1166 3106 1271 3165 Cicero

194 3192 358 3266 scripserit:
385 3194 451 3248 Com
468 3203 609 3247 autern-
627 3194 717 3247 dicunt
734 3200 789 3248 cet.
825 3191 910 3263 (Ono
929 3192 1063 3247 mendum
1083 3191 1155 3247 vidit
1180 3193 1271 3265 scrip·

193 3277 288 3349 sitque
312 3280 418 3346 (licunt3
442 3278 471 3332 in
495 3296 526 3333 re
549 3276 715 3350 praeceptis
739 3276 1012 3350 comprehendenda
1035 3277 1168 3351 labitur.)

279 3363 330 3417 sibi
355 3367 449 3437 cuique
478 3368 607 3418 cariorem
629 3363 720 3433 suurn)
744 3361 802 3433 Qui
826 3361 971 3426 attendet,
1001 3363 1129 3438 reperiet
1151 3381 1272 3419 consve-

193 3446 322 3501 tndinom
348 3448 513 3521 postulare:
541 3467 617 3502 aurun
640 3450 736 3520 cuique
757 3451 901 3512 rumorem
931 3466 1031 3503 verum
1055 3448 1096 3504 sic
1121 3467 1176 3504 non
1201 3449 1273 3504 satis

194 3531 376 3586 sentiebatur
403 3532 517 3605 pondus
548 3532 689 3588 orationis
713 3550 807 3604 neque
831 3533 859 3588 in
884 3554 960 3588 saara
982 3551 1078 3610 neque
1101 3533 1130 3588 in
1154 3534 1272 3608 opposi-

194 3616 273 3670 tione
297 3619 340 3670 snr'
361 3618 442 3687 (eines
464 3617 559 3672 selbst.
584 3617 642 3673 rid.
666 3618 702 3673 ad
726 3619 755 3685 Ι,
781 3620 833 3689 67)
856 3630 885 3673 et
906 3622 994 3673 amici.
1038 3617 1144 3690 Itaque
1167 3618 1272 3674 Cicero

195 3713 221 3754 et
246 3720 322 3755 mrum
346 3701 374 3754 in
398 3700 532 3757 ultimum
556 3702 651 3758 locum
675 3703 778 3759 reiecit
800 3714 830 3758 et
852 3713 919 3759 ante
938 3709 1041 3775 carique.
1065 3702 1144 3773 quod
1166 3721 1202 3757 ne
1221 3722 1272 3777 po·

194 3796 270 3840 terat
298 3785 414 3858 quidem
443 3787 569 3860 primum
594 3788 688 3842 locuni
712 3797 827 3854 tenere,
856 3787 969 3842 addidit
991 3787 1055 3854 sibi,
1084 3787 1162 3858 qnod
1190 3785 1271 3841 illam

194 3871 409 3944 oppositionem
435 3872 630 3945 significaret,
660 3872 709 3927 vix
733 3873 796 3945 ipse
819 3872 933 3927 ratione
956 3871 1044 3927 liuius
1067 3871 1272 3945 pronominum

193 3956 424 4015 coniunctionis.
447 3956 530 4011 cuius
555 3952 687 4035 [praeter
710 3957 789 4012 Lael.
814 3956 869 4010 45:
898 3960 967 4012 actia
990 3975 1123 4030 superque
1145 3957 1276 4012 orsasibi

193 4060 305 4096 olearum
327 4045 422 4113 arcique
444 4036 546 4118 rcrnun]
570 4040 681 4095 nullum
705 4040 784 4096 alind
808 4041 902 4096 habeo
926 4042 1103 4116 exemplum,
1126 4041 1274 4102 subtiliter

194 4127 352 4199 exquisita.
400 4122 489 4203 [Fere
511 4125 613 4181 eodem
639 4126 724 4182 ruodo
749 4125 811 4180 niv.
835 4126 875 4188 ll,
900 4127 949 4193 52,
972 4130 985 4182 1
1011 4137 1041 4181 et
1063 4127 1130 4194 XL,
1155 4127 1183 4195 8,
1210 4123 1273 4206 13.]

194 4212 277 4266 Ratio
298 4214 379 4266 arrricr'
400 4222 452 4267 est.
476 4230 551 4284 quae
574 4211 660 4266 amici
684 4211 817 4277 habetur,
841 4211 896 4266 hoc
918 4220 973 4278 est,
997 4211 1118 4266 utilitas.

281 4298 310 4352 ln'
337 4316 443 4371 piraque
469 4297 642 4369 portatores)
665 4297 801 4352 Moserus
823 4295 968 4370 (Symbol.
991 4295 1064 4353 Crit.
1092 4296 1129 4351 ad
1152 4295 1214 4354 Cic.
1238 4295 1273 4352 de

194 4380 260 4438 Fin.
286 4392 315 4437 et
337 4383 425 4438 Tusc.
448 4381 663 4454 Ulmae1825)
687 4381 750 4436 tolli
773 4390 951 4454 postremam
975 4399 1076 4437 vocem
1095 4381 1169 4439 vrrlt.
1204 4381 1273 4448 sed,
1343 4430 1345 4433 ,

194 4483 231 4520 ne
265 4467 426 4542 longinqua
459 4475 653 4540 quaerantur,
687 4466 747 4533 IV,
780 4467 817 4522 10
846 4466 967 4542 legitur:
1001 4467 1071 4522 bunc
1098 4469 1274 4541 posteriorem

1036 4585 1069 4629 80
