3030 5086
474 481 517 527 sn
541 476 621 543 mna.
644 480 707 526 nra.
730 483 741 528 1
763 483 836 530 cns.
858 485 896 532 ns.
915 483 1048 545 (ao-ar.)
1239 466 1300 532 113

225 667 350 731 semper
372 651 576 731 desperantes
598 655 654 715 aut
674 649 831 730 malevoli,
854 650 965 729 invidi,
988 649 1142 729 difficiles,
1165 649 1300 734 lucifugi,

299 858 318 904 1.
338 862 381 902 aut
399 852 474 902 iaut'eit'
491 855 512 902 R
546 852 645 918 Iurffuqi
660 852 769 917 difficiles
788 854 809 903 L
826 852 924 919 dffciie
942 864 977 904 est
995 854 1060 906 Non.

227 1026 372 1085 cetionem
395 1025 481 1083 valde
504 1026 666 1097 coufirmat,
690 1027 836 1084 neminem
859 1025 978 1105 [saltem
1001 1029 1026 1085 si
1045 1027 1184 1085 Plautum
1203 1026 1300 1104 (Capt.

229 1115 266 1181 V,
280 1114 308 1181 4,
324 1115 374 1184 ll)
392 1122 422 1169 et
438 1110 565 1167 Ennium
585 1111 731 1189 excipias]
754 1112 796 1169 sie
819 1113 929 1170 dixisse
952 1112 1009 1170 nisi
1030 1113 1060 1170 in
1079 1112 1195 1188 plurali,
1220 1131 1302 1170 unm·

228 1215 316 1271 quem
340 1207 427 1255 terrae
449 1196 547 1269 (urbis)
569 1198 745 1255 emdonoadi.
779 1193 870 1277 [Nam
887 1198 966 1272 qnod
983 1198 1072 1256 Tusc.
1085 1199 1123 1267 V,
1137 1199 1176 1255 70
1198 1196 1230 1255 in
1253 1216 1301 1256 cc·

228 1283 342 1340 dicibus
364 1291 409 1339 est
431 1282 549 1338 stadium
570 1283 642 1339 iilius
658 1285 824 1340 aeternitatis
840 1285 971 1352 imitandi,
994 1283 1062 1357 quia
1083 1294 1167 1358 putet
1184 1282 1303 1342 Cicero·

229 1386 294 1424 nem
308 1386 366 1424 uno
378 1367 443 1424 loco
455 1366 498 1423 sic
509 1367 672 1441 scripsisse,
685 1367 807 1425 infinitis
818 1377 930 1435 contra,
942 1368 999 1424 boc
1008 1368 1181 1442 praesertim
1191 1368 1303 1426 ordine:
1376 1433 1378 1436 y

227 1455 394 1510 mundetis
420 1449 561 1510 iaimrtdi?
606 1452 733 1510 Videtur
755 1451 860 1512 Cicero
888 1453 1042 1527 reliquisse
1071 1455 1143 1510 illiue
1170 1456 1306 1511 aeterni

229 1548 342 1595 statua
364 1538 495 1594 mamurii.
529 1535 614 1610 Quod
632 1538 711 1612 apud
728 1536 860 1596 Gellium
878 1538 939 1595 VII
957 1539 1037 1612 (Vl),
1058 1540 1143 1605 14,4
1166 1538 1305 1596 Hertzius
1347 1570 1349 1575 ·

230 1623 335 1692 edidit,
366 1621 447 1678 nulla
469 1622 630 1679 sententia:
664 1642 714 1679 aon
737 1642 801 1679 sene
823 1623 933 1698 dipsium
955 1642 1012 1680 esse
1033 1624 1186 1698 imponendi
1201 1643 1305 1698 poenae

228 1706 349 1765 studium
371 1709 457 1764 visam
479 1716 526 1775 eat,
549 1706 638 1764 scribi
661 1707 763 1764 debet:
786 1726 837 1764 noa
859 1727 924 1764 scae
946 1709 1056 1781 dipsium
1077 1727 1134 1766 ease
1155 1710 1308 1783 imponendi

226 1812 328 1869 poenae
354 1793 444 1849 studio
471 1790 643 1868 cicumeat]
688 1793 733 1849 De
761 1793 983 1868 pronominibus
1010 1793 1200 1868 possessivis,
1230 1812 1306 1868 quae

231 1897 284 1954 pro
307 1876 511 1952 personalibus
534 1877 687 1947 habentur,
711 1877 783 1949 dixi,
808 1897 932 1952 querum
955 1877 1031 1935 ratio
1053 1877 1130 1936 falsa
1152 1878 1306 1955 analogiae

230 1962 342 2038 specie,
371 1981 446 2037 quae
470 1962 563 2019 multa
584 1962 615 2018 in
637 1962 746 2038 linguis
768 1963 877 2039 gignit,
906 1981 972 2020 cum
995 1967 1046 2020 mei
1067 1955 1220 2039 putaretur
1242 1981 1307 2021 esse

230 2048 268 2105 ab
290 2067 352 2121 epo,
374 2048 510 2104 traducta
531 2046 649 2103 videtur
671 2047 707 2103 ad
730 2052 787 2105 eius
809 2049 838 2104 in
862 2048 995 2105 Terentii
1018 2049 1091 2106 Hec.
1113 2049 1172 2120 III,
1197 2049 1225 2120 3,
1253 2048 1307 2118 12,

231 2152 298 2189 nam
321 2132 352 2188 in
374 2132 495 2189 Phorm.
519 2132 549 2201 I,
574 2132 607 2201 3,
632 2133 672 2189 24
701 2136 757 2190 eiua
779 2133 906 2190 refertur
927 2133 964 2190 ad
987 2153 1117 2203 amorem3
1151 2133 1223 2191 alibi
1250 2140 1308 2192 eiua

231 2218 361 2275 videndae
371 2216 488 2287 dicitur,
501 2227 534 2274 ut
545 2216 664 2273 Phorm.
672 2218 710 2287 V,
718 2220 773 2290 4,7
786 2238 848 2294 spes
860 2219 968 2276 huiusce
979 2219 1125 2288 debendae,
1138 2228 1168 2276 ct
1174 2220 1212 2290 V,
1220 2220 1248 2289 6,
1256 2217 1306 2288 40,

231 2303 281 2360 ubi
297 2320 395 2377 -prave
418 2302 570 2359 Bentleius
594 2303 716 2359 latendi.
761 2304 956 2361 Econtrario
978 2303 1093 2373 nescio,
1122 2322 1160 2360 an
1183 2303 1309 2363 Ovidius

231 2387 326 2463 Epist.
349 2387 412 2457 XI,
440 2388 514 2459 106,
538 2397 656 2444 uteret
680 2398 818 2458 novator,
847 2388 956 2446 dixerit
978 2388 1008 2445 in
1031 2386 1156 2446 femina:
1184 2387 1310 2448 Amissae

232 2491 359 2529 maneres
381 2473 430 2529 sed
451 2482 538 2530 wmea
560 2481 613 2529 este
633 2475 693 2542 mei,
715 2484 748 2530 ut
770 2483 813 2530 est
836 2474 865 2529 in
884 2473 1006 2548 optimis
1023 2473 1182 2531 codicibus.
1216 2473 1309 2532 Nulla

234 2543 320 2615 buius
342 2557 458 2632 generis
481 2557 619 2632 exempla
640 2567 707 2632 post
729 2557 902 2617 Ciceronem
925 2557 1128 2634 reperiuntur,
1151 2559 1208 2615 nisi
1230 2560 1309 2635 apud

233 2641 365 2701 Gellium
378 2643 445 2714 (IV,
456 2645 504 2713 15,
516 2647 541 2711 l,
554 2643 591 2713 V,
602 2643 648 2710 10,
657 2643 686 2713 5,
698 2643 786 2712 XVI,
795 2644 822 2707 8,
832 2645 862 2716 3)
874 2652 904 2700 et
915 2644 1095 2700 Frontonem
1112 2643 1310 2718 antiquari0s3

234 2736 279 2784 est
302 2727 379 2784 enim
403 2745 440 2784 ex
462 2727 509 2797 iis,
532 2746 608 2802 quae
630 2736 734 2802 postea
756 2729 972 2786 obsoleverunt.
1007 2726 1100 2806 [Nam
1122 2729 1152 2786 in
1176 2728 1310 2788 Suetonii

235 2814 313 2889 Aug.
337 2813 376 2869 98
405 2813 486 2869 alind
509 2812 538 2868 in
562 2812 712 2869 codicibus
735 2813 827 2870 latere
850 2813 907 2870 iaru
931 2812 1160 2889 Oudendorpius
1182 2814 1311 2883 viderat;

234 2897 270 2954 de
282 2897 360 2955 Livii
372 2898 492 2966 XXIV,
507 2898 556 2966 23,
573 2900 586 2954 1
606 2897 664 2953 dici
683 2898 756 2955 nihil
775 2917 850 2974 opus
872 2908 926 2957 est.
960 2899 996 2955 ln
1014 2898 1196 2956 cod.1ustin.
1209 2900 1246 2970 V,
1260 2899 1310 2971 37,

236 2983 275 3040 22
299 2983 350 3053 §5
374 2982 400 3040 is
422 2992 466 3039 est
489 3001 573 3050 usus,
603 3001 689 3055 quern
713 3002 801 3058 supra
825 2983 988 3052 declaravi,
1017 2992 1050 3039 ut
1077 2986 1163 3059 ipsias
1181 2987 1312 3060 pecuniae

234 3069 302 3139 (boc
325 3076 379 3136 est,
402 3066 431 3123 in
455 3068 520 3142 ipsa
543 3068 679 3142 pecunia)
696 3079 941 3125 commemoretur
952 3071 1101 3142 serenandi
1116 3088 1191 3126 usus.
1225 3069 1311 3127 Nihil

235 3152 351 3228 neglexi
375 3171 412 3209 ex
434 3152 481 3221 iis,
505 3171 580 3227 quae
603 3152 738 3210 Klotzius
761 3153 858 3222 habet,
882 3154 959 3210 Krit.
984 3153 1108 3214 Nachtr.
1131 3173 1168 3210 zu
1191 3153 1311 3213 Ciceros

235 3237 438 3305 Tusculanen,
467 3258 495 3312 p.
519 3238 585 3294 195.
631 3238 740 3294 Parum
769 3246 848 3295 recte
876 3238 949 3295 haec
977 3239 1116 3297 tractavit
1139 3238 1313 3298 Corsseuius

235 3323 373 3398 Beitrttge
395 3341 447 3379 zur
469 3323 520 3380 let.
545 3322 755 3380 Formenlehre
777 3342 806 3398 p.
824 3321 908 3400 131.]
1008 3352 1012 3359 ·

322 3409 373 3465 61.
403 3410 498 3463 mitrati
519 3418 543 3464 et
565 3410 686 3482 aequati)
710 3397 928 3483 Μικροψύχους
945 3407 1049 3467 Cicero
1072 3409 1115 3465 ita
1137 3409 1222 3479 dixit,
1246 3426 1311 3467 cunr

236 3492 386 3567 proprium
421 3510 526 3548 nornen
556 3493 692 3550 Latinum
722 3511 780 3548 non
808 3491 945 3562 haberet,
979 3497 1109 3551 minutum
1137 3498 1255 3551 animum
1282 3494 1311 3550 in

236 3577 372 3652 exemplo
384 3576 546 3634 licentioris
559 3577 760 3634 translationis
772 3578 854 3653 ponit
866 3578 915 3634 III
927 3579 962 3635 de
974 3578 1058 3638 Orat.
1073 3580 1148 3648 169;
1166 3589 1309 3652 anapestum

235 3681 353 3736 quoque
375 3662 505 3718 animum
528 3663 600 3720 alibi
623 3662 708 3731 dixit,
732 3681 790 3719 non
809 3663 971 3733 hominem3
994 3682 1048 3721 nec
1066 3675 1164 3721 tamen
1182 3665 1247 3722 ideo
1265 3683 1312 3722 as·

207 3750 208 3753 ’
237 3748 421 3804 sentiendum
445 3745 597 3805 Gulielmo
620 3767 657 3804 ex
682 3758 730 3805 aut
751 3747 871 3805 facienti
894 3752 984 3806 antini.
1018 3749 1130 3808 Contra
1147 3749 1312 3816 Davisium,

237 3833 287 3906 qui
310 3850 327 3888 a
349 3832 449 3889 Nonio
472 3842 496 3889 et
518 3833 593 3890 sumi
617 3833 750 3901 volebat,
780 3833 858 3906 quod
885 3833 975 3891 iidem
1003 3843 1102 3892 essent
1129 3835 1246 3911 angusti
1269 3834 1314 3892 illi

237 3928 265 3973 et
289 3918 487 3992 desperantes,
509 3928 589 3974 recte
608 3918 788 3975 Matthiaeus
811 3918 868 3975 dno
891 3909 1000 3994 genera
1023 3919 1128 3976 minuti
1150 3920 1240 3976 animi
1260 3938 1312 3976 no·

239 4003 294 4059 tari
317 4002 418 4073 docet,
441 4002 566 4059 alterurn
589 4004 717 4078 positum
741 4003 770 4059 in
794 4003 951 4060 timiditate
974 4004 1101 4078 quadarn
1125 4014 1154 4061 et
1176 4005 1315 4080 despera·

238 4088 326 4157 tione,
350 4088 473 4144 alterurn
492 4088 521 4143 in
539 4088 652 4144 invidie
668 4098 697 4145 et
715 4107 828 4145 morum
847 4087 1031 4146 difficultate.
1064 4090 1315 4164 Lucrsuqt'Lucre·

240 4173 321 4230 tiano
354 4172 500 4230 adiectivo
533 4173 728 4248 appellantur.
782 4172 867 4246 Quod
890 4174 1023 4248 sequitur
1044 4177 1199 4247 monstrosi,
1233 4175 1313 4232 tenui

239 4267 360 4333 propter
382 4257 602 4327 auctoritatem;
625 4259 676 4315 sed
694 4258 771 4315 hunc
788 4259 883 4315 locum
902 4259 931 4315 in
951 4259 987 4315 iis
1004 4277 1135 4331 numero,
1158 4260 1315 4335 inquibus

238 4343 295 4399 iam
309 4343 425 4400 Nonius
444 4353 582 4418 corrupto
601 4345 700 4401 codice
718 4362 789 4401 usus
806 4352 850 4401 est
868 4344 939 4415 (rid.
957 4363 994 4401 ex
1018 4344 1073 4402 hoc
1090 4364 1179 4420 opere
1195 4346 1250 4416 IV,
1265 4346 1315 4411 60,
