3030 5086
436 506 480 551 nu
505 505 585 551 mni„
608 503 670 548 mn.
694 505 715 549 v
738 503 811 548 cnr.
834 505 905 553 t-a.
925 504 1023 566 (s-s.)
1202 486 1264 550 611
1337 545 1339 548 Α

187 675 246 738 fuit
268 673 454 752 Carneadis;
480 691 572 754 quem
594 670 703 736 videre
724 671 833 735 videor
855 673 919 752 (est
940 672 1021 735 enim
1044 681 1120 736 nota
1140 672 1267 753 imago),

187 795 207 840 a
223 777 359 855 sedeque
376 776 455 855 ipsa,
477 781 566 838 tanta
587 772 702 854 ingenii
719 773 932 853 magnitudine
948 773 1071 851 orbata,
1093 774 1267 839 desiderari

187 878 271 942 illam
298 894 405 940 vocem
435 881 521 956 puto.
565 875 594 938 5.
618 874 698 938 Tum
720 873 808 939 Piso:
843 875 996 953 Quoniam
1024 875 1119 954 igitur
1147 875 1267 957 aliquid

261 1036 280 1079 1.
303 1027 443 1080 Carneades
462 1029 534 1078 codd.
558 1026 711 1076 Clamores
730 1027 774 1078 Or.
811 1032 833 1079 2.
853 1045 882 1076 er
899 1027 999 1092 sedeque
1017 1029 1071 1092 apsa
1089 1046 1160 1092 quum
1179 1029 1267 1094 ἱριαΡ

189 1111 214 1213 {a
231 1099 331 1230 :¹me
345 1113 370 1214 ip
385 1112 435 1159 mg.
455 1113 526 1159 qnam
539 1097 646 1144 orbatum
665 1095 803 1145 desiderare
822 1098 852 1157 (si
872 1107 938 1146 recte
954 1098 1085 1160 intellego)
1103 1097 1166 1146 tanti
1179 1097 1268 1164 (LJOr.

190 1305 302 1363 Valesii
315 1304 470 1376 (Emendd.
484 1305 509 1373 Ι,
523 1304 576 1376 29)
595 1303 793 1360 coniecturam
817 1315 972 1377 sequentes
996 1305 1042 1361 hic
1065 1315 1095 1362 et
1114 1307 1159 1374 §d
1173 1305 1266 1364 Char·

190 1392 292 1448 madae
322 1409 427 1446 nomen
456 1389 680 1446 substituerunt.
730 1387 856 1446 Causam
888 1387 974 1446 affert
1001 1391 1154 1459 Valesius,
1189 1390 1267 1465 qnod

189 1476 293 1535 Cicero
305 1475 486 1534 Carneadem
504 1474 603 1530 videre
621 1492 679 1529 non
696 1474 834 1548 potuerit.
859 1475 953 1548 Atqui
970 1493 1047 1546 eum,
1066 1475 1116 1551 qui
1133 1477 1181 1533 hio
1199 1494 1218 1533 a
1235 1493 1267 1534 se

189 1562 372 1629 nominetur,
401 1559 507 1618 Cicero
534 1559 606 1616 satis
629 1558 758 1615 ostendit
780 1577 938 1632 numquam
962 1560 1018 1618 sibi
1041 1561 1136 1618 risum
1159 1562 1267 1637 ipsum,

189 1647 239 1703 sed
257 1646 413 1720 imaginem
432 1645 487 1702 sibi
506 1655 633 1702 estatua
649 1642 750 1718 aliqua
767 1654 819 1700 eut
835 1643 923 1701 simili
941 1664 1030 1720 opere
1048 1656 1146 1703 notam
1165 1645 1267 1704 fnisse.

189 1731 387 1795 Charmadae,
418 1749 504 1803 quem
528 1729 633 1788 Cicero
656 1728 685 1785 in
708 1729 792 1785 libris
816 1730 852 1785 de
875 1728 1001 1788 Oratore
1024 1741 1145 1808 propter
1167 1731 1268 1791 Crassi

189 1834 343 1892 personam
367 1815 482 1884 laudat,
511 1814 703 1870 alibi-antem
732 1824 778 1870 ter
805 1815 924 1871 omnino
947 1816 1094 1888 nominat,
1122 1816 1214 1873 semel
1236 1817 1267 1874 iu

189 1901 394 1957 enumerandis
411 1900 572 1958 Carneadis
595 1898 748 1974 discipulis
760 1900 867 1974 (Acad.
881 1900 922 1969 ΙΙ,
939 1902 998 1975 16),
1022 1901 1128 1958 iterum
1146 1912 1268 1978 propter

189 1987 297 2043 dictum
316 1985 435 2058 aliquod
455 1984 617 2044 Carneadis
634 1985 730 2057 (Orat.
748 1985 809 2056 51),
834 1985 951 2041 tertium
969 1997 1091 2063 propter
1109 1987 1267 2045 memoriae

189 2071 366 2147 singularem
390 2070 448 2151 vim
472 2071 573 2143 (Tunc.
598 2070 627 2127 1.
651 2069 719 2143 59),
750 2088 807 2126 non
839 2080 921 2127 tanta
943 2069 1023 2128 laura
1044 2071 1102 2129 fuit
1123 2091 1177 2129 nec
1199 2091 1265 2129 eum

189 2157 262 2214 tanti
280 2155 385 2214 Cicero
402 2154 539 2222 faciebat,
564 2164 595 2211 ut
618 2155 681 2211 eins
697 2163 817 2229 praeter
832 2165 947 2212 ceteros
964 2157 990 2213 ei
1008 2158 1038 2213 in
1057 2158 1220 2215 Academia
1235 2156 1267 2214 in

189 2253 314 2298 mentem
339 2241 439 2297 venire
462 2239 606 2309 debuerit,
629 2239 759 2308 excluso,
783 2258 868 2313 quem
888 2240 992 2299 Cicero
1010 2243 1199 2301 vehementer
1215 2243 1267 2300 ad·

190 2328 359 2392 mirabatur,
384 2326 533 2400 magistro.
567 2325 606 2382 Et
628 2325 874 2399 quemadmodum
898 2326 969 2383 Piso
986 2327 1141 2385 Platonem
1164 2340 1194 2385 et
1216 2347 1266 2386 ve·

188 2412 259 2468 teris
272 2410 452 2468 Academiae
470 2411 627 2486 principes,
651 2429 669 2466 a
688 2410 794 2483 quibus
812 2410 1011 2485 Peripatetico
1028 2413 1184 2489 disciplina
1207 2433 1266 2471 non

188 2497 360 2571 seiungitur.
384 2507 603 2561 commemorat,
627 2495 755 2568 Quintus
768 2496 953 2570 Sophoclem.
977 2497 1159 2568 sicMsrcns,
1183 2518 1267 2574 prae·

187 2595 272 2657 cepto
296 2582 429 2638 Platone.
454 2600 518 2637 enm
543 2581 696 2637 nominare
719 2581 816 2650 debet,
840 2582 922 2638 cuius
945 2582 1008 2658 ipse
1030 2594 1139 2641 sectam
1163 2603 1268 2658 seque·

188 2668 283 2723 batur.
318 2667 356 2723 Et
379 2667 531 2741 aptissime
553 2667 630 2722 infra
654 2666 845 2741 significatur,
869 2666 902 2724 L.
920 2666 1092 2727 Ciceronem
1106 2669 1268 2727 Carneadis

187 2752 266 2808 fortio
284 2751 321 2807 ad
339 2752 401 2807 ains
419 2751 548 2808 scholam
568 2752 660 2816 trahi3
683 2750 865 2809 Charmadas
883 2771 948 2808 eum
967 2752 1063 2810 locum
1081 2772 1139 2810 non
1157 2764 1266 2814 tuetur.

190 2839 272 2892 Modo
295 2835 331 2891 de
353 2835 520 2894 Carneade.
549 2836 687 2910 quoniam
716 2852 781 2891 cum
804 2837 955 2893 veteribus
983 2838 1043 2894 illis
1070 2849 1267 2913 comparatur,

188 2932 266 2977 reote
291 2921 409 2995 ponitur
432 2921 459 2975 in
485 2920 643 2977 minuendo
667 2920 808 2994 temporis
830 2922 939 2995 spatio,
964 2932 996 2978 nt
1019 2924 1051 2980 II
1073 2923 1109 2979 de
1132 2922 1190 2983 Off.
1215 2925 1265 2984 75.

188 3006 301 3083 [Hand.
315 3007 402 3061 Ttnrs.
425 3005 473 3062 111
497 3026 524 3079 p.
540 3004 628 3079 645]
659 3004 758 3076 (Quod
782 3024 834 3079 pro
852 3005 1036 3063 Charmadas
1059 3008 1178 3066 nomine
1195 3007 1268 3068 Car·

188 3091 290 3147 neadis
312 3090 342 3146 in
365 3090 449 3148 codd.
469 3090 605 3146 substitui
624 3090 719 3146 solere
742 3089 852 3148 dicunt.
876 3101 906 3147 et
928 3091 957 3148 in
971 3093 1065 3151 Acad.
1085 3104 1114 3150 et
1136 3095 1165 3150 in
1183 3095 1267 3151 libris

187 3178 223 3233 de
236 3176 320 3234 Orat.
340 3194 440 3232 verum
464 3194 482 3230 a
504 3175 588 3231 codd.
608 3185 756 3232 servatum
780 3183 833 3242 est,
856 3175 884 3230 iu
898 3176 987 3232 Tusc.
1005 3197 1063 3234 non
1086 3197 1105 3234 a
1126 3179 1197 3237 solis
1214 3199 1267 3254 op·

187 3262 289 3332 timis.)
323 3260 381 3318 Sed
405 3261 434 3316 in
458 3259 591 3316 oratione
615 3259 727 3334 aliquid
744 3259 919 3317 subabsurdi
938 3261 1024 3318 inest.
1060 3263 1165 3338 Neque
1188 3266 1267 3322 enim

188 3346 318 3402 exhedra
340 3345 512 3404 Ciceronem
543 3346 694 3415 movebat,
724 3345 802 3419 quod
831 3363 924 3420 nuper
947 3347 1116 3406 Carneades
1143 3349 1268 3408 vixisset

188 3431 268 3504 (qnid
293 3431 369 3486 enirn
392 3431 421 3486 id
445 3431 481 3486 ad
505 3428 707 3503 exhedrnml),
730 3430 781 3486 sed
804 3430 882 3504 quod
905 3450 940 3487 ea
963 3451 1057 3507 nuper
1079 3435 1121 3492 ita
1139 3436 1177 3492 ad
1194 3435 1267 3495 Car·

187 3516 309 3572 neodem
333 3516 532 3589 pertinuisset,
555 3524 588 3572 nt
610 3516 673 3573 eius
695 3515 838 3572 memoria
861 3515 889 3571 in
913 3535 948 3573 ea
971 3517 1115 3580 haereret.
1160 3521 1266 3597 Itaque

187 3601 273 3656 valde
297 3600 438 3675 suspicor,
463 3600 635 3658 Ciceronem
659 3601 826 3680 qcripsisse:
848 3603 926 3658 modo
947 3607 1015 3659 enim
1030 3607 1090 3677 fnit
1115 3607 1268 3664 carneadis

188 3687 365 3759 (Contende),
400 3705 576 3761 quamquam
608 3688 729 3743 eandem
759 3685 906 3744 Schuetzii
935 3689 1132 3763 suspicionem
1161 3693 1266 3764 (Clear-

187 3770 431 3843 modoe)0rellius
443 3771 601 3847 improbat.
615 3772 811 3849 [Genetirum
823 3789 901 3828 nunc
913 3790 977 3829 curn
992 3775 1113 3831 Baitero
1125 3775 1265 3854 restitui]

273 3867 347 3911 tonan
366 3860 463 3929 inperii
478 3856 673 3930 mopnitudr'ne)
686 3856 736 3912 Sic
752 3874 817 3912 cum
830 3856 933 3931 primis
951 3858 1015 3915 edd.
1029 3861 1132 3935 optimi
1149 3862 1266 3919 codices

187 3942 256 4016 (mg.
282 3941 375 4005 Crat,
399 3951 458 3997 tres
481 3941 611 4016 potiores
634 3941 719 4010 Gaii,
742 3939 813 4019 [Β])
836 3950 866 3997 et
887 3942 1065 4001 deteriorum
1089 3946 1152 4003 sine
1175 3946 1265 4005 dnbio

187 4027 319 4101 plerique
332 4026 413 4097 (011
428 4032 436 4096 )
450 4036 664 4100 tenueruntque
678 4027 829 4084 Victorius
846 4037 875 4083 et
892 4029 1019 4102 proximi
1032 4030 1156 4106 (Grnt.).
1181 4030 1263 4092 Crat.

186 4112 305 4186 aliique.
330 4124 389 4167 tum
415 4112 490 4167 Dav.
514 4129 530 4165 e
553 4111 646 4167 tribus
669 4112 729 4168 suis
752 4123 782 4168 et
804 4113 982 4170 recentiores
1004 4120 1074 4174 tanti
1093 4120 1162 4192 inp,
1185 4118 1264 4192 quod

187 4208 250 4253 erat
267 4197 354 4252 etiam
373 4196 402 4251 in
415 4196 479 4254 cod.
494 4195 569 4252 Mor.
594 4197 716 4253 Rectum
729 4196 801 4254 illud
820 4206 865 4252 est
882 4199 1085 4275 significatque
1102 4213 1267 4278 tommopno

187 4285 302 4354 inpeoi03
333 4292 436 4337 contra
463 4281 487 4336 si
511 4285 579 4336 tanti
600 4299 665 4337 curn
688 4285 788 4355 inpenir'
807 4281 926 4356 iungas,
956 4285 1015 4342 elio
1038 4305 1112 4361 opus
1134 4289 1174 4345 sit
1195 4289 1266 4346 sub·

187 4367 324 4432 stantivo,
349 4366 430 4421 velut
452 4368 592 4440 splendore
614 4367 750 4425 similive.
796 4364 798 4369 ’

274 4454 302 4508 5.
324 4451 456 4520 Quoniam
472 4454 554 4525 ἱρέων
569 4453 677 4527 alequid
692 4471 781 4509 omnes
792 4450 864 4527 cet.)
876 4451 971 4511 Panlo
983 4453 1084 4513 durius
1096 4456 1126 4514 in
1137 4464 1265 4534 utraque

1006 4569 1057 4621 30*
