3030 5086
313 431 378 498 330
704 451 749 495 ou
771 448 902 497 amisus
925 449 996 496 sou.

311 618 564 700 consequentium
598 635 658 680 non
686 616 815 681 multum
848 635 868 682 a
895 610 1084 682 divinatione
1112 615 1273 694 differens,
1305 616 1388 682 inest
1471 691 1474 697 ¹

311 719 493 784 moderator
515 718 693 798 cupiditatis
716 719 826 799 pudor,
850 719 932 783 inest
954 719 996 782 ad
1018 719 1185 783 humanam
1207 719 1386 783 societatem

311 819 447 885 iustitiae
468 818 531 884 fida
547 820 697 897 custodia,
719 819 800 885 inest
816 819 848 890 in
864 820 1077 900 perpetiendis
1094 820 1252 886 laboribus
1269 821 1386 885 adeun-

311 921 422 1003 disque
449 921 595 1002 periculis
622 918 713 986 firma
746 930 778 986 et
805 921 924 1007 stabilis
958 921 1075 987 doloris
1108 921 1281 1002 mortisque
1313 938 1386 985 cou-

384 1148 402 1193 1.
421 1142 618 1205 consequemini]
655 1147 677 1192 2.
698 1141 758 1192 Post
775 1142 909 1195 salanam
924 1143 982 1192 add.
997 1140 1140 1192 tuendontL
1176 1149 1198 1193 4.
1209 1141 1288 1204 jis-raa
1305 1141 1386 1191 nrortr'r

311 1207 448 1273 stabiliaque
466 1218 525 1260 cont.
546 1210 566 1258 L
586 1208 686 1274 (doloris
705 1225 753 1260 om.
772 1211 848 1259 etiem
867 1210 898 1271 P)

310 1415 412 1472 eodem
440 1426 554 1491 spectat
577 1417 638 1475 Erl.
663 1426 692 1473 et
716 1416 792 1492 Spir.
816 1404 869 1496 [B]
899 1417 1046 1494 scriptura
1073 1417 1135 1474 inde
1164 1424 1194 1474 et
1222 1426 1385 1474 ceterorum

309 1500 442 1559 codicum
465 1505 516 1559 vite
538 1503 646 1575 (vitae)3
674 1520 742 1559 nam
771 1506 812 1569 io,
835 1505 876 1571 m',
900 1505 941 1570 oi,
965 1506 993 1560 iu
1015 1501 1046 1560 in
1069 1501 1152 1559 codd.
1175 1502 1248 1559 certi
1270 1501 1387 1578 generis

310 1585 361 1642 vix
384 1585 543 1646 discernas.
573 1585 647 1660 (cfr.
665 1591 680 1657 ξ
696 1587 755 1644 118
778 1588 854 1644 video
876 1605 929 1662 pro
952 1592 980 1644 in
1002 1590 1073 1659 deo.)
1101 1586 1188 1660 Quod
1210 1586 1387 1662 generaliter

310 1669 415 1730 Cicero
443 1671 573 1742 dixerat,
607 1672 760 1747 coniungit
789 1689 855 1729 cum
889 1672 972 1729 brevi
1001 1672 1214 1748 significatione
1243 1672 1306 1729 eius
1334 1671 1384 1730 ho·

311 1755 407 1826 minis,
430 1775 517 1831 quern
540 1766 643 1814 contra
665 1757 804 1833 disputat,
827 1756 858 1814 in
882 1757 936 1814 hoc
958 1757 1023 1833 ipso
1046 1776 1153 1833 genere
1176 1757 1385 1832 praestantiae,

310 1842 555 1916 quemadmodum
578 1842 748 1916 Torquatus
771 1842 800 1898 in
823 1841 899 1898 libro
917 1842 942 1912 I,
956 1842 995 1899 50
1019 1842 1168 1899 inducitur
1191 1842 1327 1900 similiter
1338 1840 1386 1900 Ci-

308 1926 423 1983 neronis
446 1927 562 1984 larrdem
587 1927 715 1984 breviter
737 1926 905 2002 significans
927 1928 969 2002 (ut
985 1937 1009 1984 te
1026 1930 1153 2000 consule).
1189 1927 1293 1983 Divina
1313 1927 1387 1984 Tor·

309 2012 392 2086 quati
413 2015 538 2068 memoria
555 2013 585 2068 in
604 2012 696 2081 Bruto
709 2013 769 2069 265
793 2012 930 2069 laudatur
952 2013 1114 2086 eademque
1134 2012 1181 2069 bic
1199 2013 1224 2083 I,
1239 2013 1277 2068 25
1297 2012 1387 2088 signi·

308 2094 420 2153 fleatur.
455 2097 542 2170 Quod
564 2097 653 2174 vulgo
677 2097 826 2166 edebatur,
850 2115 968 2155 sensum
991 2115 1049 2155 non
1067 2097 1210 2166 habebet3
1235 2116 1301 2154 uem
1318 2100 1387 2154 vitae

309 2181 450 2238 memoria
472 2182 613 2256 quaesit,
636 2200 712 2257 quae
729 2181 889 2259 separatim
907 2183 1068 2240 extollatur
1085 2193 1114 2239 et
1131 2183 1246 2239 infinita
1264 2182 1386 2249 dicatur,

308 2283 394 2324 uerno
422 2267 611 2324 intellexerit.
657 2269 761 2342 Itaque
790 2266 951 2325 Lambinus
981 2278 1010 2325 et
1038 2287 1132 2343 nuper
1155 2267 1329 2327 Schuetzius
1357 2277 1387 2324 et

309 2350 625 2418 OrelliusMauutiuun
648 2364 804 2428 sequentes
827 2362 852 2409 et
873 2371 905 2409 ea
927 2355 1034 2426 quidem
1056 2353 1247 2429 scripserunt,
1271 2352 1386 2409 coniec-

309 2447 376 2494 tura
399 2456 456 2494 non
479 2448 568 2494 recta.
613 2437 691 2495 Nam
715 2437 765 2494 illo
790 2437 875 2494 modo
899 2438 925 2494 ei
948 2438 1000 2507 rei,
1024 2457 1099 2512 quae
1122 2448 1172 2495 aut
1195 2439 1272 2494 nude
1291 2438 1387 2513 posita

310 2529 355 2579 est
377 2531 428 2580 aut
449 2523 480 2579 in
503 2522 562 2580 alio
584 2541 691 2600 genere
708 2523 837 2593 laudata,
860 2522 1039 2599 singularem
1056 2523 1173 2580 laudern
1191 2522 1385 2598 adiungimus.

309 2607 404 2681 Atqui
421 2610 524 2682 irpinita
540 2611 665 2665 mercorio
682 2627 717 2664 ea
736 2618 781 2665 est
803 2607 876 2682 ipsa,
900 2626 976 2683 quae
993 2607 1224 2666 innumerabiles
1241 2627 1289 2664 res
1307 2625 1386 2665 com·

309 2692 461 2767 plectitur3
484 2693 584 2768 itaque
601 2702 743 2769 augentes
759 2692 937 2768 coniungere
955 2712 1123 2768 possumus:
1141 2695 1244 2767 infinito
1261 2695 1386 2750 nrmeoria

309 2779 540 2835 brasconerabilium
561 2797 664 2846 rerum,
694 2788 726 2834 ut
748 2777 855 2834 dicitur
877 2778 964 2836 Tusc.
988 2780 1018 2848 I,
1044 2779 1099 2847 57;
1127 2778 1307 2855 distinguere
1331 2778 1387 2835 hoe

310 2862 411 2919 modo:
438 2866 564 2920 memoria
585 2863 815 2920 irrisamerabib'ma
836 2882 940 2933 rerum,
969 2874 993 2920 et
1021 2883 1053 2921 eo
1080 2865 1188 2939 quidem
1215 2865 1318 2937 instrata
1341 2866 1386 2936 (ut

231 2956 233 2961 “
309 2946 356 3003 hic
388 2949 441 3005 17:
479 2950 507 3004 ia
539 2949 673 3023 voluptate
712 2958 737 3005 et
774 2967 807 3005 eo
839 2949 947 3023 quidem
979 2950 1095 3023 summo)
1128 2967 1185 3005 non
1220 2967 1384 3025 possumus.

308 3029 402 3090 Gaius
425 3031 530 3090 edidit:
559 3034 620 3090 inde
647 3033 755 3108 quidem
782 3034 885 3107 infinita
912 3036 980 3091 inest
1007 3038 1170 3103 carricaturis,
1200 3044 1229 3091 et
1252 3034 1325 3090 haec
1347 3034 1384 3091 eb

307 3118 368 3175 iride
395 3117 433 3174 ad
461 3135 561 3174 vocem
589 3120 745 3195 contemptio
772 3117 940 3194 parenthesi
968 3119 1115 3189 inclusit,
1135 3119 1166 3177 in
1199 3138 1258 3194 quo
1285 3119 1385 3177 nescio

307 3212 405 3259 utrum
434 3203 597 3261 mirabilius
626 3203 734 3272 dicam,
769 3204 847 3279 quod
880 3205 1061 3279 anaphoram
1089 3215 1221 3280 apertam
1255 3204 1286 3262 in
1313 3222 1385 3262 voce

308 3290 375 3346 istest
397 3306 455 3345 non
478 3288 599 3359 viderit,
629 3306 667 3345 en
689 3288 767 3364 quod
790 3288 820 3345 iu
843 3288 934 3346 enimi
953 3291 1079 3365 portibus
1102 3309 1190 3347 unam
1215 3289 1385 3347 memoriam

307 3370 403 3430 inesse
426 3372 484 3430 dici
507 3373 673 3445 crediderit,
697 3384 729 3431 ut
751 3392 789 3430 ex
813 3374 953 3431 memoria
975 3383 1133 3433 nascentur
1156 3384 1185 3431 et
1208 3375 1234 3432 ei
1252 3374 1384 3432 subiecta

307 3457 366 3515 sint
383 3458 560 3527 coniectura,
578 3459 683 3535 pudor,
702 3459 804 3516 mortis
822 3458 990 3534 dolorisque
1007 3460 1197 3536 contemptio.
1231 3460 1271 3517 Et
1287 3468 1385 3516 tamen

308 3542 448 3613 Orellius,
473 3543 557 3619 quasi
580 3563 638 3602 non
661 3542 842 3601 incredibilis
865 3544 938 3602 haec
961 3545 1140 3620 perversitas
1158 3544 1205 3615 sit,
1228 3564 1318 3603 unum
1343 3545 1386 3603 vi·

308 3638 439 3704 tuperet,
468 3630 548 3703 quod
576 3648 633 3687 nou
656 3640 735 3686 recte
759 3629 974 3705 coniungantur
996 3633 1057 3689 inde
1080 3642 1109 3687 et
1132 3636 1207 3688 inest.
1252 3630 1309 3689 Sed
1334 3648 1386 3687 cnr

307 3714 380 3770 haec
408 3712 588 3772 refellimus?
633 3715 699 3772 Hoc
726 3714 824 3790 potius
844 3715 997 3785 ‘dicamus
1027 3716 1185 3773 memoriae
1213 3726 1243 3772 et
1269 3715 1382 3772 coniec-

307 3811 390 3856 turae
413 3799 692 3857 commemoratione
715 3799 761 3855 hic
785 3799 872 3856 simul
895 3809 986 3858 totam
1010 3801 1195 3877 prudentiam
1216 3800 1384 3877 significari,

306 3884 353 3941 cui
376 3885 575 3962 adiungentur
597 3893 657 3942 tres
680 3885 811 3960 reliquae
834 3904 966 3942 summae
989 3886 1123 3946 virtutes.

391 3975 418 4028 in
438 3969 632 4046 perpetiendis)
655 3969 908 4045 Praepositionem
929 3990 1048 4045 prorsus
1068 3971 1264 4029 necessariam
1282 3970 1384 4046 (signi-

306 4054 410 4113 ficatur
432 4056 510 4113 euim
534 4055 657 4113 materia
681 4067 711 4113 et
732 4056 847 4113 occasio
870 4056 950 4114 illius
973 4057 1213 4133 contemptionis)
1231 4055 1324 4114 Gaius
1352 4055 1383 4112 in

306 4138 384 4215 Spir.
414 4151 444 4198 et
466 4140 544 4201 Gud.
569 4141 585 4197 2
615 4159 673 4199 uon
702 4159 765 4198 esse
795 4141 916 4199 tradidit
943 4152 973 4199 et
1000 4142 1118 4200 delevit.
1163 4142 1289 4200 Accedit
1312 4140 1383 4200 Otto

306 4235 335 4282 et
369 4226 484 4284 dativos
518 4245 581 4285 esee
610 4236 725 4296 narrat,
762 4227 831 4301 „qui
861 4228 947 4284 finem
977 4226 1138 4285 indiceut“.
1183 4226 1317 4296 Scilicet,
1352 4237 1384 4282 ut

306 4309 475 4368 triumviros
498 4313 559 4369 aeri
581 4312 678 4368 flando
697 4311 830 4370 feriando
848 4312 981 4383 dicimus,
1004 4313 1045 4370 sic
1064 4313 1152 4371 etiarn
1169 4315 1383 4388 coaternptioaem

306 4397 406 4454 doloris
424 4400 554 4472 patiendo
575 4398 669 4455 labori.
