3030 5086
252 461 316 527 512
644 478 689 524 ne
711 477 842 526 nmmos
864 477 936 525 sou.

143 683 149 695 ·
254 646 325 711 nino
343 646 424 711 inter
440 663 495 711 eas
512 664 563 710 res
575 645 675 725 iisque
686 645 860 710 contrarias
876 644 1050 711 interesse?
1072 662 1111 710 ee
1122 643 1203 710 enim
1215 644 1333 722 omnia,

202 805 204 810 Α
253 766 334 829 quae
355 746 399 811 illi
421 747 505 812 bona
522 747 669 826 dicerent,
691 746 875 828 praeposite
893 764 972 825 esse,
995 764 1056 810 non
1074 745 1171 825 bone;
1193 745 1332 827 itemque

253 849 314 928 illa,
338 867 417 929 quae
438 849 469 913 in
493 866 624 930 corpore
646 847 839 927 excellerent,
862 847 957 912 stulte
974 846 1121 928 endquas
1140 847 1256 913 dixisse
1271 864 1332 928 per

254 969 288 1015 se
317 968 387 1014 esse
414 951 602 1030 expetenda;
636 950 789 1014 sumenda
815 948 920 1030 potius
947 967 1041 1030 quam
1070 945 1257 1031 expetenda
1292 966 1332 1013 ea

216 1051 387 1132 bdeniqne
415 1052 499 1115 omni
521 1051 599 1129 vita,
627 1069 707 1132 qnae
733 1049 765 1114 in
786 1050 902 1115 virtute
928 1069 993 1114 uno
1020 1050 1217 1129 consisteret,
1245 1049 1332 1114 illam

325 1242 345 1286 l.
369 1237 450 1301 nuque
468 1236 535 1286 uer.
590 1242 612 1286 4.
635 1244 657 1286 et
681 1236 795 1286 sumendo
813 1235 904 1286 Leon
946 1236 1075 1300 eudemus
1093 1237 1149 1302 (pro
1172 1253 1202 1285 ea
1220 1235 1331 1300 maique)

255 1305 420 1425 prpzepbrbr.
445 1320 501 1355 curn
525 1306 608 1355 mendi
632 1312 701 1354 nota.
756 1311 778 1357 t.
803 1304 922 1354 omnmll
946 1303 975 1353 de
997 1305 1061 1354 omni
1080 1303 1123 1369 (Ρ)
1175 1321 1224 1353 una
1246 1304 1332 1354 emus

249 1530 378 1606 petiendn
399 1549 457 1587 esec
479 1531 547 1587 duco
569 1549 650 1604 qnam
673 1549 724 1586 raon
745 1531 783 1586 itu
800 1531 946 1602 ponendum
964 1528 1158 1605 conculamm);
1182 1528 1332 1606 praesenti

255 1626 387 1691 tempore
415 1614 451 1671 de
474 1633 524 1685 eo,
555 1614 604 1688 qui
628 1613 752 1671 alterum
775 1611 862 1685 iecit,
891 1613 1015 1671 alterum
1044 1613 1141 1671 facere
1175 1632 1232 1671 non
1255 1613 1331 1684 vult,

254 1718 312 1756 non
336 1699 423 1757 facile
446 1699 566 1756 dicitur:
590 1703 683 1774 potius
706 1701 802 1757 hocin
825 1700 898 1756 bonis
916 1703 993 1774 ponit
1015 1718 1097 1773 quum
1118 1700 1186 1756 nihil
1206 1704 1333 1757 inmuose

254 1787 329 1855 dicit,
352 1784 421 1858 quia
444 1784 636 1842 indicativum
658 1784 772 1860 respuit
793 1784 846 1855 rei,
870 1802 945 1857 quae
967 1802 1025 1841 non
1049 1783 1116 1854 fiat,
1138 1783 1331 1860 significeti03

255 1870 355 1944 itaque
389 1878 418 1926 et
445 1888 534 1945 supra
562 1870 608 1941 11,
632 1870 672 1925 42
701 1868 806 1928 Cicero
834 1869 966 1944 scripsit:
1000 1871 1120 1942 stapulas
1152 1888 1196 1926 ree
1225 1870 1334 1927 acuum

250 1957 356 2030 potine,
390 1974 472 2028 quum
504 1958 593 2011 omnia
627 1988 666 1997 —
699 1957 884 2027 coniunperent
912 1954 979 2030 (pro
1006 1951 1180 2029 coniungant)
1213 1963 1243 2011 et
1275 1953 1332 2012 hoc

255 2039 331 2097 libro
362 2039 415 2096 39:
449 2041 602 2113 relinquunt
631 2070 668 2080 —
695 2043 799 2114 potius,
833 2058 915 2113 quant
948 2041 1132 2096 concluderent
1160 2039 1332 2115 (coniuncto

255 2133 382 2198 utroque
404 2124 469 2182 loco
488 2127 580 2200 potius
602 2142 697 2198 quum,
728 2140 785 2180 non
805 2126 897 2198 potius
918 2126 1073 2198 relinquunt
1096 2156 1135 2167 -
1159 2143 1241 2199 quum
1265 2121 1331 2199 -).

255 2210 321 2267 Ηοο
344 2208 460 2283 quidem
484 2209 550 2266 loco
573 2227 608 2265 eo
631 2207 724 2285 magis
748 2208 952 2267 coniunctivae
976 2209 1165 2279 occurrebat,
1188 2208 1282 2283 quod,
1305 2207 1332 2266 si

256 2294 400 2365 attendas,
424 2313 481 2351 non
505 2293 679 2369 simpliciter
701 2293 773 2350 haec
796 2293 853 2350 duo
876 2303 1085 2369 comparantur
1107 2294 1120 2368 (
1123 2313 1223 2369 ponere
1241 2296 1334 2368 potius

256 2379 366 2454 quam),
390 2379 442 2435 sed
465 2379 532 2435 huic
555 2378 732 2448 sententiae,
756 2396 831 2453 quae
854 2398 907 2455 per
929 2397 960 2436 se
984 2378 1071 2454 plena
1093 2389 1152 2436 est:
1175 2381 1244 2454 quid
1264 2380 1333 2436 stul·

257 2467 309 2521 tius
332 2483 414 2538 quam
436 2465 531 2520 bonam
552 2464 729 2521 valetudinem
747 2482 847 2538 ponere
869 2467 896 2521 in
915 2466 997 2534 bonis,
1021 2463 1236 2540 superadditur,
1259 2462 1333 2538 quid

256 2558 372 2605 veteres
395 2548 492 2605 dicere
515 2547 675 2612 noluerint,
699 2566 764 2604 cum
784 2550 977 2624 oportuisset:
998 2552 1088 2623 potine
1110 2569 1193 2623 qnam
1214 2550 1333 2606 dicerent

255 2633 354 2710 (quasi
371 2643 579 2709 repugnantes,
597 2652 633 2689 ne
651 2631 804 2708 dicerent).
838 2631 932 2713 [Olim
950 2634 1093 2708 quaedam
1111 2634 1233 2691 hicnon
1251 2642 1333 2691 recte

255 2736 426 2794 posueram,
450 2717 592 2794 simplicis
614 2717 843 2792 comparationis
865 2717 990 2776 formam
1013 2727 1043 2775 et
1064 2719 1188 2776 duorum
1211 2718 1334 2776 infiniti·

256 2822 357 2860 rorum
376 2803 611 2860 coniunctionem
629 2802 812 2877 apartioulis
824 2807 926 2878 potins,
940 2807 1030 2878 priua
1049 2807 1128 2861 citius
1144 2823 1226 2878 quum
1244 2803 1333 2862 nimis

255 2906 406 2945 removere
429 2883 574 2966 studens]
610 2887 669 2947 Sed
688 2886 781 2944 videri
799 2897 895 2962 potest
913 2888 1098 2946 scribendum
1116 2888 1208 2946 inisse
1230 2890 1334 2958 dicunt

255 2973 394 3048 quoniam
418 2974 473 3030 hoc
496 2972 635 3029 iudicium
658 2992 696 3029 ex
720 2971 902 3042 Stoicorum,
926 2973 976 3046 qui
1000 2992 1077 3031 nunc
1100 2983 1181 3045 snut,
1206 2991 1335 3048 persona

256 3060 365 3132 (dicent,
378 3059 471 3131 credo)
484 3058 621 3114 universe
633 3058 668 3114 de
682 3057 848 3115 huiusmodi
861 3058 1015 3116 sententiis
1027 3056 1185 3135 profertur.
1219 3059 1332 3117 Verum

256 3142 370 3213 Cicero,
395 3151 426 3198 ut
448 3142 529 3212 alibi,
553 3134 651 3198 subito
674 3142 803 3199 animum
828 3142 977 3200 transtulit
1000 3144 1037 3200 ad
1060 3143 1188 3201 Zenonis
1211 3161 1229 3199 a
1251 3152 1334 3200 vete·

255 3228 337 3284 ribus
359 3226 549 3284 desciscentis
572 3234 602 3283 et
624 3244 675 3283 eos
697 3227 939 3302 reprehendentis
958 3237 1073 3303 tempus
1091 3227 1189 3303 (quasi
1212 3228 1265 3285 sit:
1288 3227 1334 3286 di·
1350 3213 1363 3238 ’

255 3320 332 3380 cent,
355 3312 502 3369 Zenonem
526 3311 646 3382 vidisse,
669 3311 742 3367 nihil
765 3330 830 3369 esse
852 3313 1020 3388 perversius
1043 3313 1127 3386 cea),
1150 3313 1334 3387 eandemque

255 3397 378 3472 figuram
402 3397 533 3454 servavit
554 3396 584 3453 in
608 3395 751 3471 proximis
774 3397 913 3471 (dicerent,
939 3401 1094 3456 secederent
1116 3400 1196 3472 cet),
1219 3398 1256 3455 ad
1279 3413 1341 3455 ex·⁴

257 3491 381 3538 tremum
405 3481 534 3547 deseruit
557 3483 669 3556 (sufficiat
691 3480 770 3557 cet).

341 3568 470 3624 cernenda
494 3570 586 3642 potins
608 3586 691 3642 quum
712 3568 873 3640 eumundo)
897 3566 948 3626 Sic
970 3568 1057 3625 etiam
1082 3566 1161 3643 Spin.
1186 3562 1256 3647 [ss],
1286 3585 1334 3624 re-

256 3651 409 3725 stituitque
422 3651 529 3722 Gzius;
547 3652 784 3729 praeponebatur
800 3662 834 3721 et,
852 3652 1035 3710 incommode
1053 3652 1082 3709 in
1100 3652 1249 3710 contraria
1266 3669 1334 3709 sen·

256 3736 349 3793 tentia
371 3746 519 3810 tamquam
544 3737 725 3794 correctione
741 3736 963 3812 reprehensioni
981 3737 1176 3813 adiungenda.
1200 3735 1333 3814 [Vellem

256 3821 324 3878 libri
347 3821 503 3878 haberent:
526 3824 656 3878 sumenda
678 3827 745 3878 enirn
764 3820 882 3898 potina]
1172 3840 1173 3844 ’

342 3925 374 3963 ca
396 3909 509 3980 deniqne
531 3910 601 3963 omni
621 3904 690 3984 vito)
713 3906 855 3981 denique,
889 3906 914 3963 si
943 3926 1000 3963 uon
1029 3907 1162 3982 singulae
1184 3925 1246 3975 res,
1280 3905 1333 3963 sed

257 3991 352 4048 omnis
375 3992 437 4047 vito
459 4001 659 4067 comparetur,
689 4010 724 4047 ee
752 3991 827 4062 vita,
856 4010 931 4065 quae
959 3992 988 4049 iu
1012 3992 1120 4049 virtute
1148 3991 1333 4062 consisteret,

256 4076 337 4133 illam
361 4076 452 4133 vitam
475 4085 529 4134 cet.
575 4076 775 4152 Apertissime
803 4077 949 4134 sententia
976 4085 1115 4152 corrupte
1137 4086 1201 4133 eret
1224 4075 1333 4151 pusillo

258 4162 379 4231 mend0;
402 4180 469 4219 nem
492 4183 509 4218 n
532 4172 561 4219 et
583 4166 594 4218 i
615 4161 847 4219 coalescentibus
870 4162 1010 4239 scriptum
1034 4172 1077 4218 est
1101 4162 1245 4236 eademque
1263 4164 1336 4218 unni

257 4245 350 4323 (Spin.
374 4250 476 4316 omnin,
505 4247 584 4307 Gud.
610 4249 627 4304 2
658 4250 772 4304 omniurn
801 4247 946 4321 frequenti
975 4248 1004 4304 in
1033 4248 1088 4304 hac
1111 4265 1183 4305 voce
1212 4246 1334 4320 mendo)

257 4335 312 4389 vitu
334 4341 402 4403 cet,
426 4333 507 4388 nulla
529 4333 684 4402 sententia,
708 4332 778 4406 quio
800 4334 891 4389 cadem
911 4333 973 4390 vita
995 4351 1138 4407 nusquam
1157 4349 1335 4389 commemo·

257 4427 322 4474 rata
339 4427 392 4474 est.
426 4418 531 4492 ltaque
549 4419 641 4475 cedern
659 4436 712 4494 pro
735 4418 904 4475 accusativo
927 4418 1061 4495 accipere
1079 4425 1219 4475 conantes
1242 4416 1337 4474 edito·
