3030 5086
485 511 529 556 nn
553 509 634 557 uem
656 511 719 558 um.
742 512 777 559 1v
799 511 873 559 cen.
896 517 915 559 ι.
935 513 982 575 (ι.)
1208 497 1272 562 479
1351 459 1354 464 .

195 677 276 741 bona
302 679 435 758 corporis
461 682 489 740 ct
515 682 642 742 artenia
663 679 708 760 (c.
731 680 804 761 26).
849 678 1034 758 Paradoaa,
1063 682 1181 763 siquis
1194 702 1272 762 pro·

188 779 264 859 pius
279 780 439 859 aspexerit,
455 778 532 842 citri
546 779 655 844 habero
670 780 856 845 admirabile.
890 780 1020 860 Similia,
1043 783 1152 863 oasim
1168 783 1273 871 omnia

188 885 317 961 peccatu
343 882 441 961 paria
473 901 533 946 asse
563 881 797 960 amaseam,
835 882 993 948 dissimilia
1030 904 1091 949 esse
1122 886 1168 967 (c.
1195 889 1270 970 27).

195 980 326 1046 Ornaiao
342 982 457 1048 Stoicos
477 984 611 1048 maxime
632 1005 665 1049 co
685 985 757 1048 citio
771 986 882 1065 premi,
905 985 987 1066 qaod
1003 985 1082 1050 daus
1098 989 1272 1053 contrariis

193 1085 357 1149 sententias
378 1086 508 1149 obtiaac
528 1085 621 1150 odiat
641 1087 686 1169 (c.
709 1089 783 1170 28).

634 1344 637 1351 .

276 1516 299 1578 l.
330 1517 357 1578 l.
388 1517 477 1594 Quae
503 1532 572 1578 curn
596 1515 738 1593 dixisset,
765 1513 857 1579 finem
880 1515 939 1581 ille.
984 1517 1051 1598 Ego
1072 1524 1193 1581 autem:
1220 1517 1269 1583 Nc

191 1624 234 1694 tu,
256 1617 392 1697 inquam,
416 1617 502 1695 Cato,
524 1617 587 1680 ista
608 1616 786 1696 exposuisti,
808 1624 844 1681 ut
865 1623 929 1682 tem
953 1618 1058 1697 multa,
1080 1619 1268 1698 memoriter,

190 1729 226 1784 ut
257 1726 322 1783 tam
351 1719 500 1795 obscura,
533 1718 677 1782 dilucide.
732 1719 843 1799 ltaque
870 1726 926 1783 aut
952 1719 1131 1784 omittamus
1159 1727 1269 1784 contra

190 1821 314 1884 omnino
334 1819 412 1883 velle
434 1819 550 1899 aliquid
573 1826 628 1883 aut
649 1819 786 1898 spatium
808 1839 967 1884 sumamus
989 1821 1032 1885 ad
1053 1821 1267 1902 cogitandum

190 1930 254 1985 tam
282 1923 364 1985 enim
392 1921 571 2002 diligenter,
598 1921 719 1985 etiamsi
747 1921 850 1986 minus
873 1942 946 1987 vere
968 1925 1055 2005 (nam
1077 1925 1214 1988 nondum
1235 1923 1307 1990 idi

190 2023 314 2104 quidem
338 2023 438 2086 audeo
461 2023 593 2103 dicere),
623 2024 679 2087 sed
701 2031 802 2087 tamen
831 2031 975 2088 accurate
997 2044 1059 2088 non
1081 2026 1174 2089 modo
1196 2023 1267 2089 iun-

261 2225 405 2292 [lnscriptio
424 2228 449 2273 iu
468 2229 488 2273 A
510 2227 572 2274 haec
591 2237 639 2274 est:
659 2226 746 2291 Incipit
764 2225 822 2275 hlier
844 2226 950 2283 Quartus
968 2228 997 2276 de
1007 2227 1098 2290 ficubus
1117 2229 1226 2276 bonorum
1245 2237 1267 2277 ct

189 2295 304 2343 uralorum
324 2294 408 2342 Marci
429 2293 504 2342 'I'ullir'
522 2294 651 2361 Ciceronis]
695 2303 716 2346 2.
737 2294 771 2343 ita
791 2299 812 2344 a
850 2295 933 2362 [aiam
951 2295 1025 2345 malta
1043 2294 1073 2362 Α]
1094 2297 1118 2343 r'n
1135 2296 1185 2345 υἱέα
1204 2299 1266 2358 (mg.

190 2364 213 2411 ia
232 2371 280 2411 tara
299 2363 336 2411 ael
353 2362 435 2423 citant)
454 2362 556 2411 multal’
584 2372 608 2411 nt
627 2379 668 2412 orn
697 2363 808 2413 lienes.
846 2370 868 2411 3.
892 2363 992 2431 [iatam
1010 2363 1154 2430 obscurari]
1192 2365 1266 2412 vitam

189 2433 291 2480 obscura
311 2433 331 2479 E
356 2431 378 2478 in
402 2440 451 2479 arta
471 2437 523 2493 (mg
554 2432 577 2478 in
596 2441 643 2479 tarn
661 2432 699 2480 acl
716 2433 799 2499 viam)
818 2434 919 2481 obscura
938 2434 957 2480 P
980 2442 1005 2481 ut
1024 2449 1071 2482 om.
1092 2433 1203 2482 henot.
1240 2441 1267 2481 ut

189 2509 246 2563 ipro
264 2509 316 2558 arat)
337 2501 357 2547 1«)
395 2508 415 2546 t.
436 2499 536 2562 alrauod
554 2501 574 2548 1⁴:
612 2505 634 2550 5.
654 2501 700 2548 asi
716 2501 849 2550 Ll’cnor.

274 2673 346 2748 Cap.
372 2674 401 2739 I,
428 2676 453 2731 1.
479 2683 507 2728 at
530 2683 584 2728 tani
606 2675 691 2728 miella
716 2705 751 2715 —
777 2685 805 2730 at
828 2684 882 2730 tam
904 2673 1032 2747 obsonare)
1055 2674 1096 2732 Ut
1118 2675 1194 2742 nrt,
1223 2675 1266 2730 sic

189 2759 266 2832 Spir.
290 2756 345 2834 [B]
369 2757 618 2814 lineola'aberrat
640 2759 733 2814 altero
756 2759 821 2815 loco
844 2760 963 2831 (vitum);
992 2759 1021 2814 in
1045 2759 1125 2817 Gud.
1151 2759 1168 2814 2
1193 2768 1265 2826 erat,

182 2857 220 2905 vnt
242 2844 271 2899 in
297 2844 320 2898 P
344 2854 459 2899 nostro:
482 2845 509 2898 in
532 2847 587 2898 vita
610 2875 649 2884 —
672 2847 700 2899 in
721 2847 791 2911 vita3
819 2844 993 2917 scripturam
1016 2844 1123 2899 leviter
1144 2861 1264 2918 corrup-

188 2941 246 2985 tam
270 2928 410 2983 adiuvare
433 2927 541 3000 aliquis
560 2927 654 2982 voluit
671 2928 889 3002 praepositione
906 2928 1015 2984 addita.
1047 2929 1155 2984 Verum
1175 2928 1265 3002 igitur

187 3014 311 3069 restitui.
364 3015 400 3069 Ut
422 3012 566 3087 particula
588 3013 748 3087 significat,
777 3013 860 3068 euius
888 3013 931 3068 rei
960 3013 1035 3068 ratio
1064 3013 1206 3068 habeatur
1234 3012 1263 3068 iu

188 3108 311 3172 utraque
335 3099 422 3154 laude
444 3098 627 3153 aestimanda
650 3108 679 3153 et
701 3097 805 3155 Catoni
830 3098 995 3165 tribuenda,
1018 3098 1262 3171 quemadmodum

187 3203 251 3239 curn
276 3184 400 3239 dicimus
424 3183 528 3256 purtim
553 3182 728 3257 simpliciter
750 3193 777 3238 ut
795 3185 847 3238 illis
865 3183 1024 3257 temporibus
1047 3192 1077 3239 et
1093 3183 1210 3251 similia,
1233 3183 1264 3238 in

187 3270 293 3342 quibus
311 3289 399 3343 saepe
418 3268 566 3324 minuendi
586 3269 729 3341 quaedam
749 3268 925 3342 significatio
943 3277 996 3337 est,
1020 3268 1126 3342 partim
1145 3286 1262 3343 compa-

186 3355 258 3409 ratis
281 3355 343 3410 sine
368 3355 419 3409 illa
441 3354 654 3429 significatione
678 3353 792 3409 duabus
814 3355 902 3409 rebus
925 3356 991 3428 (pro
1014 3353 1129 3412 Clueut.
1159 3356 1212 3410 14:
1236 3363 1265 3409 ut

186 3443 211 3493 in
229 3444 310 3493 tantis
327 3442 439 3505 aurariis,
463 3459 512 3495 non
525 3442 617 3508 trinita,
641 3450 669 3495 at
680 3458 697 3494 a
709 3441 774 3506 viro,
797 3459 848 3494 non
860 3440 976 3509 lr'bentcr,
999 3440 1082 3496 Brut.
1096 3442 1133 3495 41
1149 3447 1178 3494 et
1194 3440 1262 3506 162,

186 3525 299 3579 adAtt.
319 3524 465 3591 11,18,3,
490 3524 543 3589 lv,
568 3527 593 3591 l,
607 3524 635 3588 8,
659 3524 824 3599 v111,10).
869 3524 990 3581 Priores
1012 3525 1140 3581 editores
1163 3533 1264 3580 tenue-

186 3619 267 3672 runt,
302 3609 380 3681 quod
409 3609 524 3664 codices
547 3609 708 3666 deteriores
736 3609 865 3673 habent,¹
893 3628 947 3665 nec
977 3610 1013 3665 de
1043 3609 1148 3665 ceteris
1178 3609 1264 3664 bonis

185 3694 343 3766 quidquam
374 3692 527 3759 dixerunt,
556 3692 621 3770 [sed
650 3695 780 3750 eminent
803 3695 864 3750 veri
888 3695 1014 3770 vestigia
1041 3694 1129 3749 etiarn
1156 3693 1186 3748 in
1207 3691 1261 3769 A].

271 3781 320 3834 scd
342 3789 427 3833 tunren
450 3778 588 3851 accurate)
606 3779 752 3852 Quoniam
771 3779 885 3854 pondus
903 3779 1045 3836 orationis
1064 3788 1129 3834 erat
1144 3778 1174 3835 in
1192 3796 1261 3834 con-

185 3863 293 3919 iunctis
322 3864 420 3919 verbis
448 3873 502 3918 tarn
530 3865 683 3936 dilipenter,
716 3863 747 3920 in
781 3864 946 3920 revocanda
979 3875 1046 3938 post
1072 3863 1262 3937 parenthesin

185 3950 317 4004 oratione
346 3949 433 4004 etiarn
463 3961 518 4004 turn
545 3949 736 4022 repetendum
764 3948 882 4004 videtur
910 3948 1011 4006 fuisse.
1058 3949 1125 4004 Non
1153 3947 1262 4021 impro-

185 4034 273 4089 bandi
297 4034 386 4107 igitur
410 4033 570 4089 Lambinus
594 4042 622 4089 et
640 4033 789 4100 Davisius,
801 4052 935 4106 unorum
959 4034 1009 4090 ille
1028 4035 1076 4089 sed
1092 4043 1179 4088 tumen
1198 4042 1261 4095 turn,

185 4118 232 4174 hic
255 4123 304 4175 sed
327 4130 380 4174 luris
403 4118 588 4174 scribendum
613 4118 736 4193 putavit.
776 4119 897 4174 Etiamsi
917 4138 971 4193 pro
994 4122 1044 4176 etsi
1064 4136 1101 4173 ex
1124 4117 1191 4173 aliis
1213 4134 1262 4173 eo·

185 4204 299 4260 diribns
324 4223 380 4260 non
405 4203 562 4277 profertur.
587 4201 693 4279 [estin
707 4201 793 4278 AB];
816 4207 921 4259 etamsi
942 4204 1036 4279 magis
1058 4202 1176 4258 dubiam
1200 4221 1260 4257 rem

185 4290 323 4362 relinquit
353 4309 440 4362 quam
464 4292 519 4344 ctsr'.
568 4290 725 4343 Perdiscere
748 4289 844 4344 minus
866 4301 965 4363 aptum
990 4290 1084 4345 visum
1108 4296 1152 4343 est
1175 4287 1261 4344 Laur-

185 4375 254 4428 biuo
278 4387 306 4429 et
330 4374 467 4431 Davisi0.
500 4374 605 4448 partius
635 4373 711 4446 qnod
735 4371 840 4431 Cicero
868 4392 926 4430 non
956 4392 1034 4430 nunc
1056 4373 1173 4428 demum
1196 4390 1259 4428 earn

184 4459 369 4533 disciplinam
393 4459 500 4524 discat,
528 4459 579 4515 sed
607 4457 743 4514 refellere
765 4458 954 4534 aggrediatur
981 4468 1011 4515 et
1039 4459 1074 4514 de
1102 4457 1189 4514 huius
1217 4457 1261 4513 rei
