3030 5086
467 405 512 452 nn
535 403 617 451 usn.
640 403 703 450 nm.
725 403 737 448 1
759 402 832 450 cur.
854 405 890 452 ro.
911 405 1042 457 raa-ast
1252 382 1293 446 73

215 593 324 641 renum
349 573 400 638 hic
427 579 551 638 tenetur
584 590 604 636 a
631 571 773 653 sapiente
799 571 952 649 delectus,
983 578 1021 636 ut
1046 576 1103 635 aut
1126 569 1294 636 reiciendis

216 675 432 758 voluptatibus
469 675 605 740 maiores
642 674 721 739 alias
759 681 967 754 consequatur
1006 680 1060 738 aut
1099 671 1294 754 perferendis

216 777 380 844 doloribus
408 777 587 858 asperiores
610 776 749 858 repellat.
792 777 844 842 34.
871 775 963 839 Hanc
989 794 1047 857 ego
1075 793 1146 841 cum
1171 783 1294 843 teneam

217 880 421 959 sententiam,
449 879 610 959 quidest,
636 896 693 943 cur
715 896 838 956 verear,
866 896 905 941 ne
932 878 973 942 ad
996 895 1065 942 eam
1093 897 1153 943 non
1176 880 1293 961 possim

217 983 458 1049 accommodare
480 981 659 1062 Torquatos
681 978 828 1044 nostros?
855 996 936 1060 quos
958 986 993 1043 tu
1014 978 1108 1060 paulo
1130 987 1203 1046 ante
1224 973 1332 1060 cumb

218 1085 407 1161 memoriter,
429 1091 494 1148 tum
516 1083 609 1149 etiam
631 1099 708 1161 erga
729 1099 788 1147 nos
803 1080 902 1145 amice
919 1089 951 1145 et
966 1081 1114 1148 benevole
1129 1084 1294 1168 collegisti;

296 1261 314 1302 1.
338 1263 381 1303 cat
398 1262 423 1302 ut
441 1252 560 1302 LPMCR
605 1257 627 1303 9.
646 1250 744 1301 maioris
765 1249 831 1318 [Alli
866 1252 1078 1314 comequauwrb
1123 1259 1146 1305 8.
1165 1257 1295 1320 asperioris

220 1321 287 1388 [apt
331 1330 353 1372 d.
378 1320 460 1372 ecdem
483 1321 540 1386 (pro
563 1319 598 1370 cd
613 1321 717 1383 sum)E
758 1336 854 1384 possm
874 1319 895 1368 E
940 1325 962 1368 ⁵.
986 1328 1034 1369 tum
1051 1322 1181 1372 memoriter
1199 1325 1296 1376 PMCR

218 1393 244 1439 6.
265 1398 287 1440 et
304 1392 360 1456 (pro
378 1389 499 1454 etrbmlll
536 1387 649 1455 [55515515
666 1388 696 1455 Α]
775 1388 777 1392 ’

218 1565 280 1604 555
309 1547 381 1604 satis
407 1545 547 1603 distincto
574 1545 666 1621 gradu
695 1553 725 1601 et
746 1543 914 1601 discrimine
936 1544 1104 1615 notionum,
1132 1547 1212 1604 alind
1241 1550 1296 1607 hoc

218 1632 317 1690 visum
346 1640 391 1689 est
418 1649 483 1689 esse
505 1638 594 1704 atqua
616 1630 697 1706 prius
720 1630 915 1705 (temporibus).
959 1628 1021 1688 cfr.
1050 1648 1125 1704 quoe
1153 1632 1188 1688 de
1215 1644 1297 1709 utque

218 1717 356 1775 dicautur
371 1717 409 1774 ad
427 1717 477 1774 34.
511 1715 729 1784 Necessitatibus,
753 1715 790 1772 ad
807 1715 886 1790 quod
903 1732 961 1771 non
982 1708 1113 1791 ¹pertinet
1129 1718 1231 1788 debitis,
1254 1720 1297 1777 ita

219 1802 350 1878 positum
372 1810 431 1869 est,
459 1809 492 1860 ut
513 1799 661 1858 ablativus
684 1818 742 1857 non
766 1800 888 1857 multum
912 1818 929 1855 a
952 1799 1166 1874 significatione
1185 1815 1298 1880 propter
1384 1873 1387 1880 Ι

219 1885 449 1964 praepositionis
476 1886 632 1962 discrepet
680 1885 841 1961 Compar-at
869 1885 1049 1941 Matthiaeus
1071 1885 1120 1943 III
1147 1888 1183 1944 de
1207 1889 1295 1966 Legg.

224 1974 279 2029 lb:
306 1975 395 2046 rapula
421 1975 535 2031 ciuitatis
560 1990 644 2044 penus
671 1990 722 2027 noa
750 1980 805 2027 tum
832 1973 1010 2044 requiquam
1031 1975 1101 2043 repis
1123 1975 1193 2030 utris
1214 1993 1297 2051 repu-

220 2059 326 2115 diatum
347 2067 394 2115 cst.
439 2056 516 2114 Add.
541 2056 576 2113 de
601 2055 700 2113 Dirin.
726 2057 747 2118 1,
775 2055 821 2124 13,
844 2073 898 2131 pro
922 2056 998 2112 Mur.
1022 2057 1077 2126 ⁶23,
1101 2055 1247 2135 [Philipp.
1270 2061 1296 2131 Ι,

223 2142 273 2200 30.
318 2141 372 2201 Gr.
396 2142 461 2199 Lat.
485 2146 500 2212 5
524 2143 584 2198 257
608 2160 637 2197 n.
661 2139 704 2218 2].

307 2246 388 2303 scopa
408 2225 519 2303 menos)
542 2226 628 2300 Quod
648 2225 801 2283 Ernestius
823 2225 1001 2299 requirebat,
1024 2231 1115 2296 euenit,
1138 2227 1298 2303 irrepserat

221 2331 322 2370 errore
344 2313 375 2370 in
397 2323 513 2369 veteres
535 2310 675 2386 quasdam
700 2311 844 2367 editiones
861 2311 961 2380 (lunt,
979 2310 1072 2380 Cret,
1091 2311 1196 2370 deinde
1208 2314 1297 2385 Vict,

221 2398 348 2472 bamb).
397 2398 471 2455 Mox
499 2396 625 2454 Manutii
659 2406 689 2452 ct
716 2396 877 2453 Lambinus
911 2413 975 2452 cum
1005 2396 1050 2452 ed.
1078 2400 1173 2472 prima
1189 2400 1298 2467 ,lamna

221 2503 312 2541 renam
332 2482 381 2556 (de
404 2482 510 2556 quibus
532 2481 651 2558 agitur),
675 2499 734 2537 non
757 2480 949 2538 incommode.

308 2577 338 2625 ut
363 2578 412 2624 cut
438 2569 588 2641 reiciendis)
617 2565 667 2625 Sic
694 2565 782 2623 etiam
807 2565 883 2642 Spir.
908 2562 977 2646 [B],
1005 2566 1035 2622 id
1063 2577 1123 2637 cst,
1153 2569 1297 2640 meliores,

222 2652 278 2710 etsi
295 2652 375 2712 Vict.
392 2653 455 2711 cod.
479 2651 583 2709 habuit
603 2662 652 2709 out
673 2661 710 2720 ut,
733 2650 811 2726 quod
834 2669 899 2707 curn
923 2659 1000 2707 esset
1022 2652 1051 2707 in
1075 2653 1204 2726 antiquis
1223 2653 1299 2726 edd,

222 2737 322 2796 nascio
344 2755 444 2812 a0quo
466 2737 591 2813 primurn
615 2745 777 2794 correctum
803 2736 841 2792 ait
857 2737 927 2809 (iam
945 2736 974 2793 in
993 2736 1152 2810 ed.Crat.).
1186 2739 1300 2796 Tacent

224 2820 321 2893 Grut,
344 2823 431 2887 Dav„
454 2822 553 2891 Oxx.,
577 2822 628 2879 sed
651 2822 681 2877 in
704 2821 900 2879 deterioribus
922 2821 1005 2878 libris
1028 2821 1091 2878 sine
1114 2822 1203 2881 dubio
1225 2833 1299 2893 erat,

223 2917 257 2965 ut
284 2908 313 2965 in
342 2906 467 2967 Gaianis
496 2916 613 2984 praeter
641 2907 700 2963 Erl.
729 2917 759 2964 et
787 2906 880 2982 Spir.,
912 2917 962 2962 cut
989 2915 1031 2964 ut.
1064 2906 1300 2984 defendebatque

223 2991 386 3069 Woplrena.
410 2994 502 3050 Lectt.
526 2993 605 3050 Tull.
628 3011 656 3067 p.
670 2992 725 3062 333
748 2992 885 3049 Handiua
907 2993 1007 3063 (Turs.
1032 2993 1047 3049 Ι
1069 3011 1097 3067 p.
1113 2994 1187 3066 554)
1210 2993 1299 3051 etiam

223 3079 343 3154 proprio
365 3078 422 3135 dici
445 3078 557 3147 statuit,
582 3077 660 3151 quod
683 3087 761 3134 esset
782 3077 904 3151 aliquid,
928 3077 952 3134 51
976 3077 1021 3134 515
1043 3087 1091 3134 acrt
1112 3088 1142 3133 ut
1157 3079 1299 3136 scribere·

225 3174 286 3231 tur3
311 3182 410 3220 verum
434 3173 495 3221 tum
520 3163 629 3238 duplex
653 3162 783 3219 delectus
800 3163 1024 3238 significaretur,
1047 3181 1104 3218 non
1129 3181 1212 3220 5555.
1247 3163 1300 3224 Se·

225 3249 325 3306 iuncta
346 3249 414 3306 hinc
436 3257 480 3306 eat
503 3248 689 3324 neglegentia
710 3248 776 3315 illa,
805 3267 863 3322 qua
885 3248 981 3332 semel
1004 3248 1159 3305 etiterum
1184 3259 1250 3324 post
1272 3259 1301 3307 ut

225 3345 273 3391 out
294 3334 478 3392 abundanter
500 3333 585 3391 alteri
608 3342 656 3389 out
676 3333 795 3390 additur
817 3343 853 3389 ut.
897 3333 1033 3404 (Praeter
1055 3333 1189 3403 Livium,
1213 3353 1299 3408 quem

227 3420 361 3478 Handiua
384 3420 464 3490 citat,
488 3420 546 3476 vid.
570 3418 632 3477 Cic.
658 3417 741 3477 Orat.
768 3419 848 3498 149.)
882 3414 958 3497 [Cfr.
982 3418 1018 3474 ad
1042 3419 1082 3487 11,
1110 3414 1171 3498 ln]

313 3505 352 3561 34
386 3523 445 3561 cuna
467 3508 624 3571 memoriter,
648 3514 702 3559 tum
724 3505 815 3576 etiam)
839 3502 887 3561 Sic
906 3503 993 3560 etiarn
1014 3502 1092 3578 Spir.
1105 3502 1170 3581 [B],
1193 3504 1221 3561 id
1246 3514 1300 3575 est,

227 3590 344 3665 optimi;
367 3590 456 3646 ceteri
469 3589 537 3647 Gaii
561 3600 590 3645 et
613 3589 677 3645 edd.
703 3588 846 3662 quaedam
865 3599 920 3645 tuan
933 3621 971 3630 -
984 3598 1048 3646 term,
1085 3589 1195 3652 Eodem
1214 3590 1300 3647 modo

227 3673 386 3731 deteriores
409 3675 465 3730 hcc
486 3675 554 3732 libr.
579 3675 634 3743 50,
659 3674 709 3738 51,
732 3674 770 3732 al.
817 3675 875 3731 Rea
898 3673 1031 3730 conlecta
1053 3684 1098 3730 est
1120 3692 1137 3729 a
1161 3673 1300 3733 8155555-

228 3759 330 3835 burgio
352 3760 390 3816 ad
412 3759 474 3818 Cic.
497 3778 551 3834 pro
563 3759 655 3816 Arch.
672 3760 708 3816 31
724 3779 762 3840 p.
779 3761 837 3816 164
855 3759 900 3815 ed.
918 3762 957 3827 1.;
980 3759 1083 3815 confici
1106 3759 1164 3815 iam
1187 3758 1300 3834 pridem

227 3854 362 3920 potuerat
385 3844 620 3902 Drakenborchii
642 3854 712 3901 nota
734 3843 771 3901 ad
794 3845 911 3901 Livium
936 3844 989 3914 VI,
1014 3844 1064 3913 23,
1083 3844 1111 3902 3.
1157 3844 1192 3901 In
1215 3845 1302 3902 Verr.

227 3929 281 3994 lv,
307 3930 365 3987 147
390 3930 544 4005 Zumptius
567 3948 625 3986 non
648 3930 857 3987 animadvertit
878 3949 937 3986 cum
962 3962 996 3972 -
1024 3940 1079 3986 tum
1109 3946 1172 3987 esse
1194 3929 1224 3986 in
1248 3949 1300 4005 op·

227 4014 297 4071 timo
315 4015 378 4071 cod.
395 4015 491 4072 Paris.
524 4016 600 4073 'I'um
624 4018 772 4072 memoriter
793 4032 846 4070 nec
868 4015 924 4072 hoc
946 4014 1012 4072 loco
1035 4033 1089 4072 nec
1111 4033 1234 4090 usquam
1251 4025 1303 4074 aut

228 4100 305 4176 apud
316 4098 490 4158 Ciceronem
507 4109 559 4157 aut
575 4099 653 4176 apud
671 4117 847 4175 quemquam
864 4109 997 4157 veterum
1014 4111 1068 4168 est,
1090 4110 1123 4158 ut
1145 4100 1174 4157 in
1197 4099 1302 4158 lexicis

228 4185 363 4242 omnibus
391 4185 511 4260 ponitur
533 4185 636 4263 [etiam
660 4183 830 4262 Freuudii],
859 4189 1018 4242 emernorr'a
1041 4187 1223 4260 (auaweudiq,
1251 4205 1302 4243 555

228 4270 286 4326 dem
311 4271 425 4345 Kopsc),
449 4281 488 4327 ut·
504 4271 683 4328 contrarium
706 4271 758 4337 sit,
782 4270 1027 4343 quemadmodum
1051 4271 1185 4328 Nizclius
1207 4271 1302 4340 docet,

228 4356 261 4412 ric
282 4359 396 4430 compto,
425 4375 512 4430 quam
543 4355 784 4432 significationem
814 4374 880 4411 cum
910 4356 1038 4431 ineptam
1068 4355 1132 4413 esse
1160 4355 1301 4412 hocloco
