3030 5086
282 476 344 541 726
669 493 714 538 nn
736 488 868 539 uncinus
890 491 961 538 eor.

281 662 386 727 omnia
408 662 468 740 illu,
491 666 668 742 quaesunt
690 668 788 740 extra,
812 678 1000 742 quemquam
1022 661 1211 742 expetenda,
1234 677 1362 726 summo

280 766 360 829 bono
383 764 624 829 continerentur.
754 755 757 759 ’

352 957 371 998 1.
390 950 434 1000 illu
452 967 500 1002 om.
521 951 542 998 E
579 957 600 999 2.
621 949 789 999 contineremur
807 951 828 998 E
847 950 994 999 continentur
1011 950 1031 997 L

280 1124 341 1182 Erl.
372 1135 401 1180 et
424 1123 502 1198 Spin.
529 1124 571 1180 ait
599 1142 662 1180 osse
691 1127 835 1199 quisquam
859 1156 897 1166 -
926 1127 1084 1197 quicquum3
1115 1141 1130 1179 e
1158 1121 1361 1195 deterioribus

280 1209 387 1268 Gud.1
414 1220 443 1265 et
465 1210 533 1266 Bas.
557 1229 683 1284 umquam
709 1242 742 1251 —
769 1213 892 1284 quisque.
937 1205 976 1288 [B
1000 1219 1032 1265 ut
1051 1203 1127 1286 Eri]
1167 1207 1258 1280 (Nihil
1279 1209 1362 1282 quis-

273 1285 361 1370 quam.
383 1314 510 1369 umquom
533 1294 568 1351 de
591 1294 674 1354 Orat.
697 1295 738 1359 II,
765 1296 886 1367 122331·
907 1313 1034 1369 umquam
1056 1296 1206 1368 quidquam
1228 1294 1266 1350 ad
1287 1296 1358 1353 Art

279 1380 369 1438 XIII.
384 1381 433 1447 25,
448 1381 480 1447 33
504 1380 606 1437 citavit
622 1379 729 1450 Gzius3
753 1380 835 1439 Lael.
850 1381 905 1436 82:
928 1399 1012 1453 neque
1033 1381 1183 1454 quidquam
1204 1380 1361 1453 umquam.)

281 1465 395 1544 [Etiam
420 1465 445 1521 B
467 1484 524 1521 ont.
547 1464 618 1542 uun]

364 1570 529 1625 quamquam
551 1553 712 1626 erpeteuda)
725 1551 770 1608 Ex
789 1549 1047 1607 circumlocutione
1064 1549 1189 1606 relativa
1200 1549 1267 1622 (illu,
1285 1567 1362 1623 quas

280 1647 342 1694 sunit
363 1639 452 1708 estro)
475 1637 597 1693 verbum
620 1637 650 1692 in
673 1637 728 1693 hac
751 1635 949 1697 concessione,
973 1654 1047 1710 quae
1071 1653 1108 1691 ex
1126 1634 1267 1710 primaria
1288 1652 1362 1691 sen·

279 1722 372 1778 tentia
394 1732 531 1777 nascatur
554 1732 583 1778 et
606 1741 670 1778 cum
695 1740 729 1778 ea
751 1721 960 1796 coniungatur,
991 1739 1048 1776 non
1076 1719 1227 1777 commode
1249 1719 1361 1787 audiri,

278 1807 366 1865 facile
383 1818 515 1881 apparet.
551 1809 665 1881 Itaque,
689 1808 713 1864 ai
737 1807 810 1863 nihil
828 1816 873 1863 est
890 1806 996 1873 ruendi,
1020 1805 1124 1864 Cicero
1142 1805 1189 1861 hic
1206 1823 1242 1862 ea
1258 1804 1363 1862 forma

280 1892 422 1949 orationis
445 1911 514 1949 usus
537 1893 662 1958 videtur,
685 1912 743 1966 qua
760 1891 932 1967 posterioris
949 1891 1054 1948 aetatis
1072 1891 1239 1964 scriptores,
1262 1889 1363 1963 Quin·

281 1978 410 2035 tilianua.
434 1978 564 2035 'lucitus
588 1978 648 2045 alii,
672 1997 729 2033 non
749 1997 816 2034 raro
833 1987 965 2047 utuntur,
989 1978 1052 2052 ipse
1069 1977 1191 2049 eiusque
1207 1975 1363 2050 aequales,

281 2063 360 2139 quod
383 2064 483 2129 aciani,
507 2082 648 2138 nusquam
673 2063 754 2133 alibi,
779 2072 810 2138 ut
831 2083 995 2137 quamquam
1017 2062 1159 2138 particula
1184 2061 1247 2117 sine
1264 2062 1363 2118 verbo

281 2167 346 2206 cum
370 2149 515 2206 adiectivo
533 2149 726 2224 participiove
743 2162 793 2205 aut
810 2149 951 2205 adverbio
969 2148 1127 2205 vocibusve
1144 2165 1198 2222 pro
1214 2145 1363 2204 adverbio

281 2234 386 2310 positis
408 2235 603 2310 coniungatur
625 2234 762 2307 (Quintil.
787 2235 844 2304 IX,
869 2236 897 2302 2,
916 2235 971 2290 53:
994 2237 1182 2290 immunitatem
1200 2233 1363 2307 parricidii,

280 2339 446 2395 quamquam
464 2339 516 2394 per
537 2339 565 2376 se
587 2323 765 2393 manifestum,
791 2331 877 2376 tomen
899 2323 976 2375 etium
999 2323 1027 2375 ui
1047 2321 1174 2375 orationis
1195 2327 1363 2391 eroqqerat3

280 2406 340 2462 alia
362 2406 525 2462 Bonnellus
547 2405 649 2472 haben
678 2406 773 2463 Tacit.
795 2407 874 2462 Anu.
899 2405 953 2472 IV,
979 2405 1033 2460 30:
1062 2405 1139 2467 laec,
1168 2406 1238 2459 nura
1259 2422 1362 2477 quarn-

280 2510 370 2565 quum,
387 2492 472 2563 fidem
494 2510 527 2547 eu
549 2511 579 2547 eo
600 2492 743 2548 trahebant
759 2502 831 2557 cet.;
855 2483 956 2547 quen.
970 2490 1023 2549 IV,
1038 2490 1092 2546 79:
1116 2490 1253 2563 Interprea
1270 2490 1363 2562 lequm

279 2579 463 2632 solertissimus
480 2579 576 2644 omnia,
600 2597 766 2651 quamquam
788 2576 959 2651 Temporibus
978 2577 1054 2638 diris,
1078 2575 1222 2631 tractanda
1242 2575 1363 2649 putabat

279 2665 373 2718 inermi
397 2663 522 2734 lustitia).
568 2663 672 2736 Neque
695 2663 771 2720 enim
801 2661 837 2717 ad
861 2661 936 2717 hanc
958 2659 1082 2717 formam
1106 2659 1265 2734 quidquam
1289 2678 1362 2735 per·

279 2747 367 2809 tinet,
399 2746 476 2820 quod
499 2756 529 2803 et
551 2747 655 2806 Cicero
678 2747 780 2803 etalii
803 2764 904 2803 omnes
927 2749 1050 2820 quamuis
1078 2756 1108 2802 et
1129 2748 1235 2802 etiamsi
1256 2755 1286 2801 et
1309 2748 1365 2802 etsi

280 2833 322 2889 sic
346 2843 468 2906 ponunt,
492 2843 523 2888 ut
547 2833 591 2896 id,
615 2833 692 2907 quod
716 2832 890 2898 subiciatur,
913 2848 978 2887 curn
1003 2850 1052 2889 eo.
1075 2832 1154 2905 quod
1176 2831 1362 2887 contrarium

279 2931 428 2991 sequatur.
454 2936 608 2973 commune
631 2917 751 2974 verbum
776 2917 883 2972 habeat
905 2919 1022 2988 (etiamsi
1042 2921 1098 2973 eine
1119 2918 1176 2972 ullo
1198 2919 1361 2990 susspicione,

280 3015 309 3059 ot
331 3023 380 3059 non
404 3006 460 3059 siue
482 3013 636 3075 arqumento
658 3006 830 3070 maledicere3
853 3006 903 3058 etsi
924 3003 953 3058 in
977 3003 1032 3059 hac
1054 3001 1149 3059 forma
1171 3001 1250 3077 apud
1273 3001 1362 3060 Cice·

280 3108 380 3145 ronenr
405 3088 512 3164 legitur
534 3088 581 3144 hic
606 3090 645 3146 II.
665 3090 715 3155 45,
738 3089 777 3157 V,
796 3089 845 3158 88,
870 3088 963 3146 Acad.
983 3089 1024 3158 II,
1043 3088 1071 3155 8,
1095 3088 1183 3144 Tuae.
1203 3087 1227 3155 I,
1247 3086 1297 3155 84,
1322 3086 1362 3144 da

281 3173 364 3233 Orat.
388 3175 452 3240 III,
480 3178 525 3240 14,
551 3175 632 3231 Brut.
657 3176 712 3241 84,
736 3175 771 3231 de
794 3175 849 3248 leg.
873 3192 934 3249 ugr.
958 3174 1003 3235 II,
1027 3174 1083 3241 49,
1106 3191 1160 3247 pro
1182 3171 1281 3230 Deiot.
1311 3173 1362 3241 17,

279 3260 317 3314 ad
335 3262 398 3316 Art.
411 3260 501 3328 XIII,
516 3261 564 3324 28,
579 3260 606 3327 3,
624 3280 789 3335 quamquam
807 3260 900 3316 Purtt.
913 3257 1008 3317 Oratt.
1022 3260 1072 3326 88,
1092 3257 1169 3314 Phil.
1184 3257 1296 3326 v11,7,
1321 3257 1362 3314 ad

280 3344 392 3402 Fanrm.
406 3347 443 3406 V.
458 3347 487 3413 8,
501 3347 528 3411 4,
547 3346 582 3402 de
602 3345 702 3403 Divin.
717 3347 740 3403 Ι,
755 3346 816 3419 28).
859 3343 1036 3402 Huiusmodi
1059 3343 1207 3400 oratione:
1229 3343 1363 3400 Emer-rra

280 3431 357 3496 borno,
380 3435 484 3487 etr'omsr'
501 3431 690 3504 (quamquam)
707 3431 863 3506 erpetendo.
887 3449 938 3485 non
961 3440 1048 3486 tomen
1069 3431 1233 3485 continentur
1255 3447 1364 3486 summo

280 3516 347 3571 bono
364 3515 468 3574 Cicero
486 3534 643 3589 numquam
663 3535 731 3573 usne
749 3526 801 3573 est.
837 3515 895 3574 Sed
913 3533 1089 3589 quamquam
1114 3532 1248 3589 magnam
1272 3514 1363 3572 dubi-

279 3601 515 3658 tationemhaee
539 3602 681 3659 orationis
700 3601 795 3659 forma
811 3602 901 3658 habet
922 3600 1069 3673 facileque
1092 3610 1159 3656 ante
1182 3619 1285 3655 summo
1307 3618 1363 3656 ex·

205 3676 209 3685 ’
282 3686 380 3743 cidere
403 3687 499 3761 potuit
521 3697 597 3747 curri,
628 3705 685 3743 non
709 3686 802 3743 audeo
825 3697 922 3743 tamen
946 3685 1109 3760 corrigere,
1138 3685 1216 3758 quod
1238 3703 1276 3742 ex
1299 3685 1364 3742 alia

281 3790 397 3846 quoque
421 3780 503 3846 parte
525 3773 708 3829 concinnitas
731 3772 873 3828 orationis
896 3773 942 3828 hic
966 3772 1158 3830 desideratur.
1197 3769 1363 3829 Concessio

280 3858 358 3913 enirn
382 3857 507 3914 refertur
530 3859 567 3913 ad
590 3858 665 3912 hanc
688 3858 888 3933 negationem:
911 3878 960 3913 non
978 3860 1144 3915 continentur
1160 3876 1261 3912 summo
1278 3857 1362 3925 ὀοιιος

281 3961 381 3998 verum
406 3962 440 3999 ea
463 3943 535 3999 latet
558 3943 671 3999 inclusa
693 3943 723 3998 in
745 3943 941 3999 condIcionuli
964 3943 1107 4000 orationis
1129 3941 1225 3999 forma
1242 3943 1280 4015 (ur¹
1296 3961 1363 3999 con·

281 4031 433 4090 tr'nerentur,
457 4048 601 4102 numquam
620 4032 764 4103 quisquo-m
781 4049 911 4084 rotumum
928 4029 1022 4084 bornum
1039 4030 1264 4101 consequeretur),
1287 4045 1362 4085 con·

280 4113 374 4170 cessio
397 4128 493 4170 autern
517 4113 691 4188 interposita
713 4122 756 4171 est
780 4113 835 4188 ipsi
855 4113 1030 4180 condicioni,
1053 4113 1091 4170 ad
1108 4131 1194 4187 quarn
1209 4123 1281 4187 apta
1298 4131 1362 4170 nou

281 4209 340 4262 θεῖς
368 4199 467 4273 itaque
490 4209 575 4255 tumen
598 4198 665 4256 addi
689 4218 746 4256 non
770 4208 881 4274 potest;
910 4200 952 4256 sic
980 4199 1057 4255 enim
1080 4197 1179 4273 potius
1201 4197 1360 4255 dicandum

280 4283 397 4340 videtur
410 4284 515 4341 fuisse:
533 4288 558 4341 oi
573 4295 691 4353 esterno,
709 4287 800 4359 quod
816 4287 963 4360 expetenda
980 4295 1051 4352 aunt,
1070 4286 1144 4342 ideo
1161 4287 1238 4340 etiam
1256 4303 1362 4340 summo

281 4370 346 4426 bono
367 4375 568 4436 continerentur,
594 4391 739 4445 nrerrrquam
761 4375 905 4445 quisquam
927 4380 982 4426 cet.
1029 4370 1063 4426 In
1081 4369 1136 4425 hac
1153 4368 1243 4445 igitur·
1262 4368 1361 4426 miuus

280 4454 437 4531 diligenter
459 4455 643 4513 conformata
664 4457 797 4515 oratioue
820 4457 882 4513 fieri
906 4465 1019 4532 potest,
1047 4465 1080 4512 ut
1106 4454 1137 4511 in
1165 4454 1217 4511 illa
1239 4471 1362 4529 quoque
