3030 5086
413 493 457 538 ur
481 491 561 537 uun.
584 491 647 537 urs.
672 493 691 538 v
714 491 787 538 cns.
806 493 847 538 st.
863 490 996 554 (es-os.)
1178 472 1237 536 777

166 663 217 728 94
234 661 334 726 Nobis
346 659 547 724 Heracleotes
565 658 616 723 ille
628 658 795 741 Dionysius
811 657 964 740 flagitiose
976 658 1144 724 descivisse
1154 659 1240 723 vide·

166 763 369 829 turaStoicis
387 767 518 842 propter
535 761 693 825 oculorum
711 759 859 825 dolorem.
896 760 994 839 Quasi
1005 778 1078 824 vero
1089 759 1240 824 hoedidi·

166 865 260 929 cisset
281 882 300 928 a
323 864 463 940 Zenone,
486 880 548 926 non
571 862 691 942 dolere,
714 880 784 927 cum
805 860 939 926 dolereti
983 861 1064 925 Illud
1086 861 1240 939 audierat,

167 985 224 1031 uec
246 972 349 1030 tamen
373 965 534 1041 didicerat,
557 965 672 1029 malum
695 963 773 1029 illud
795 982 856 1028 uon
879 981 957 1041 esse,
979 962 1052 1045 quia
1070 970 1163 1044 turpe
1179 981 1240 1027 nou

166 1075 264 1146 esset,
294 1074 326 1131 et
347 1085 417 1131 esse
439 1064 601 1130 ferendum
623 1065 700 1130 viro.
744 1065 803 1130 Hic
825 1064 852 1129 si
873 1063 1100 1145 Peripateticus
1122 1063 1280 1144 fuissetis

241 1293 260 1337 1,
274 1287 395 1351 flaqs'tiose
412 1301 460 1336 our.
480 1287 504 1334 ll
551 1286 823 1349 2.qu12sveroournes
872 1290 894 1335 8.
914 1294 935 1335 et
953 1302 970 1334 o
988 1284 1125 1335 Zeaoaeli
1177 1291 1202 1335 b.
1219 1293 1241 1333 et

167 1364 228 1405 esset
240 1354 366 1415 ferendam
384 1369 478 1411 omues,
498 1356 542 1405 Or.
578 1371 633 1404 vero
651 1354 708 1419 (pro
725 1355 787 1414 vr'ro)
806 1354 829 1402 E

255 1546 303 1601 94.
327 1545 498 1601 Heracleotes
516 1546 559 1601 ille
575 1544 738 1618 Dionysius)
755 1543 848 1619 ipsius
864 1543 992 1601 Zenonis
1009 1543 1135 1614 auditor,
1155 1561 1242 1617 quem

167 1622 373 1704 μεταθέμενοι)
397 1627 505 1687 Graeci
528 1629 693 1704 appellant,
722 1628 800 1702 quod
823 1629 860 1685 ad
883 1627 1061 1704 Cyrenaicos
1089 1645 1120 1684 se
1149 1637 1178 1684 et
1204 1628 1241 1685 ad

168 1714 349 1788 voluptatem
373 1714 518 1771 convertit
535 1715 641 1786 (Acad.
660 1714 701 1784 ΙΙ,
720 1714 782 1787 71).
828 1713 926 1771 Morbi
948 1731 1040 1789 genus
1062 1713 1139 1769 idem
1163 1731 1243 1770 com·

167 1808 311 1855 memorat
334 1799 483 1874 Diogenes
505 1799 754 1865 scortumst
778 1806 807 1854 ct
830 1800 903 1867 1663
931 1799 994 1874 ipse
1017 1807 1114 1855 autern
1138 1797 1243 1856 Cicero

168 1884 197 1941 in
221 1883 398 1941 Tusculanis
422 1884 468 1953 II,
493 1886 532 1941 60
561 1902 662 1941 renum
693 1884 822 1941 dolorem
846 1882 937 1941 fuisse
960 1883 1040 1940 dicit.
1084 1883 1119 1939 In
1142 1883 1243 1940 codice
1319 1876 1321 1881 ’

169 1967 286 2026 Morelii
309 1969 356 2025 hic
378 1969 519 2045 scripturn
542 1979 606 2026 crat
626 1979 737 2045 propter
756 1988 825 2042 persa
847 1971 978 2035 dolorem,
1007 1968 1183 2043 depravata,
1211 1978 1243 2026 ut

168 2053 298 2112 Orellius
316 2054 492 2129 suspicatur,
514 2055 706 2121 correctione,
730 2072 789 2129 qua
805 2053 943 2111 librarius
959 2053 1077 2128 aliquis,
1100 2053 1244 2112 Tuscula·

168 2157 270 2196 narum
295 2139 352 2196 loci
375 2158 500 2205 memor,
531 2138 702 2197 Ciceronem
727 2157 825 2196 secum
848 2139 878 2195 iu
901 2139 1086 2196 concordiam
1110 2139 1243 2214 redigere

167 2223 303 2281 voluerit.
350 2225 397 2295 (In
421 2225 654 2282 Tusculanarum
678 2224 743 2282 loco
765 2223 875 2281 frustra
898 2223 1043 2292 laborant,
1066 2223 1116 2298 qui
1139 2223 1242 2281 vitium

166 2309 307 2367 orationis
325 2318 354 2365 et
370 2309 568 2367 conclusionis
583 2327 600 2365 a
613 2308 748 2366 Bentleio
765 2318 950 2384 perspectum
969 2308 1137 2366 defendunt.
1164 2309 1242 2367 Nam

167 2411 222 2450 nec
244 2397 311 2450 sotis
333 2405 401 2450 esset
423 2414 477 2469 pro
499 2399 566 2451 satis
588 2405 646 2451 erat
668 2392 739 2451 ferri
762 2402 860 2468 potest
882 2405 911 2450 et
934 2393 1120 2468 perspicuum
1140 2404 1194 2461 est,
1218 2395 1243 2451 si

167 2478 237 2553 quid
260 2497 408 2553 umquam,
431 2479 506 2536 hanc
528 2479 773 2555 assumptionem:
796 2479 933 2535 Plurimos
949 2489 1083 2535 outenr-
1109 2498 1155 2536 acc
1165 2481 1244 2551 serre

161 2583 275 2638 possum
303 2563 407 2622 referri
435 2565 471 2621 ad
501 2564 703 2622 condicionale
731 2564 928 2621 conclusionis
958 2563 1089 2632 initium,
1124 2582 1242 2639 prorsus

166 2658 263 2706 autem
287 2649 386 2724 inepte
409 2649 477 2706 addi
500 2659 527 2706 et
551 2650 623 2706 haec
646 2659 676 2706 et
697 2658 844 2706 extrema:
872 2651 972 2706 arolam
994 2658 1125 2718 estest,
1148 2649 1173 2705 si
1196 2667 1243 2706 res

167 2744 197 2791 et
219 2733 365 2790 sententis
387 2734 445 2791 iam
469 2744 537 2790 ente
555 2735 691 2792 absoluta
709 2734 756 2793 sit.
792 2734 827 2791 In
845 2735 1018 2810 corrigendo
1035 2734 1141 2791 urendo
1154 2735 1243 2792 Bent-

167 2817 242 2875 leius
264 2819 423 2876 aberravit.
469 2819 519 2878 Sic
538 2820 615 2876 enim
630 2818 735 2878 Cicero
757 2818 891 2894 scripsit:
920 2819 1017 2888 erio,
1041 2826 1079 2886 si,
1102 2838 1162 2876 oum
1183 2830 1243 2876 tua-

166 2913 221 2961 tum
243 2922 340 2978 operae
357 2905 545 2980 philosophiae
566 2906 710 2974 dedissem,
733 2906 849 2961 dolorem
866 2915 952 2962 taurea
968 2907 1046 2977 serre
1063 2923 1113 2960 non
1125 2924 1242 2980 possem,

165 2993 234 3046 solie
257 2999 325 3045 esset
347 2993 509 3062 assumenti,
540 2992 639 3046 mulum
667 3009 724 3047 esse
746 2991 871 3046 statores.
916 2991 1054 3045 Plurimos
1076 2999 1164 3046 auum
1186 2999 1240 3046 cet.

165 3073 324 3133 Conclusio
347 3074 512 3149 argumenti
544 3092 663 3151 prorsus
686 3075 722 3131 ed
745 3073 909 3150 syllogismi
931 3073 1055 3131 formam
1079 3074 1243 3149 composita

164 3159 268 3235 incipit
288 3178 305 3215 a
322 3165 354 3216 si.
377 3159 429 3216 sed
452 3168 514 3217 tota
536 3179 590 3235 pro
607 3177 749 3234 responso
761 3158 914 3218 Cleanthis
933 3158 1156 3233 interrogationi
1174 3160 1242 3216 sub·

164 3244 296 3320 iungitur
319 3244 464 3320 particula
486 3248 573 3319 quia.)
616 3245 677 3302 Pro
699 3248 862 3318 quasivero
884 3243 1000 3301 codices
1022 3247 1084 3317 quis
1106 3263 1181 3310 cero,
1210 3253 1241 3301 ut

164 3329 241 3386 solet
262 3348 316 3403 pro
339 3334 421 3404 quasi
441 3330 530 3386 scribi
552 3349 653 3404 quaeso
675 3339 705 3386 et
726 3334 798 3405 quis.
844 3329 982 3387 Correxit
1001 3328 1171 3397 Lambinus,
1194 3329 1241 3385 cui

165 3422 262 3471 tamen
280 3415 316 3470 de
333 3414 448 3472 duobus
465 3415 616 3471 codicibus
636 3413 854 3490 manuscriptis,
877 3432 951 3488 quos
968 3418 1050 3488 quusi
1065 3413 1173 3471 habere
1190 3415 1241 3482 eit,

163 3517 266 3574 parum
289 3500 387 3567 credo,
411 3500 467 3556 nisi
491 3500 615 3557 correcti
638 3499 693 3574 ipsi
716 3498 844 3557 fuerunt.
879 3499 1004 3557 Secutus
1026 3508 1071 3557 est
1087 3498 1242 3556 Ernestius

164 3594 194 3640 et
215 3583 403 3641 recentiores.

249 3671 347 3726 molum
366 3672 435 3727 illud
450 3690 502 3726 aon
518 3688 576 3726 esse
586 3701 627 3711 —
640 3680 664 3726 et
681 3688 738 3727 esse
754 3670 894 3735 serendum
912 3667 982 3746 uiro)
999 3668 1126 3725 Manutii
1143 3687 1241 3725 emen·

164 3753 312 3811 dationem
335 3774 400 3812 curn
421 3755 614 3813 lelemaudo
637 3764 667 3811 et
688 3755 827 3811 Ernestio
849 3763 968 3812 secutus
989 3772 1063 3810 sum.
1109 3754 1186 3812 Nam
1210 3753 1240 3810 in

164 3839 314 3897 codicibus
348 3850 470 3917 propter
497 3840 664 3916 proximum
695 3860 746 3896 eron
773 3850 842 3896 esset
869 3839 1009 3915 scriptum
1041 3848 1086 3896 est
1112 3849 1137 3895 et
1164 3849 1241 3896 esset.

162 3925 274 3982 Verum
309 3944 366 3982 non
393 3925 488 3982 solum
523 3942 666 3982 summam
695 3925 867 3982 inanitatem
901 3925 974 3981 haec
991 3921 1104 3981 ‘oratio
1137 3923 1240 3980 habet:

163 4011 270 4066 Melum
292 4030 342 4066 amr
365 4021 404 4067 est
426 4011 512 4077 dolor,
535 4013 599 4084 quia
616 4011 750 4083 serendus
772 4020 811 4066 est
832 4014 906 4079 uiro,
931 4008 1095 4067 sedetiam
1118 4008 1240 4066 uraniis·

162 4103 238 4151 stam
261 4094 500 4171 perversitatem
531 4113 597 4151 nam
625 4095 704 4169 quod
732 4095 841 4151 malum
866 4113 924 4151 non
947 4105 1005 4163 est,
1035 4095 1064 4152 id
1086 4094 1239 4152 ferendum

162 4190 216 4248 est,
250 4198 345 4254 neque
376 4190 487 4245 temen,
521 4179 600 4254 quod
634 4179 787 4236 ferendum
821 4189 865 4236 est
894 4180 971 4248 viro,
1006 4180 1073 4236 ideo
1099 4179 1239 4236 continuo

163 4264 271 4322 malurn
306 4283 363 4322 non
398 4282 462 4323 esse
489 4274 630 4341 appetem
663 4275 693 4322 et
720 4265 900 4341 depravatur
928 4264 1093 4340 proprietas
1122 4263 1239 4323 Stoicae

161 4349 403 4414 ratiocinationis,
426 4369 463 4407 ex
486 4369 522 4408 eo
544 4350 618 4413 solo,
641 4350 720 4424 quod
743 4350 895 4426 turpitudo
913 4350 1039 4415 abesset,
1062 4350 1149 4407 etiarn
1170 4347 1240 4406 mali

160 4436 310 4493 notionem
334 4455 351 4492 a
373 4435 474 4492 dolore
496 4435 685 4495 removentis.
