3030 5086
394 488 437 533 nn
460 487 540 533 mse.
564 488 625 533 nra.
645 489 666 534 v
689 488 761 533 erne.
781 491 820 536 ss.
837 487 971 549 (as-os.)
1159 471 1219 535 781

146 657 231 738 quod
254 656 378 737 qrridam
401 655 429 718 ei
452 656 564 719 deesse
586 654 737 719 dicebant.
782 656 852 719 Non
876 674 970 736 quam
992 662 1133 719 nostram
1153 656 1222 736 qui·

148 759 228 834 dem,
250 757 351 837 inquit
366 756 557 837 Pomponius
574 757 694 834 iocans;
718 758 774 821 sed
791 756 966 821 mehercule
982 765 1131 837 pergrata
1147 755 1224 820 mibi

146 858 207 938 fuit
229 858 329 921 oratio
351 866 414 921 tua.
459 860 547 937 Quae
563 857 645 921 enim
668 858 729 923 dici
750 858 862 923 Latine
883 876 979 940 posse
1001 876 1062 922 non
1085 858 1222 922 arbitra-

145 961 211 1037 bar,
234 980 272 1024 ea
289 959 372 1023 dicta
389 966 555 1039 suntote,
578 978 635 1024 nec
651 960 672 1041 †
688 959 789 1024 minus
805 959 906 1041 plane,
929 979 1021 1041 quam
1040 960 1186 1024 dicuntur
1202 978 1222 1024 a

146 1061 285 1137 Graecia,
309 1061 411 1125 verbis
434 1061 525 1142 aptis.
570 1060 631 1125 Sed
653 1070 777 1141 tempus
799 1067 856 1139 est
879 1062 905 1125 si
927 1062 1064 1139 videtum
1087 1069 1120 1125 et
1136 1064 1260 1126 rectas

146 1162 271 1244 quidem
294 1163 334 1225 ad
356 1181 414 1225 me.
459 1163 550 1241 Quod
570 1181 638 1225 cum
656 1162 706 1226 ille
723 1162 855 1227 dixisset
876 1170 908 1226 et
929 1163 1006 1227 satis
1029 1162 1222 1243 disputatum

146 1264 315 1340 videretur,
338 1263 369 1327 in
392 1263 541 1345 oppidum
564 1265 606 1327 ad
623 1263 828 1345 Pomponium
850 1265 1044 1344 perreximus
1063 1282 1179 1328 omnes.

221 1439 240 1482 l.
264 1432 355 1496 quidem
379 1433 399 1481 L
452 1449 578 1496 numquam
600 1432 658 1498 (pro
684 1450 730 1482 non
757 1435 839 1496 quom)
863 1433 953 1484 Lucu
1004 1434 1096 1497 quidem
1123 1449 1173 1482 orn.
1203 1434 1223 1481 P

150 1508 173 1550 2.
194 1499 337 1565 Pomponius
355 1501 430 1564 iuquit
450 1502 471 1550 u
514 1506 537 1549 3.
551 1500 606 1565 suit
623 1517 671 1550 orn.
691 1516 786 1560 ornnes,
806 1502 849 1552 Or.
895 1509 917 1553 t.
937 1519 979 1550 nec
996 1502 1072 1551 minus
1090 1504 1144 1551 sine
1162 1512 1223 1550 nota

148 1570 192 1620 Or.
229 1575 250 1617 5.
271 1567 346 1618 uerbis
364 1577 457 1632 transp
477 1576 535 1633 post
550 1567 662 1632 plaucE
689 1578 724 1618 est
742 1569 825 1620 orn.P
863 1574 886 1618 6.
905 1587 923 1618 o
939 1587 974 1618 rue
993 1571 1037 1618 Et,
1064 1570 1223 1633 Subscriptio

146 1641 174 1686 in
194 1638 215 1686 E
238 1639 299 1686 bseo
322 1645 372 1685 est:
398 1636 536 1701 Expliciunt
558 1637 659 1700 quinque
682 1637 737 1686 iibri
762 1637 791 1686 dc
808 1637 901 1701 finibus
923 1638 1033 1688 bonorum
1060 1647 1081 1687 et
1108 1638 1222 1687 maiorum

147 1705 231 1755 Marci
246 1705 299 1768 tulp'
317 1704 442 1755 Ciceronis.

233 1861 294 1917 Non
328 1880 409 1934 quam
443 1871 561 1917 nostram.
593 1861 714 1935 quiderm)
748 1861 922 1936 Epicuream
957 1861 1062 1918 saltem
1091 1863 1223 1936 (cecidero)

146 1947 280 2002 acumine
302 1965 321 2001 a
343 1946 542 2021 Peripatetioa
565 1945 641 2002 vinci
666 1946 784 2003 Atticus
806 1956 908 2022 negat,
932 1946 1131 2003 accusativum
1154 1964 1223 2003 con·

146 2032 264 2088 tinuans
287 2030 389 2103 Quinti
413 2031 554 2095 orationi;
583 2030 640 2087 vid.
670 2031 706 2087 ad
737 2032 780 2097 ΙΙ,
805 2032 854 2087 88.
900 2032 1009 2087 Veram
1037 2032 1223 2105 scripturam,

146 2135 234 2190 quarn
249 2115 400 2172 Manutius
423 2116 512 2172 tacite
534 2115 672 2185 restituit,
695 2116 849 2172 confirmat
866 2116 953 2173 etiam
973 2116 1050 2191 Spir.
1065 2114 1130 2193 [B].
1166 2115 1224 2174 Co·

148 2200 362 2257 dicesDavisii
386 2209 415 2257 et
438 2201 528 2257 ceteri
545 2199 613 2258 Gaii
637 2220 792 2275 numquam,
816 2211 848 2258 ut
870 2201 1014 2257 editiones
1036 2202 1222 2258 anteManu·

148 2285 235 2352 tiurn;
254 2284 332 2342 Oxx.
346 2285 419 2342 nihil
432 2295 575 2341 annotare
587 2285 684 2341 miror.
708 2286 776 2342 Bas.
786 2285 900 2344 etGud.
914 2294 1037 2360 uterque
1049 2287 1224 2343 omittebant

146 2371 263 2443 quidem.
308 2371 384 2426 Tum
408 2371 571 2444 Pomponius
593 2373 680 2444 inquit
707 2371 795 2426 etiam
819 2369 899 2428 Gud.
922 2374 954 2435 1,
982 2380 1012 2426 et
1039 2380 1157 2427 secutus
1180 2380 1225 2425 est

147 2453 254 2523 Gaium
279 2455 337 2510 vid.
354 2455 392 2510 ad
410 2454 450 2524 ΙΙ,
467 2456 514 2511 11.
562 2455 634 2511 Post
656 2456 722 2510 mibi
743 2455 888 2511 excidisse
911 2455 1039 2511 arbitror
1054 2458 1121 2529 suit,
1145 2455 1223 2529 quod

147 2540 250 2596 abesse
273 2539 303 2595 in
326 2539 381 2595 hac
403 2539 551 2607 oratione,
581 2538 632 2595 ilio
660 2539 833 2613 praesertim
857 2549 1005 2613 ternpore,
1034 2559 1091 2596 non
1115 2550 1221 2614 potest.

147 2624 320 2694 (Lambinus
336 2627 394 2697 suit
416 2625 501 2695 midi.)
546 2620 647 2704 [Nunc
670 2642 735 2680 curn
760 2624 879 2681 Baitero
902 2620 1027 2702 addidi]

233 2710 306 2765 dicto
324 2719 386 2764 sunt
402 2728 420 2764 α
437 2719 470 2776 te,
488 2727 534 2765 nec
550 2716 640 2764 minus
656 2706 728 2786 eet.)
745 2709 781 2764 Id
798 2717 843 2765 est
861 2709 897 2781 (si
916 2727 987 2765 vere
1004 2718 1049 2766 est
1066 2708 1224 2783 scriptura)

147 2803 172 2848 et
194 2795 267 2849 dicta
289 2813 340 2848 nou
362 2796 449 2849 minus
471 2801 525 2849 cet.
579 2793 657 2849 Huic
679 2792 760 2849 laudi
783 2793 889 2867 planae
911 2803 941 2850 et
963 2793 1136 2869 perspicuae
1159 2811 1224 2849 ora·

150 2877 247 2936 tionis.
270 2896 345 2951 quae
367 2877 448 2935 facit.
473 2887 505 2934 ut
527 2896 574 2934 res
596 2877 806 2953 intellegantur
828 2879 882 2950 (ΙΙ,
909 2880 946 2934 10
966 2888 996 2934 et
1016 2880 1063 2941 15,
1087 2879 1143 2946 ΙΙΙ,
1165 2878 1224 2951 19),

149 2962 275 3030 additur,
298 2963 390 3018 verba
407 2962 471 3037 ipsa
488 2981 546 3018 non
564 2963 675 3020 absona
697 2963 790 3020 fuisse
812 2981 866 3019 nec
889 2981 964 3036 quao
987 2981 1073 3019 aures
1096 2960 1225 3018 offende-

149 3055 223 3104 rent.
270 3046 329 3104 Sed
357 3056 386 3103 et
416 3047 487 3103 mire
515 3046 575 3103 iilis
603 3047 729 3121 primurn
758 3066 811 3122 per
838 3066 870 3104 se
899 3048 975 3103 nude
1004 3047 1123 3122 positis:
1153 3049 1226 3103 dicta

147 3142 209 3187 suat
230 3152 248 3187 o
271 3142 296 3187 te
318 3150 370 3206 per
392 3151 439 3189 nec
460 3131 630 3206 adiungitur
646 3130 720 3200 laus,
744 3141 774 3188 et
796 3134 868 3188 dure
890 3132 953 3188 sine
977 3131 1082 3207 copula
1100 3132 1226 3188 adicitur

148 3216 204 3272 boc
225 3218 311 3273 verbis
334 3219 415 3291 aptis.
460 3217 566 3290 Itaque
584 3215 669 3272 malis
686 3216 842 3292 scripturn:
865 3236 883 3272 α
906 3227 930 3273 te
947 3236 994 3273 acc
1008 3252 1044 3259 -
1063 3237 1081 3273 a
1103 3216 1225 3279 Graecis,

149 3311 173 3357 ct
197 3302 284 3357 verbis
311 3305 392 3376 aptis.
437 3301 496 3359 Sed
525 3301 737 3357 dubitationem
766 3311 875 3376 augent
903 3301 986 3358 codd.
1010 3301 1071 3358 Eri.
1095 3311 1125 3358 et
1147 3300 1225 3376 Spir.

148 3382 213 3464 [B].
237 3387 265 3442 in
290 3386 397 3459 quibus
418 3387 505 3442 verbis
527 3385 730 3460 transponitur
751 3394 820 3442 ante
837 3406 928 3460 quom,
952 3386 1029 3461 quod
1048 3405 1225 3460 quemquam

148 3488 217 3527 casu
239 3469 350 3528 factum
373 3489 447 3541 esse,
471 3489 528 3527 non
553 3488 674 3545 prorsus
692 3470 793 3547 negari
811 3481 917 3545 potest,
942 3480 1039 3528 tamen
1062 3471 1113 3545 qui
1136 3471 1226 3528 libra·

147 3555 208 3611 rius
231 3574 249 3612 a
269 3558 350 3630 plone
372 3556 408 3611 ad
430 3556 517 3612 verbis
539 3554 621 3611 nulia
644 3573 748 3612 vocum
772 3555 1122 3631 similitudinedeceptus
1142 3557 1226 3612 aber-

148 3641 267 3701 raverit,
291 3640 396 3696 deinde
418 3641 520 3696 ordine
543 3639 657 3713 reliqua
680 3641 893 3716 perscripserit
919 3660 977 3699 non
1000 3641 1088 3697 facile
1110 3641 1226 3697 intelle·

147 3725 241 3800 gitur3
263 3725 360 3781 minus
382 3733 490 3793 tamen,
514 3725 661 3798 quomodo
684 3743 779 3799 quave
799 3726 835 3782 de
852 3743 940 3782 cansa
958 3725 1031 3782 iilud
1049 3727 1137 3782 uerbis
1153 3733 1227 3800 aptis
1254 3739 1256 3742 ’

149 3829 167 3865 a
188 3809 311 3866 librario
339 3810 406 3866 addi
434 3810 579 3885 potuerit,
609 3809 633 3865 si
663 3828 681 3865 a
708 3808 852 3868 Cicerone
880 3811 1021 3885 scripturn
1050 3829 1109 3867 non
1138 3819 1226 3878 esset,

148 3894 227 3969 quod
250 3894 343 3952 Gaius
365 3895 502 3970 putabam
533 3902 562 3950 et
584 3894 761 3968 relinquitur
783 3893 906 3952 offensio
934 3896 964 3951 in
987 3914 1044 3951 nec.
1088 3896 1138 3952 Ad
1161 3913 1227 3951 sen-

148 3980 269 4036 tentiam
294 3990 322 4035 et
345 3980 487 4036 orationis
509 3979 634 4036 formam
658 3997 716 4035 non
739 3980 867 4036 absurda
885 3980 1033 4039 Schuetzii
1057 3980 1226 4037 coniectura

148 4074 202 4133 est,
226 4064 398 4123 Ciceronem
422 4064 574 4138 scripsisse
597 4066 670 4120 dioto
692 4074 754 4121 sunt
781 4084 800 4120 a
821 4075 846 4121 te
867 4066 954 4121 uerbis
976 4070 1049 4139 aptis
1070 4083 1117 4122 acc
1139 4068 1227 4122 minus

149 4158 220 4218 cet,
254 4150 361 4205 erroris
391 4149 533 4225 originem
568 4166 671 4223 parum
705 4149 808 4224 aperit.
860 4149 1035 4225 Sornpnlum
1065 4149 1227 4207 discedenti

151 4234 263 4303 lectori,
287 4235 339 4290 sed
362 4233 467 4290 levem.

562 4381 818 4398 ‘m
