3030 5086
220 460 284 525 m
612 480 904 526 mmmm

220 647 303 711 Dato
320 646 386 724 hoc,
404 648 541 710 dandum
559 656 607 710 est
623 647 710 711 iilud.
735 648 826 726 Quod
838 647 934 711 vestri
952 666 1012 712 non
1024 647 1106 711 item.
1136 647 1193 711 84.
1211 643 1318 713 „Tria

218 766 335 830 genera
357 748 544 827 bonorum“;
572 748 701 829 proclivi
729 748 826 812 currit
852 749 963 812 oratio.
1007 748 1102 813 Venit
1128 747 1176 811 ad
1200 754 1318 809 extre·

291 956 310 1001 l.
330 950 385 1000 dote
405 951 472 999 ELP
503 951 547 999 erit
561 950 620 1000 illud
633 951 766 1001 LPcROr.
804 956 827 999 2.
841 968 886 1015 pro
904 950 956 1000 dior·
967 951 1073 1000 currit?
1103 948 1227 1014 praebitis
1246 966 1271 997 c.
1291 947 1317 997 C

217 1019 335 1083 procurrit
353 1019 374 1067 L
416 1018 485 1067 Venit
504 1047 534 1055 -
554 1019 630 1068 dicere
649 1018 747 1068 Nonius
766 1035 789 1083 p.
806 1023 850 1067 177

306 1192 354 1248 84.
378 1194 503 1265 proclivi)
528 1192 577 1249 Sic
595 1192 670 1248 Poll.
688 1203 718 1247 ct
734 1190 802 1248 Gzii
820 1209 930 1257 omnes,
948 1190 1027 1265 apud
1045 1191 1121 1247 Dav.
1135 1190 1225 1247 Parr.
1243 1184 1315 1261 1(?)

219 1286 248 1332 ct
271 1276 299 1338 3,
324 1277 432 1343 Menti,
456 1275 513 1333 Ox.
531 1295 556 1350 χ,
580 1294 633 1332 nac
656 1276 736 1333 eliud
759 1277 924 1351 significant
947 1271 1027 1343 Eut.
1051 1276 1080 1330 in
1105 1276 1218 1350 quibus
1242 1282 1315 1330 erat

215 1362 332 1436 providi,
357 1362 386 1417 in
410 1374 435 1434 ψ
455 1363 565 1436 providi
582 1364 618 1417 ol.
634 1364 755 1436 procliui.
792 1363 882 1418 Recte
900 1360 990 1436 igitur
1006 1360 1061 1417 hoc
1078 1379 1133 1435 pro
1149 1363 1313 1435 proclivius

218 1445 408 1502 restituerunt
432 1447 507 1505 Dav.
532 1457 559 1501 ot
583 1445 685 1504 Gzius.
731 1446 845 1518 (Lnrnb.
869 1449 895 1501 in
915 1447 1043 1520 proclivi,
1066 1464 1161 1519 prava
1184 1460 1310 1501 correc-

218 1531 320 1603 tione.)
364 1531 493 1587 Eandem
517 1530 641 1588 sormam
667 1530 775 1587 habent
797 1530 899 1604 optimi
923 1530 1039 1587 codices
1058 1530 1149 1601 (Pan,
1168 1528 1255 1587 Gud.
1282 1530 1311 1595 Ι,

218 1619 296 1687 cett.)
309 1615 397 1671 Tusc.
409 1617 464 1680 lv,
479 1616 528 1680 42,
541 1616 591 1671 ubi
605 1615 738 1671 nonnulli
751 1615 906 1671 ediderunt
913 1617 1039 1689 procliue.
1053 1625 1085 1671 ut
1096 1614 1175 1689 apud
1190 1615 1307 1671 Lucre·

218 1700 344 1769 tinmIL
358 1702 419 1756 455
443 1700 583 1775 scriptum
607 1711 660 1755 est.
706 1698 823 1757 Gellius
840 1701 882 1766 X,
898 1700 938 1756 24
962 1710 989 1756 et
1012 1717 1049 1754 ex
1072 1717 1108 1755 eo
1127 1698 1310 1755 Macrobius

221 1784 339 1842 Saturn.
363 1785 393 1849 Ι,
418 1787 433 1839 4
465 1794 494 1841 ct
518 1787 678 1858 praefiscine
708 1796 738 1841 et
764 1787 919 1859 prueyiscini
946 1793 975 1840 at
995 1786 1109 1858 procliui
1129 1793 1160 1839 et
1181 1784 1311 1858 procliue

218 1869 327 1926 dictum
346 1888 410 1925 esse
429 1878 579 1926 testantur.
615 1870 689 1928 Utro
707 1871 783 1926 enim
804 1870 889 1925 modo
907 1868 1120 1943 scripserimus,
1138 1886 1199 1924 non
1218 1867 1310 1923 abln-

218 1954 296 2011 tivus
320 1954 390 2022 crit,
421 1954 503 2010 cuius
527 1967 632 2010 nutura
653 1955 691 2009 ab
714 1954 769 2010 hoc
793 1973 845 2010 usu
869 1955 1007 2010 abhorret
1030 1953 1128 2024 (aliter
1151 1952 1232 2009 enim
1260 1952 1309 2008 di·

219 2039 294 2095 citur
317 2050 389 2095 recto
411 2042 465 2104 ire,
489 2051 518 2095 ut
544 2040 603 2107 truc,
627 2059 658 2095 eo
681 2039 717 2095 dc
740 2039 805 2094 viae
830 2044 956 2109 tenore).
980 2038 1042 2107 sed,
1065 2037 1144 2111 quod
1168 2038 1263 2094 etiem
1290 2056 1308 2093 e

219 2125 420 2198 comparativo
446 2126 592 2197 procliuius
616 2124 805 2197 perspicitur,
834 2123 1005 2179 adverbium
1030 2122 1159 2185 eiusdem
1184 2121 1308 2179 formae

219 2218 307 2280 atque
323 2211 418 2281 sorde,
442 2209 552 2264 srtbtime
568 2208 658 2281 (quod
676 2218 755 2265 rect-e
774 2209 892 2282 quidam
911 2219 1092 2282 comparant,
1115 2207 1167 2263 sed
1188 2207 1308 2264 frustra

218 2292 287 2348 inde
300 2292 430 2350 efficiunt
440 2295 557 2367 proclive
570 2293 741 2350 Ciceronem
756 2293 930 2367 scripsisse),
949 2293 1004 2348 hoc
1016 2304 1069 2349 est.
1087 2292 1176 2365 quod.
1197 2310 1308 2366 quem·

219 2377 376 2434 admodum
400 2388 534 2448 neutrum
558 2396 651 2452 genus
674 2378 896 2444 adiectivorum,
920 2377 1000 2433 nulla
1021 2377 1140 2451 propriu
1158 2377 1308 2433 terminu·

220 2462 308 2519 tionis
326 2472 396 2518 nota
414 2463 599 2537 insignimur,
622 2463 673 2519 sed
691 2463 786 2519 ierem
804 2473 833 2519 et
850 2480 1034 2518 communem
1053 2462 1167 2518 litterae
1187 2461 1308 2519 vocalis

220 2565 324 2603 sonum
348 2548 557 2622 pronuntiandi
579 2547 675 2622 gratia
696 2547 822 2604 asciscat
840 2547 902 2620 (qui
924 2547 1000 2603 idem
1018 2547 1048 2603 in
1066 2547 1182 2615 oiurnde,
1202 2566 1306 2621 poene.

217 2650 317 2705 prope,
345 2652 439 2706 coepe,
469 2633 573 2688 ceteris
597 2642 654 2689 ost.
684 2651 760 2705 qnue
787 2652 800 2688 c
823 2633 912 2688 breve
934 2632 1070 2703 hebent),
1098 2632 1201 2688 eadem
1232 2650 1306 2706 pro-

220 2717 373 2773 nuntiandi
397 2717 588 2791 ambiguitate
612 2717 641 2772 in
664 2721 675 2772 ι’
696 2718 826 2773 vocalem
845 2727 1053 2775 transeuntem.
1076 2734 1133 2789 qun
1150 2716 1306 2790 antiquio·

220 2819 267 2857 res
290 2802 348 2857 irem
370 2821 423 2875 pro
447 2803 508 2857 iere
531 2802 668 2858 dicebant
690 2812 717 2857 et
742 2802 907 2858 scribebant
931 2801 1067 2874 (Quintil.
1092 2803 1114 2859 l.
1133 2805 1161 2863 4,
1177 2804 1206 2857 8.
1230 2802 1259 2859 Ι.
1274 2802 1304 2867 i,

221 2886 283 2957 22).
322 2887 443 2957 (Eadem
469 2887 563 2942 coctili
587 2886 782 2960 antiquissimi
806 2889 848 2942 din
870 2896 967 2960 qrurrte
988 2896 1017 2942 et
1039 2880 1199 2959 diequinti
1219 2887 1305 2943 dice·

133 3014 136 3019 ,
220 2971 298 3030 bant.
323 2972 430 3027 extrita
453 2972 572 3046 propriu
596 2972 799 3028 declinationis
822 2974 913 3043 notu.)
964 2972 1027 3027 Iam
1047 2981 1114 3027 ntro
1131 2971 1231 3026 littera
1250 2970 1304 3030 Ci-

219 3073 286 3110 cero
310 3055 339 3110 in
363 3057 517 3113 scribendo
541 3076 610 3113 usus
633 3058 680 3121 sit,
704 3075 760 3111 non
781 3056 902 3112 muitum
922 3057 1052 3119 interest,
1076 3066 1232 3129 postquam
1251 3074 1304 3113 reo

219 3139 368 3196 intellecta
390 3150 448 3203 estz
469 3144 583 3214 procliui
604 3151 702 3196 tamen
726 3141 793 3197 libri
816 3141 988 3207 ostendunt,
1012 3151 1040 3197 et
1063 3142 1121 3197 iteri
1142 3145 1304 3216 Augustus

219 3224 306 3280 etiam
331 3234 392 3280 tum
416 3225 564 3281 scribebat
586 3225 721 3298 (Quintil.
744 3226 769 3294 Ι,
795 3227 821 3293 i,
847 3228 910 3295 22),
936 3225 987 3281 sed
1011 3226 1085 3282 idem
1109 3225 1231 3299 antique
1256 3227 1305 3281 die

220 3313 319 3382 quinte.
353 3310 417 3365 Nec
440 3310 544 3366 obstat.
567 3310 645 3382 qnod
668 3311 778 3366 subiirne
800 3328 916 3385 sempor
935 3322 988 3379 est,
1012 3328 1154 3384 nusquam
1174 3310 1303 3378 sublimn

218 3412 284 3449 nam
303 3394 469 3449 huiusmodi
482 3394 590 3450 veteris
609 3395 856 3468 pronuntiationis
874 3395 1016 3469 reliquiae
1033 3395 1115 3451 nulia
1132 3404 1215 3451 certo
1232 3395 1303 3471 iege

218 3478 247 3533 in
276 3478 343 3534 aliis
366 3480 464 3534 verbis
492 3479 550 3534 cito
573 3479 742 3546 abolentur,
773 3480 801 3535 in
831 3480 898 3537 aliis
926 3481 975 3536 diu
1005 3491 1137 3547 manent,
1168 3480 1198 3535 in
1227 3480 1301 3537 aliis

219 3581 349 3637 semper.
380 3564 457 3636 qnod
487 3564 595 3619 fuctum
625 3576 670 3620 est
692 3565 721 3620 in
746 3566 825 3621 trem:
875 3565 980 3638 Neque
1008 3565 1085 3621 enim
1114 3564 1143 3620 id
1173 3564 1213 3621 ab
1243 3565 1304 3623 boc

217 3666 324 3721 genere
342 3648 547 3703 adverbiorum
568 3649 632 3704 ideo
650 3660 812 3724 separatur,
833 3650 911 3722 quod
930 3653 941 3706 i
958 3651 1077 3724 longum
1096 3650 1185 3706 baiiet
1203 3650 1302 3725 (apud

219 3731 357 3789 Ovidium
382 3752 419 3788 ox
444 3733 529 3788 Pont.
543 3734 599 3795 ΙΙΙ,
614 3737 641 3792 4.
656 3735 718 3805 99),
743 3735 793 3790 iila
815 3746 911 3791 autom
936 3734 1022 3791 exilis
1045 3745 1073 3791 et
1096 3736 1223 3791 obscura
1246 3754 1302 3792 vo·

217 3818 298 3879 caiis,
323 3818 358 3873 de
381 3837 439 3890 qun
463 3818 533 3887 nixi,
558 3820 665 3893 corripi
689 3819 795 3875 debere
817 3820 941 3875 videtur.
978 3820 1054 3875 Nam
1078 3820 1165 3876 etiam
1191 3819 1305 3877 iuberi

217 3902 375 3958 Terentius
393 3903 468 3959 Eun.
483 3904 507 3968 Ι,
522 3904 550 3967 2,
564 3904 603 3959 89
623 3905 778 3960 secundam
797 3904 939 3979 syllabam
959 3905 1113 3979 produxit;
1136 3912 1166 3959 et
1183 3903 1301 3978 plures,

216 3986 330 4060 opinor,
355 3988 434 4043 locos
457 3987 614 4062 reperient,
638 3990 687 4061 qni
712 4007 788 4045 nunc
811 3988 953 4044 admoniti
977 3990 1049 4045 hacc
1070 3988 1305 4057 scrutabuntur;

216 4072 393 4145 quicumque
421 4072 497 4128 enim
526 4077 537 4128 i
558 4074 689 4130 vocalem
719 4075 747 4130 in
776 4074 833 4129 fine
856 4074 938 4129 verbi
963 4074 1062 4131 Latini
1084 4074 1171 4148 plane
1194 4073 1302 4149 expri-

217 4158 314 4213 mebat
338 4157 522 4231 (pierumque
545 4171 641 4214 autern
665 4159 693 4214 in
719 4159 764 4214 his
781 4158 934 4215 vocabulis
957 4162 1044 4215 neci
1065 4176 1118 4215 nec
1140 4177 1303 4234 epi-orsus

216 4241 416 4315 audiebatur),
448 4243 614 4299 necessario
643 4243 832 4317 producebat.
878 4244 958 4316 (Non
983 4245 1113 4319 ignotum
1138 4244 1210 4300 mihi
1234 4258 1302 4313 est,

217 4344 274 4398 quo
287 4326 411 4382 artificio
430 4346 523 4401 nuper
536 4328 679 4384 Benarius
697 4329 726 4384 in
747 4328 814 4385 libri
832 4328 868 4384 de
887 4329 967 4384 sonis
979 4329 1094 4386 Latinis
1106 4329 1304 4399 (Roomische

215 4410 388 4479 Lautlehrc)
406 4412 465 4470 vol.
480 4413 494 4470 1
507 4433 535 4487 p.
549 4414 587 4469 37
601 4432 664 4488 sqq.
684 4424 712 4470 et
730 4414 803 4469 haec
820 4413 962 4469 adverbia
979 4425 1016 4481 et,
1040 4413 1119 4487 quod
1136 4413 1233 4470 multo
1253 4424 1306 4472 eat
