3030 5086
217 480 282 544 834
647 499 821 546 uxwrsus
844 499 887 544 vt

217 669 287 726 dere
309 682 432 744 tropaea
453 671 510 726 sibi
533 665 663 727 nondum
685 685 765 738 note,
788 671 840 726 sed
862 672 964 726 urbem
985 671 1114 727 venienti
1137 689 1174 726 eu
1195 682 1301 726 osteu-

218 754 303 823 dere,
334 753 491 814 Creverius
520 755 608 821 vidit3
642 755 742 829 itaque
769 758 861 811 verbe
887 755 1046 811 admodum
1072 755 1145 811 dure
1172 757 1302 810 coniun-

216 839 313 914 gendo
334 852 419 896 sunt:
443 851 481 913 ut,
503 845 664 914 quicumque
684 860 714 896 eo
737 846 851 897 noterit.
875 842 913 912 (ei
936 842 1019 911 urbs)
1040 842 1174 897 utatur.
1220 839 1302 896 Mihi

217 937 249 981 et
269 925 344 980 bueo
365 924 474 981 duritie
497 925 616 982 minime
638 925 764 982 Lirinus
786 942 816 981 et
838 926 890 982 itta
912 926 1070 981 insolentis
1092 927 1206 1001 pridem
1230 943 1302 999 per·

217 1021 366 1077 nuent,
395 1022 427 1065 ut
454 1011 497 1066 sic
520 1010 638 1067 Livium
660 1011 813 1085 scripsisse
836 1026 987 1084 putorem:
1016 1030 1102 1084 quoe,
1131 1015 1304 1084 utquisque

217 1105 299 1152 tm
322 1101 438 1192 quisque
459 1101 530 1151 mori
552 1100 658 1153 cuerit
680 1115 751 1152 mnu
773 1109 828 1151 cet.
862 1093 1006 1172 [Cognito
1027 1110 1131 1170 postea
1152 1095 1217 1152 eod.
1236 1095 1302 1150 Pu·

218 1181 315 1237 teunai
337 1181 499 1278 scripture:
527 1201 580 1254 quo
601 1185 727 1254 quisquae
748 1192 820 1236 terro
842 1186 956 1254 quisquc
978 1186 1063 1239 muri
1092 1181 1188 1238 edidi.
1216 1199 1301 1254 quus.

218 1270 405 1340 qin'sqrae-
429 1270 553 1340 qumque
574 1279 630 1322 cet.
675 1266 785 1323 Saltem
815 1266 1014 1322 testimonium
1043 1244 1137 1322 codex
1159 1261 1302 1342 eripuit]

218 1351 322 1408 Videri
345 1351 433 1407 alicui
456 1352 550 1425 possit
571 1350 649 1425 apud
672 1350 789 1407 Livium
808 1369 968 1424 pronomen
985 1355 1100 1425 quisquc
1116 1370 1170 1426 pro
1188 1369 1302 1424 prono-

218 1436 298 1493 mine
319 1440 479 1509 quocumque
506 1436 635 1510 positum
661 1435 780 1491 defendi
809 1454 863 1491 usn
892 1435 1025 1492 adverbii
1052 1438 1215 1509 quandoque
1243 1454 1302 1509 pro

218 1523 441 1595 quandocumque
468 1520 572 1595 positi,
600 1521 651 1594 qni
678 1521 758 1596 apud
780 1519 953 1578 Ciceronem
981 1521 1110 1577 nondum
1139 1522 1300 1594 reperitur.

220 1607 279 1665 Sed
299 1606 414 1662 tollitur
432 1625 468 1661 es
483 1604 617 1663 defensio
639 1618 669 1662 et
692 1606 786 1662 maius
807 1605 973 1662 contrariae
995 1606 1158 1662 sententiae
1181 1605 1302 1678 pondus

218 1691 346 1752 eooodit,
375 1691 453 1764 quod
481 1690 614 1747 adverbii
642 1691 690 1747 hic
717 1710 788 1747 usus
816 1691 895 1765 epud
923 1691 1052 1764 reliquos
1075 1692 1236 1765 scriptores
1259 1704 1301 1758 et,

218 1795 343 1851 quorum
371 1776 401 1832 in
424 1778 476 1832 tali
500 1794 531 1832 re
554 1776 749 1833 certissimum
773 1789 818 1831 est
840 1776 1055 1833 testimonium,
1086 1776 1164 1850 apud
1192 1782 1302 1850 poetes

218 1861 436 1935 frequentatur.
466 1861 649 1936 pronominis
671 1861 730 1917 duo
757 1860 809 1916 ille
831 1863 968 1934 exempla
990 1874 1067 1916 sunt„
1110 1859 1302 1933 (Quandoque

218 1966 272 2022 pro
294 1948 443 2020 obqwrndo
464 1945 543 2020 opud
566 1944 739 2004 Ciceronem
761 1945 870 2020 legitur
892 1946 929 2001 ed
953 1947 1034 2003 Fam.
1051 1945 1105 2013 VI,
1122 1949 1170 2015 19,
1184 1948 1213 2001 2.
1249 1945 1299 2002 De

219 2030 303 2089 Oret
326 2032 390 2097 III,
414 2033 476 2087 212
504 2033 667 2105 quorrdoque
695 2049 790 2105 neque
818 2043 863 2086 est
891 2033 1113 2104 quandocumque
1145 2050 1242 2104 neque
1275 2040 1301 2087 et

218 2119 344 2191 quando,
377 2117 429 2174 sed
456 2116 569 2173 rariore
596 2118 734 2190 exemplo
762 2116 935 2172 adverbium
963 2135 1083 2191 prorsus
1115 2136 1151 2171 ea
1180 2116 1300 2172 retiona

219 2203 353 2277 ponitur,
387 2220 446 2276 qua
480 2202 575 2277 ipsum
610 2220 771 2276 pronomen
805 2207 919 2275 quisquc
952 2202 982 2257 in
1010 2201 1230 2269 distribuendo,
1266 2210 1300 2257 ut

219 2289 288 2362 quid
308 2289 472 2362 quandoque
494 2288 586 2343 duent
607 2287 646 2342 sit
675 2288 743 2360 quid
769 2306 874 2360 quoquc
902 2297 1023 2361 tempore·
1037 2288 1137 2342 decent.
1182 2285 1299 2342 Eodem

220 2372 307 2430 modo
336 2372 477 2430 Manilius
505 2379 593 2447 poeta
622 2375 744 2428 Astron.
771 2372 818 2437 II,
843 2373 919 2427 745:
953 2372 986 2426 In
1016 2390 1183 2445 quocumque
1215 2375 1302 2442 iqt'tur

219 2460 313 2515 Μαι
334 2459 540 2531 quandoque
562 2459 664 2513 bootae
686 2457 907 2513 Dodccctemorio
922 2459 1042 2529 suerint,
1071 2467 1193 2531 spectare
1220 2457 1300 2512 dece·

221 2543 273 2612 uu
302 2561 362 2616 quo
383 2542 449 2599 loco
473 2542 647 2598 mendumne
670 2553 775 2617 arguet
797 2560 961 2621 quocumque
983 2541 1194 2617 interrogative
1217 2541 1300 2615 posi-

221 2640 295 2698 tum,
318 2628 365 2684 hic
388 2646 446 2685 non
469 2630 603 2701 quaero.)

307 2713 432 2769 Praeter
460 2713 585 2786 primum
615 2723 645 2767 et
672 2710 835 2786 legitimum
864 2729 949 2767 usum
977 2714 1137 2784 quicumque
1164 2710 1300 2767 abletivo

221 2815 291 2855 casu
314 2809 415 2854 notum
439 2808 484 2853 est
507 2815 560 2872 pro
583 2815 631 2864 eo,
663 2795 741 2870 quod
764 2806 809 2851 est
831 2800 933 2869 quiue,
964 2796 1037 2852 dici:
1060 2816 1229 2870 quocumque
1251 2816 1299 2852 ro·

222 2888 300 2956 tione,
323 2885 488 2952 condicione,
511 2901 677 2955 quocumque
699 2882 789 2937 modo.
813 2883 877 2948 loco,
900 2900 1068 2955 quecumque
1090 2883 1123 2937 de
1141 2885 1174 2937 ‘rc
1196 2880 1246 2953 (Q.
1267 2881 1300 2937 F.

222 2968 264 3038 ΙΙ,
289 2969 334 3041 8),
359 2986 527 3041 quocumque
549 2971 575 3023 in
597 2987 645 3022 ora
667 2986 701 3023 nc
718 2977 799 3041 porte
821 2966 871 3035 (N.
896 2966 934 3022 Ι).
958 2966 998 3034 ΙΙ,
1026 2969 1107 3039 164).
1152 2965 1302 3043 [Longius

222 3071 395 3128 progressus
415 3053 517 3110 Livius
541 3053 618 3126 (nem
643 3051 679 3108 de
702 3051 883 3107 nominativo
906 3051 948 3107 sic
971 3052 1068 3125 posito
1091 3051 1161 3107 olim
1185 3052 1215 3107 in
1239 3051 1302 3107 edi-

221 3138 351 3195 tionibus
374 3136 527 3196 Ciceronis
550 3137 644 3212 Epist
667 3137 705 3193 ad
728 3136 810 3192 Fem.
833 3137 864 3193 11
872 3179 878 3199 ,
902 3138 938 3193 19
963 3148 1037 3193 extr.
1060 3136 1134 3193 nihil
1156 3154 1232 3211 opus
1255 3148 1303 3193 eet
1415 3187 1430 3213 ,

221 3223 292 3296 dici)
314 3223 514 3279 accusativum
538 3223 580 3279 sic
603 3223 701 3296 posuit
722 3221 834 3288 XXII,
860 3224 908 3282 58.
933 3224 966 3277 5:
989 3240 1184 3294 quamcumque
1206 3223 1301 3278 condi·

221 3312 321 3366 morum
346 3310 504 3383 paciscendi
528 3316 699 3383 occeperunt,
730 3319 760 3362 et
781 3306 843 3375 ΙΙΙ,
868 3307 922 3375 40,
947 3308 964 3362 7
989 3306 1036 3376 (de
1067 3326 1125 3380 quo
1147 3306 1213 3362 loco
1237 3305 1302 3362 dixi

184 3445 189 3455 .
222 3392 389 3451 Emendatt.
401 3393 485 3450 Livv.
499 3413 527 3468 p.
537 3394 599 3464 88),
619 3391 723 3450 Cicero
741 3401 853 3447 tentum
872 3409 937 3448 cum
950 3392 1183 3466 praepositione:
1202 3411 1301 3465 quom-

221 3498 333 3552 cumquc
354 3482 381 3534 in
402 3488 516 3551 partein,
540 3477 653 3534 adAtt.
667 3476 724 3543 ΠΙ,
739 3477 788 3544 ut,
811 3476 862 3532 ille
885 3476 973 3532 etiem
996 3477 1165 3552 genetivum
1189 3477 1219 3532 in
1241 3477 1301 3552 sig·

221 3563 367 3620 nificende
389 3563 572 3620 dubitatione
595 3563 635 3629 X,
663 3563 710 3630 18,
738 3565 768 3617 1:
791 3582 850 3618 cum
872 3581 903 3617 en
927 3567 953 3618 in
976 3562 1087 3618 Sonuu'o
1109 3566 1302 3635 cuiuscumque

222 3650 307 3706 ductu
329 3652 501 3722 auspicioque
521 3659 689 3720 querentur,
713 3647 769 3702 hoc
791 3659 849 3703 eet:
872 3647 1081 3719 cuiuscumque
1104 3647 1193 3703 ductu
1216 3658 1303 3720 geste

222 3743 305 3801 sunt;
329 3733 381 3790 cfr.
405 3733 441 3789 de
464 3733 595 3789 ablativo
618 3733 760 3801 1,39.5,
783 3733 938 3800 XXXIII,
958 3734 1008 3797 45,
1027 3733 1055 3798 2,
1079 3732 1176 3797 ΧΙΝ,
1197 3732 1248 3801 23,
1266 3733 1301 3802 63

222 3819 399 3876 addiderunt
426 3819 501 3875 alios
524 3837 609 3874 cesus
632 3819 780 3875 insecutae
804 3817 909 3873 aetatis
932 3817 1090 3891 scriptores
1112 3817 1188 3873 reris
1211 3817 1301 3888 locis,

222 3923 318 3978 neque
340 3915 437 3961 temen
467 3916 500 3960 ut
528 3921 666 3977 umquem
695 3921 748 3977 pro
777 3920 824 3970 eo,
855 3902 932 3975 quod
962 3912 1005 3958 est
1033 3906 1193 3975 quicumque
1209 3905 1301 3974 facit,

222 3988 353 4046 dicarent
375 3994 544 4064 quicumque,
568 3991 616 4061 qui
630 3990 712 4060 chit,
736 3987 980 4061 quemadmodum
1004 3987 1179 4061 pravissime
1202 3987 1304 4045 editur

222 4074 301 4148 epud
325 4076 466 4132 Senecam
490 4074 526 4129 de
549 4072 653 4130 Benef.
677 4072 719 4143 ΙΙ,
743 4073 771 4135 2,
798 4076 829 4128 l:
852 4083 876 4128 et
898 4077 1061 4146 nuruumque,
1085 4091 1163 4146 quem
1184 4075 1303 4130 utnicum

223 4162 262 4215 eis
287 4162 463 4233 promerendo
484 4163 628 4232 facturus,
657 4157 708 4214 ubi
731 4157 891 4232 Siesbyeus
914 4158 988 4213 vidit
1010 4158 1196 4214 scribendum
1221 4177 1303 4216 esse:

223 4253 248 4301 ct
269 4262 459 4317 quemcumque
480 4249 604 4313 ornicum,
628 4254 658 4299 et
680 4243 757 4316 epod
777 4243 949 4300 Suetonium
964 4245 1042 4316 Aug.
1056 4244 1111 4299 76:
1134 4263 1305 4318 quocumque

223 4339 384 4403 temporem
406 4332 474 4399 loco,
504 4350 557 4404 quo
579 4329 732 4385 etornucbus
754 4329 948 4396 sicutte-aeut,
978 4328 1027 4383 ubi
1056 4338 1135 4384 recte
1159 4341 1318 4403 excerpta,

224 4431 299 4470 seac.
328 4414 376 4471 XI
409 4416 486 4489 apud
514 4415 655 4473 Rothium
683 4433 711 4489 p.
729 4413 876 4471 XXXIII
910 4413 1050 4470 omittunt
1082 4410 1161 4490 quo]
1213 4413 1305 4488 Quod
