3030 5086
228 441 292 508 562
615 458 661 505 mr
683 457 814 506 remmus
837 458 907 505 nou.

228 646 353 694 causam
364 646 425 693 non
438 627 590 706 obtinens,
604 633 797 708 repugnante
809 634 930 706 natura,
942 625 1039 691 verba
1049 644 1177 691 versare
1189 626 1302 709 coepit·

228 735 259 797 et
280 730 414 812 primum
436 730 529 795 rebus
551 729 598 808 iis,
620 747 698 811 quas
721 747 778 794 nos
801 729 899 794 bonas
918 728 1057 807 dicimus,
1080 728 1241 808 concessit,
1264 733 1304 794 ut

226 831 414 898 haberentur
425 836 527 913 aptae,
546 830 692 915 [habiles]
712 832 800 896 etad
818 839 962 895 naturam
974 832 1233 911 accommodatae,
1250 830 1302 896 fa·
1354 860 1358 869 ·

295 1023 317 1070 2.
337 1017 443 1069 daem
460 1017 548 1069 rcus.
585 1024 609 1067 8.
627 1016 718 1068 babilae
735 1019 788 1068 eine
806 1020 878 1069 uncis
896 1017 938 1069 Or.
976 1026 997 1068 et
1015 1017 1104 1068 cml.

226 1175 355 1248 videtur,
384 1186 417 1234 ut
438 1177 580 1233 Piraeeum
601 1165 652 1231 cdv
675 1171 807 1250 Πειραιᾶ
829 1175 866 1231 ad
889 1177 952 1250 Att.
978 1175 1052 1243 VII,
1077 1176 1110 1247 3,
1137 1172 1205 1252 10];
1234 1183 1298 1232 tum

226 1258 258 1340 [a
280 1262 396 1319 Poenica
418 1258 469 1338 B,]
491 1281 509 1318 a
526 1263 632 1337 poetica
644 1260 727 1335 ὓχψ,
750 1269 819 1316 vett.
842 1261 908 1319 edd.
932 1262 1049 1336 (apoter'a
1066 1260 1100 1329 E,
1123 1269 1231 1335 apateta
1254 1254 1299 1333 ξ),

225 1346 454 1403 emendaverunt
476 1345 663 1405 Camerarius
691 1354 720 1401 et
743 1345 908 1415 Manutius,
939 1365 1062 1421 qnorum
1094 1346 1140 1403 hic
1168 1364 1181 1402 e
1207 1346 1300 1403 Phoe·

225 1435 294 1488 ur'cia
316 1431 447 1507 scripsit,
471 1432 520 1489 ille
543 1432 669 1505 (retento
691 1433 721 1504 a)
743 1431 892 1502 Phoenica,
918 1450 1004 1506 quarn
1029 1450 1127 1489 veram
1150 1448 1214 1488 esse
1237 1430 1298 1489 for·

225 1535 301 1574 mam
325 1517 506 1588 confirmant,
529 1534 604 1591 quac
615 1515 769 1574 Ferrarius
791 1517 827 1573 ad
846 1517 1034 1592 Philipp.XI
1046 1534 1071 1576 c.
1089 1517 1137 1583 13,
1161 1516 1298 1574 Draken-

224 1602 362 1660 borchius
384 1603 422 1660 ad
445 1602 509 1660 Liv.
532 1602 602 1676 cpit.
630 1602 685 1659 101
711 1610 898 1659 annotarunt.
943 1600 1047 1681 [Varr.
1071 1602 1106 1660 R.
1126 1602 1296 1670 rc.11,t,o

224 1685 415 1765 ePloem'ce.]
451 1687 643 1763 Vitiosc'pro
665 1686 772 1744 Flacco
798 1689 834 1744 17
859 1687 969 1745 editur:
992 1708 1038 1762 epo
1060 1697 1138 1745 testes
1159 1708 1177 1744 a
1200 1688 1298 1746 Sicilia

223 1775 305 1844 daem
328 1792 382 1850 pro
395 1774 470 1833 Sest.
484 1773 523 1830 30
541 1772 618 1847 quod
636 1772 796 1829 coenatore
813 1775 925 1848 erpellet
946 1793 964 1830 a
981 1777 1086 1849 patria,
1110 1792 1126 1830 e
1144 1774 1297 1832 codicibus

223 1859 342 1935 optimis
370 1868 399 1916 ct
426 1858 576 1916 Arusiano
603 1865 766 1914 correctum
794 1867 848 1915 est.
892 1859 982 1934 Apud
1010 1859 1127 1917 Livium
1155 1860 1296 1931 XXXII,

225 1944 279 2013 31,
309 1946 326 2001 6
354 1945 469 2019 (litterae
494 1945 632 2001 consulam
664 1963 682 2000 a
709 1941 801 2000 Gallia
833 1974 867 1986 -
897 1945 1008 2018 allatae)
1036 1945 1123 2021 plura
1155 1952 1297 2021 corrupta

223 2038 316 2099 erant,
338 2047 413 2103 qnae
436 2028 500 2086 cod.
523 2027 749 2105 Bambergensis
771 2028 895 2085 sanarit.

307 2134 350 2172 rec
377 2115 459 2172 lonas
486 2112 611 2187 dicimus)
640 2112 691 2173 Sic
718 2112 854 2171 meliores
881 2112 977 2188 (Gaii,
1005 2123 1129 2189 excepto
1158 2113 1238 2173 God.
1264 2115 1295 2185 2,

221 2200 308 2257 etiam
333 2199 424 2271 CCC,
453 2200 513 2271 El,
542 2198 626 2278 [B]),
656 2199 751 2270 Crat,
775 2199 867 2265 vics,
890 2198 998 2269 Gaium
1026 2202 1148 2257 (luamus
1177 2199 1296 2275 praeter

221 2286 295 2343 alios
318 2283 405 2344 Grut.
430 2304 446 2343 e
469 2285 559 2352 Pall,
589 2284 728 2342 Davisius
751 2294 781 2342 et
803 2283 882 2343 Oxx.
914 2285 950 2341 de
978 2285 1129 2343 codicibus
1151 2295 1293 2344 tacentes.

222 2369 295 2445 (cfr.
319 2390 403 2439 mox:
425 2391 476 2428 naa
498 2373 580 2428 audet
601 2372 740 2446 appellem
762 2403 801 2413 -
824 2372 966 2445 concedit)

307 2467 396 2532 aptae,
414 2451 543 2538 [labiles]
558 2467 583 2514 et
593 2458 633 2512 ad
642 2466 768 2513 naturam
779 2456 1005 2530 accommodatae)
1018 2455 1190 2516 Ciceronem
1208 2474 1294 2514 num·

223 2559 309 2616 quam
333 2543 362 2598 in
384 2544 471 2600 trium
495 2553 546 2599 aut
567 2542 694 2618 plurium
718 2541 947 2611 enumeratione,
971 2542 995 2599 si
1018 2543 1120 2599 eodem
1143 2541 1246 2599 ordine
1264 2551 1294 2599 ct

222 2626 287 2703 pari
310 2626 451 2704 dignitate
474 2628 643 2702 procedant,
667 2626 801 2702 copulam
824 2627 853 2683 in
877 2628 1024 2702 prioribus
1047 2627 1185 2684 membris
1202 2626 1292 2684 ornis·

222 2730 282 2769 sam
311 2712 388 2770 inter
415 2713 472 2771 duo
495 2721 627 2770 extrema
649 2712 770 2781 addere,
799 2713 886 2782 satis,
915 2712 1033 2788 opinor,
1062 2712 1233 2769 confirmavi
1261 2713 1291 2769 in

222 2798 331 2873 Opusc.
343 2798 437 2855 Acad.
449 2800 464 2857 1
476 2799 574 2875 p.383
592 2797 802 2874 proximisque.
835 2799 940 2872 ltaque
957 2797 1059 2855 dubito
1077 2797 1112 2853 de
1130 2797 1217 2854 huius
1233 2798 1292 2856 loci

221 2882 366 2959 scriptura
393 2882 438 2962 [et
465 2903 483 2940 a
505 2883 647 2942 Cicerone
675 2883 801 2958 positum
831 2884 986 2958 putabam:
1014 2894 1095 2960 aptae
1122 2893 1147 2941 et
1175 2883 1292 2955 tamem

221 2968 272 3025 sed
300 2969 400 3026 labiles
427 2978 489 3026 tota
516 2968 744 3045 significatione,
773 2985 848 3041 quae
877 2969 913 3024 ad
941 2967 1056 3026 facilem
1085 2969 1291 3027 tractationem

221 3052 363 3127 pertinet,
394 3054 431 3110 ab
459 3054 514 3111 hoc
541 3053 607 3111 loco
634 3053 761 3110 alienum
790 3063 835 3110 est
862 3070 916 3109 nec
938 3072 1060 3127 nsquam
1088 3055 1117 3110 in
1141 3055 1251 3112 hac·re
1273 3072 1293 3112 a

219 3137 361 3197 Cicerone
384 3140 511 3216 ponitur.
555 3140 659 3214 Itaque
683 3139 819 3196 Baiterus
842 3138 969 3196 seclusit.
1006 3138 1065 3197 Sed
1087 3139 1239 3215 ingeniosa
1261 3148 1292 3199 et

219 3224 412 3298 probabiliter
435 3226 470 3284 O.
490 3225 616 3282 Heinius
633 3225 743 3283 Annal.
762 3224 869 3282 Philol.
888 3224 995 3284 XCIII
1007 3244 1034 3300 p.
1048 3225 1109 3281 245
1133 3244 1187 3300 pro
1209 3235 1292 3300 aptae

219 3309 320 3367 habiles
347 3311 533 3368 scribcndum
561 3319 646 3387 putat
672 3309 873 3388 aestimabiles}
920 3311 1042 3368 Praeter
1064 3327 1115 3368 eos
1138 3309 1291 3369 Ciceronis

218 3394 324 3465 libros,
348 3395 378 3453 in
401 3397 507 3472 quibus
529 3398 559 3453 in
583 3396 691 3472 Opusc.
714 3416 743 3472 p.
759 3396 819 3452 334
842 3395 904 3453 dixi
929 3416 972 3453 mc
995 3397 1032 3452 ad
1055 3395 1111 3453 hoc
1133 3414 1226 3472 genus
1248 3395 1291 3453 ita

218 3481 388 3553 attendisse,
412 3482 485 3539 nihil
508 3491 541 3539 ut
562 3500 608 3539 me
631 3480 740 3558 fugisse
763 3494 911 3557 putarem,
934 3491 1037 3557 postea
1059 3482 1088 3538 in
1112 3481 1238 3540 Oratore
1261 3490 1292 3539 et

218 3566 353 3643 Topicis,
383 3567 413 3625 in
436 3567 557 3643 reliquis
580 3565 672 3623 ferme
694 3566 892 3632 orationibus,
921 3566 1005 3624 libris
1028 3567 1064 3624 de
1086 3566 1289 3642 philosophia,

218 3651 352 3728 epistulis
374 3653 412 3710 ad
434 3656 497 3711 Att.
523 3662 553 3710 et
574 3652 612 3726 Q.
632 3651 679 3709 Fr.
703 3651 823 3720 attendi,
847 3663 876 3709 et
898 3653 960 3721 hos,
984 3653 1034 3727 qui
1057 3671 1222 3730 repugnare
1244 3652 1289 3711 vi·

218 3737 364 3807 darentur,
386 3739 467 3796 locos
488 3738 620 3814 repperi:
643 3736 726 3796 Orat.
748 3738 804 3795 36:
826 3741 895 3796 alias
918 3740 1039 3803 barm'da,
1062 3741 1171 3808 inculta,
1194 3739 1289 3796 abdita

217 3832 242 3879 et
262 3841 355 3898 opaca,
378 3835 470 3881 contra
491 3826 559 3881 alios
582 3825 666 3880 nitida
686 3823 876 3896 (eontrarium
900 3833 944 3881 ost
967 3824 1115 3897 horridis),
1139 3827 1210 3881 laeta
1231 3823 1289 3897 (in-

216 3907 324 3982 cultis),
347 3911 503 3966 collustrata
525 3909 650 3984 (opacis)
673 3911 813 3967 delectant.
856 3909 1046 3968 Manifestum
1071 3919 1124 3978 est,
1149 3910 1243 3966 abdita
1265 3920 1291 3968 et

216 4003 296 4050 recta
323 3995 419 4052 omitti
446 3994 477 4052 in
505 3994 605 4051 codice
628 3994 835 4053 Einsiedlensi.
880 3995 1010 4070 Philipp.
1033 3995 1073 4056 X.
1102 3995 1154 4051 13:
1184 3998 1290 4063 virtute,

214 4085 348 4152 pravitate
376 4090 401 4137 et
427 4083 589 4150 renotanda,
624 4089 752 4137 arratum
781 4091 826 4137 est
853 4080 882 4137 in
911 4079 979 4137 edit.
1009 4079 1128 4150 Orellii3
1163 4098 1230 4137 uam
1259 4088 1291 4138 et

217 4163 349 4223 Muretus
366 4174 397 4223 et
413 4166 553 4237 Faernus,
578 4184 651 4240 quos
674 4166 756 4241 sequi
773 4166 847 4237 vult,
867 4170 1008 4241 pravitate,
1032 4170 1191 4224 constantia.
1227 4166 1289 4224 Pro

216 4249 322 4307 Flacco
343 4252 376 4308 8:
399 4254 640 4309 constantissimum
662 4262 816 4323 seruatorem,
840 4255 1013 4310 iustissimum
1032 4262 1185 4326 praetorem
1207 4261 1290 4327 atque

216 4339 426 4394 comptissimum
442 4340 483 4395 rei
492 4338 618 4415 publicae
633 4341 728 4407 ciaem3
745 4339 796 4395 alii
814 4338 929 4396 codices
946 4348 978 4405 et,
995 4337 1046 4394 alii
1063 4357 1095 4394 aa
1107 4339 1188 4411 (ante
1200 4355 1290 4396 voca·

216 4421 301 4495 lem);
323 4431 402 4481 recte
414 4423 546 4482 Faernus
562 4424 736 4500 particulam
757 4424 848 4481 deleri
865 4423 968 4493 voluit,
992 4423 1101 4482 delevit
1119 4423 1291 4482 Lambinus.
