3030 5086
659 482 854 531 rmnrarro.
884 530 887 536 Α
1190 467 1294 534 XLIX

306 650 445 717 Primum
473 651 569 735 igitur
600 653 631 718 in
665 653 843 719 coniectura
874 653 1090 719 necessitatem
1122 661 1229 735 specto
1261 663 1293 721 et

216 758 396 825 evidentem
423 760 528 824 mendi
554 760 861 840 demonstrationem,
894 779 976 840 quae
1004 758 1166 827 conficitur
1188 769 1250 828 ‘aut
1275 782 1294 829 e

217 866 363 930 codicum
384 868 534 932 bonorum
556 869 713 950 scriptrua
733 876 790 933 aut
805 887 843 933 ex
859 867 999 934 oratione
1014 875 1070 934 aut
1085 889 1122 935 ex
1139 870 1295 934 sententia

217 978 279 1038 aut
306 993 345 1039 ex
372 973 482 1040 horum
510 994 676 1055 concursu,
703 995 802 1057 eaque
829 976 932 1040 omnia
958 976 1002 1041 sic
1029 976 1133 1059 exigo,
1160 967 1222 1042 non
1249 982 1294 1056 ut,

218 1081 298 1163 quid
330 1101 387 1163 per
419 1102 454 1149 se
481 1093 597 1149 rectum
625 1084 680 1161 sit,
713 1102 874 1164 quaeram,
908 1084 964 1149 sed
997 1085 1073 1165 quid
1099 1104 1121 1149 a
1148 1084 1296 1150 Cicerone

219 1190 318 1254 etiam
339 1191 441 1256 minus
463 1200 548 1258 recte
569 1198 601 1257 et
621 1191 781 1273 eleganter
801 1190 897 1256 scribi
918 1192 1056 1273 potuerit
1077 1199 1110 1256 et
1129 1193 1206 1274 quid
1223 1211 1293 1258 eum

219 1297 402 1363 testimonia
433 1307 679 1382 argumentoque
710 1299 874 1381 scripsisse
907 1300 1083 1364 ostendant
1133 1301 1237 1381 Atque
1263 1301 1295 1365 in

219 1403 277 1469 illa
298 1413 403 1488 parte,
432 1425 513 1488 quae
539 1408 580 1471 ad
606 1408 778 1472 orationem
805 1407 942 1488 pertinet
962 1407 1048 1487 (nam
1075 1408 1115 1472 de
1137 1406 1295 1473 codicibus

220 1511 341 1577 uictum
363 1516 440 1595 est),
469 1515 601 1580 maxime
622 1523 769 1596 peccatur
795 1533 816 1578 a
836 1513 1015 1597 philologis,
1042 1533 1111 1579 cum
1133 1514 1164 1578 in
1187 1515 1297 1597 regula

220 1619 341 1701 iisque,
373 1639 455 1702 quae
482 1622 521 1686 ab
549 1641 588 1686 ea
615 1620 795 1699 deflectunt,
827 1621 1080 1696 considerandis,
1114 1621 1188 1703 quia
1215 1640 1297 1686 nuno

222 1727 358 1793 latinus
390 1736 421 1795 et
448 1729 588 1794 Graecus
621 1749 724 1795 sermo
754 1729 842 1795 libris
871 1728 1034 1794 conclusus
1061 1729 1201 1794 studiose
1228 1735 1297 1794 arte

222 1836 514 1917 comprehenditur,
537 1855 597 1901 non
620 1838 698 1903 satis
720 1836 939 1915 meminerunt,
961 1855 1043 1918 quae
1064 1836 1105 1901 sit
1125 1836 1297 1901 communis

223 1941 401 2024 linguarum
423 1943 580 2010 hominum
602 1963 662 2009 usu
679 1944 847 2028 vigentium
871 1949 992 2009 natura.
1031 1943 1088 2009 llle
1109 1943 1190 2008 enim
1212 1950 1297 2008 vete-

224 2067 296 2114 rum
319 2069 420 2116 sermo
442 2051 552 2117 iisdem
575 2052 716 2118 omnibus
738 2053 842 2118 causis
860 2052 1042 2116 movebatur
1058 2057 1090 2116 et
1105 2049 1298 2132 flectebatur,

225 2156 339 2238 quibus
362 2165 482 2238 noster,
511 2160 568 2224 sed
594 2179 650 2225 eae
677 2177 790 2224 causae
812 2159 905 2224 aliam
928 2160 1090 2225 materiam
1113 2166 1145 2223 et
1165 2158 1299 2223 lormam

224 2264 269 2328 ab
295 2265 381 2329 initio
409 2266 500 2332 aliter
526 2268 724 2332 constitutam
752 2268 876 2332 diverso
905 2268 1000 2331 modo
1022 2272 1142 2349 regunt
1187 2266 1298 2348 ltaque

226 2378 265 2435 ut
284 2372 357 2436 olim
379 2373 492 2438 multas
513 2375 672 2455 mirasque
693 2375 810 2457 figuras
832 2374 1062 2456 excogitabant,
1085 2392 1217 2454 quarum
1239 2393 1300 2438 usu

225 2479 364 2559 antiquis
396 2499 517 2546 omnem
550 2500 723 2548 sermonem
750 2489 873 2547 vertere
905 2480 1028 2547 licuisse
1054 2481 1220 2562 putabant,
1254 2483 1300 2546 sie

228 2604 311 2651 nunc
332 2596 441 2653 contra
467 2588 583 2670 partim
611 2609 730 2655 omnem
759 2589 983 2671 neglegentiam
1005 2588 1301 2670 ambiguitatemque

227 2712 250 2757 a
271 2695 430 2760 veteribus
456 2697 567 2778 linguis
590 2678 742 2763 exclusam
764 2704 891 2778 putant,
919 2697 1032 2779 partim
1061 2695 1140 2761 mira
1168 2695 1301 2779 scripto·

230 2819 299 2864 rum
326 2802 459 2868 artificia
480 2805 656 2886 excogitant
677 2804 993 2885 significationesque,
1022 2821 1102 2885 quas
1130 2803 1200 2867 illos
1228 2821 1301 2867 con·

229 2909 318 2988 sequi
346 2910 480 2976 voluisse
507 2912 714 2990 arbitrantur,
747 2931 804 2976 nec
830 2912 1051 2990 meminerunt,
1078 2910 1218 3001 singulos
1245 2910 1301 2974 ho·

230 3015 341 3094 mines,
370 3018 422 3097 qui
449 3019 553 3099 lingva
580 3020 682 3101 aliqua
708 3027 853 3093 utantur,
882 3019 927 3083 ita
954 3019 1109 3083 communi
1137 3018 1204 3081 eius
1231 3016 1302 3081 usui

230 3142 351 3204 parere,
375 3133 409 3189 ut
431 3127 489 3208 ipsi
513 3146 608 3191 novas
630 3127 871 3208 significationes
893 3125 1010 3207 fingere
1035 3133 1200 3205 nequeant
1223 3143 1301 3206 quas

230 3249 320 3295 nemo
348 3232 558 3300 intellecturus
586 3236 642 3311 sit,
670 3242 735 3299 tum
764 3253 858 3315 saepe
885 3233 1124 3304 obliviscuntur,
1154 3251 1234 3313 quae
1261 3231 1302 3296 sit

230 3336 400 3404 formarum
428 3344 468 3406 ad
498 3345 635 3423 regulam
665 3344 837 3424 positarum
860 3342 907 3406 vis
935 3348 966 3405 et
992 3359 1088 3405 causa
1110 3342 1159 3420 (ut
1185 3340 1215 3403 in
1238 3338 1301 3417 illo,

229 3447 314 3525 quod
348 3450 388 3512 ad
421 3450 451 3528 I',
475 3451 516 3514 10
536 3470 566 3530 p.
586 3452 627 3516 26
654 3451 765 3533 attigi).
821 3450 882 3530 Qui
913 3450 1084 3529 prudenter
1115 3453 1224 3528 agent,
1257 3445 1301 3510 illi

230 3552 378 3634 primum,
401 3574 469 3620 cnm
492 3565 669 3638 quaeretur,
692 3565 816 3622 rectene
837 3564 868 3621 et
890 3557 1000 3621 Latine
1022 3554 1138 3635 aliquid
1160 3562 1215 3617 aut
1236 3572 1302 3618 om-

230 3660 304 3725 nino
330 3673 386 3727 aut
407 3672 491 3729 certo
515 3674 655 3746 tempore
677 3667 792 3730 dictum
815 3665 870 3742 sit,
899 3664 1029 3728 maxime
1051 3661 1302 3738 considerabunt,

230 3787 292 3849 quo
314 3773 449 3835 transitu
473 3773 636 3853 atquibus
658 3773 747 3854 quasi
769 3772 917 3854 gradibus
945 3790 965 3835 a
992 3778 1140 3834 consueta
1161 3775 1217 3832 aut
1238 3767 1301 3848 sig-

232 3875 405 3942 nificatione
426 3880 590 3944 verborum
617 3889 673 3945 aut
699 3880 843 3944 iunctura
869 3879 910 3942 ad
931 3877 1026 3956 hanc,
1055 3878 1095 3940 de
1122 3895 1185 3958 qua
1206 3893 1302 3956 quae-

233 3993 326 4062 retur,
349 3986 447 4051 veniri
469 3989 614 4068 potuerit,
637 3988 748 4052 deinde
770 3995 882 4064 autem,
904 4005 973 4049 cum
995 3987 1035 4049 de
1056 3983 1181 4048 licentia
1198 3981 1301 4063 negle-

231 4092 397 4174 gentiaque
419 4095 625 4176 dubitabitur,
653 4097 829 4172 attendent,
859 4112 938 4175 quos
965 4093 992 4157 ei
1018 4099 1049 4156 et
1075 4111 1096 4154 a
1123 4109 1183 4171 qua
1211 4094 1303 4169 parte

233 4198 335 4263 aditus
362 4201 498 4282 legitima
525 4203 626 4268 forma
653 4203 774 4267 dederit
805 4219 947 4282 quaeque
976 4216 1088 4264 causae
1117 4197 1302 4277 scriptorem

234 4308 389 4373 suxerint.
434 4312 520 4376 Haeo
546 4331 604 4393 ego
634 4311 772 4375 smdiose
799 4327 990 4391 persequens
1021 4313 1052 4372 et
1074 4305 1184 4386 negavi
1206 4321 1302 4385 quae-

234 4413 304 4478 dam
331 4416 473 4497 ferenda,
501 4420 585 4501 quod
612 4418 766 4501 legitimae
792 4417 912 4482 turmae
940 4434 1009 4481 eam
1036 4412 1303 4495 perturbationem

1080 4537 1097 4573 D
