3030 5086
474 499 517 544 nr
540 499 621 545 unu.
644 499 706 545 nm.
728 500 752 544 11
774 500 847 545 car.
868 502 890 547 r.
910 498 1042 561 ‹ro-er.)
1233 482 1295 545 lib

220 667 329 748 potuit
375 667 529 743 Obsecro,
562 666 676 751 inquit,
704 667 880 748 Torquate,
912 665 989 732 haec
1016 665 1091 731 dicit
1118 667 1294 747 Epicurus?

221 770 311 849 Quod
333 769 408 833 mihi
430 769 555 849 quidem
578 768 664 832 visus
686 778 748 848 est,
771 787 840 833 oum
863 769 971 847 sciret,
993 767 1071 833 velle
1092 775 1197 834 tamen
1219 782 1293 834 con-

219 871 355 936 fitcutem
379 871 488 934 audire
511 872 713 950 Torquatum.
758 873 801 935 At
821 871 873 936 ille
896 890 957 935 non
979 870 1142 952 pertimuit
1158 889 1294 952 saneque

219 972 365 1038 fidenter:
387 972 461 1036 Istis
483 973 608 1052 quidem
630 972 708 1052 ipsis
730 973 845 1052 verbiS,
866 973 980 1054 inquit;
1003 974 1059 1038 sed
1076 973 1152 1054 quid
1170 973 1293 1051 sentiat,

220 1095 280 1139 non
304 1074 424 1140 ridetis.
458 1074 489 1140 Si
506 1074 569 1138 alia
591 1074 694 1152 sentit,
715 1074 851 1155 inquam,
872 1074 935 1139 alia
957 1075 1102 1157 loquitur,
1125 1074 1333 1157 numquamb

219 1177 409 1258 intellegam,
443 1177 517 1258 quid
541 1176 671 1253 sentiat;
705 1177 761 1240 sed
789 1177 882 1257 plane
904 1177 994 1251 dicit,
1028 1178 1111 1258 quod
1133 1176 1291 1259 intellegit

220 1280 317 1360 quue
345 1279 371 1343 si
398 1279 444 1342 ita
471 1278 559 1351 dicit,
593 1296 655 1342 non
683 1296 753 1343 esse
781 1279 1015 1359 reprendeudos
1042 1279 1232 1347 luxuriosos,
1266 1279 1292 1344 si

218 1381 377 1461 sapientes
399 1381 475 1444 sint.
499 1380 575 1444 dicit
595 1380 746 1447 absurde,
769 1380 911 1444 similiter
932 1389 964 1445 et
986 1380 1013 1444 si
1035 1380 1133 1445 dicat.
1158 1399 1219 1444 non
1243 1399 1293 1445 re·

292 1589 310 1634 1,
330 1585 425 1633 obsecro
443 1583 498 1632 teP
526 1583 604 1632 loch
650 1589 672 1631 b.
694 1581 825 1650 [uelim]
869 1590 892 1632 8.
910 1583 1024 1648 pertinuit
1039 1600 1099 1633 eane
1118 1590 1169 1644 (om
1197 1584 1293 1648 ΜΕ

219 1661 241 1700 4.
265 1651 358 1716 quidem
382 1653 456 1716 inquit
478 1651 554 1700 verbis
573 1653 632 1714 (om.
653 1652 762 1716 ipsis)L
815 1658 837 1703 5.
865 1651 928 1702 videt
951 1653 972 1700 E
1025 1656 1049 1700 b.
1077 1653 1141 1715 quod
1162 1652 1294 1718 inteileparn

219 1721 382 1772 LPMCROr.
438 1724 459 1769 7.
477 1737 504 1769 re
522 1720 556 1769 ito
575 1720 655 1786 [ΗΕ
703 1718 874 1787 [rependendas
892 1725 923 1773 ΑῙ
951 1721 1027 1769 etiam
1045 1736 1067 1770 v.
1084 1720 1118 1787 8.]
1168 1720 1296 1788 [luxuriosi

216 1791 336 1855 sapienter
354 1787 401 1855 A']
441 1793 463 1838 8,
483 1806 529 1838 non
547 1805 598 1838 esse
615 1805 677 1854 repr.
696 1789 717 1837 1.

216 1983 247 2038 id
273 1991 312 2037 est
339 1983 416 2036 enim.
460 1979 632 2036 Deteriores
659 1979 742 2037 codd.
771 1980 860 2036 etiam
889 1979 1029 2048 aliorum,
1064 1988 1097 2036 ut
1124 1979 1202 2038 Oxx.
1233 1992 1293 2037 tres

218 2071 295 2138 (nam
320 2060 363 2133 Εξ
384 2083 505 2141 prorsus
528 2065 690 2139 omittunt),
714 2064 783 2123 Gaii
800 2074 868 2127 tres,
891 2073 947 2125 out.
970 2083 1071 2140 prave,
1094 2065 1231 2139 quoniam
1255 2065 1293 2122 ad

217 2153 289 2215 hoc,
323 2151 402 2225 quod
436 2160 592 2224 utrumque
627 2150 761 2225 superius
795 2149 1019 2225 complectitur,
1059 2150 1133 2207 nihil
1165 2150 1294 2226 pertinet

216 2237 369 2294 diiunctio.

302 2332 388 2378 tenere
409 2322 451 2393 se)
474 2319 525 2379 Sic
546 2319 635 2376 tacite
648 2321 724 2377 Dav.
748 2329 778 2376 et
799 2318 939 2378 eGud.l
961 2318 1055 2377 Gaius
1077 2321 1205 2396 (poterat
1222 2338 1292 2377 sane

216 2426 231 2463 e
255 2407 415 2483 pluribus).
444 2423 510 2462 cum
533 2404 595 2461 fere
618 2404 754 2461 ederetur
776 2424 804 2461 se
825 2416 925 2472 tenere,
956 2404 1051 2462 minus
1074 2405 1151 2463 bono
1174 2405 1292 2472 ordine;

217 2512 283 2549 nam
307 2493 394 2549 aliter
417 2490 511 2548 Acad.
535 2490 577 2560 II,
605 2491 641 2547 12
665 2510 711 2547 nec
732 2509 761 2547 se
783 2495 878 2559 tenuit;
901 2486 968 2570 [cir.
991 2508 1046 2565 pro
1069 2486 1248 2570 sesr.117].

304 2579 432 2636 Obsecro.
461 2576 561 2650 inqra't)
590 2575 751 2633 Lambinus
773 2577 803 2645 (e
826 2584 884 2631 vet.
905 2576 983 2648 cod.)
1011 2584 1041 2631 et
1063 2576 1140 2632 Dav.
1168 2594 1206 2632 ex
1235 2595 1292 2632 rrno

216 2663 311 2720 Paris.
334 2664 495 2729 obsecrate,
519 2661 582 2717 sine
605 2679 702 2717 causa.
736 2661 809 2717 Mox
831 2680 883 2734 que
899 2662 979 2736 (post
1000 2663 1077 2733 sone)
1094 2660 1151 2717 duo
1176 2669 1293 2736 praeter

218 2749 277 2805 Erl.
311 2747 394 2804 codd.
425 2747 493 2807 Gzii
521 2744 577 2823 [B]
611 2747 795 2803 omittebant.
849 2747 954 2803 Potest
987 2743 1092 2803 Cicero
1124 2746 1292 2820 scripsisse:

213 2836 352 2909 pertimuit
372 2843 397 2888 et
419 2852 483 2888 carre
506 2834 625 2892 tidenter.

301 2920 351 2975 sed
369 2920 452 2992 pirrus
473 2919 546 2977 dicit,
570 2919 644 2990 qaod
665 2914 803 2991 intellepit)
826 2914 1009 2992 [Debueram
1028 2915 1086 2972 iem
1103 2926 1190 2972 antea
1208 2916 1292 2973 resti·

218 3014 308 3069 tuere,
331 3004 410 3077 quod
428 3004 537 3059 babent
554 3002 656 3076 optimi
675 3000 769 3067 codd,
794 3004 832 3069 A,
856 3000 1021 3058 aGrutero
1040 3001 1097 3056 iam
1116 3001 1292 3077 appellatus,

217 3089 288 3151 Eri,
314 3089 347 3146 B.
371 3089 434 3144 siue
457 3088 546 3143 dubio
569 3087 656 3144 etiam
681 3086 797 3160 reliqui,
822 3087 998 3142 deteriorum
1022 3104 1098 3142 unus
1120 3096 1154 3156 ψ.
1195 3087 1292 3162 Negat

217 3174 330 3237 Cicero,
354 3174 514 3248 Epicurum
537 3172 597 3229 alia
614 3172 732 3237 sentire,
755 3172 814 3229 alia
832 3172 927 3245 loqui3
950 3172 1038 3247 plane
1055 3190 1120 3227 eum
1139 3171 1169 3227 id
1186 3171 1292 3242 dicere,

217 3261 295 3334 quod
318 3260 469 3334 intellegat
492 3268 521 3313 et
544 3258 666 3321 sentiat;
690 3257 789 3330 itaque
806 3257 880 3314 nibil
896 3275 984 3332 agere
996 3257 1191 3329 Torquatum,
1214 3256 1293 3330 quod

217 3346 336 3407 clamet,
361 3344 532 3401 Ciceronem
556 3355 586 3400 et
607 3343 756 3399 Triarium
779 3361 837 3398 non
862 3341 975 3402 ridere.
999 3342 1070 3415 quid
1092 3341 1201 3399 sentiat
1223 3341 1292 3417 Epi·

216 3448 317 3487 curus.
352 3429 435 3502 quasi
464 3428 589 3484 obscura
616 3428 716 3501 aliqua
743 3437 773 3483 et
800 3427 914 3483 occulta
943 3426 1090 3483 sententia
1116 3427 1171 3483 sub
1194 3427 1293 3483 verbis

217 3515 321 3572 lateat:
342 3515 386 3569 Er
403 3524 462 3584 sapt
478 3533 574 3584 pennu.
593 3533 650 3569 roas
667 3533 696 3569 er
712 3514 827 3569 verstrbt
843 3515 900 3568 rrrrd
917 3515 1002 3569 meiat.
1037 3512 1124 3571 Unde
1141 3521 1236 3568 ortum
1255 3512 1294 3568 sit

217 3603 374 3673 intellepam,
397 3598 537 3655 facillime
560 3608 697 3673 apperet;
720 3600 844 3669 intellepr't
866 3616 952 3654 nemo
975 3597 1188 3654 substituturus
1205 3595 1293 3674 erat]

302 3687 422 3740 similiter
444 3695 468 3740 et
490 3688 515 3739 si
536 3682 622 3760 (licut)
645 3685 759 3740 Tuetur
782 3683 856 3739 hene
879 3683 1065 3757 scripturam,
1088 3681 1167 3756 quod
1184 3684 1238 3741 IV.
1253 3682 1290 3739 31

217 3770 339 3826 dicitur:
367 3771 476 3825 similem
500 3770 597 3825 babeat
619 3771 719 3824 vultam
742 3779 766 3824 et
788 3771 813 3823 si
833 3780 888 3824 cet.
933 3767 1071 3826 Ceterum
1094 3767 1292 3824 confitendum

217 3865 275 3917 est,
300 3855 391 3911 multo
415 3854 517 3910 durius
540 3854 596 3909 hoc
619 3872 683 3910 esse
706 3863 736 3909 et
758 3852 873 3928 longius
896 3871 1099 3928 progressum,
1131 3870 1218 3925 quam
1243 3852 1292 3909 ubi

216 3941 245 3996 in
270 3941 393 3996 duorum
418 3939 569 3995 nominum
593 3937 812 4012 comparatione
835 3948 860 3994 et
882 3956 935 4012 pro
957 3957 991 3994 ac
1012 3937 1148 4014 ponitur,
1171 3947 1205 3993 ut
1227 3946 1294 4011 post

216 4045 300 4099 aeqrre
323 4017 393 4095 (vid.
416 4025 453 4080 ad
476 4024 506 4092 I,
532 4026 599 4096 67);
627 4043 694 4080 narn
724 4043 759 4079 ea
786 4023 923 4098 exempla
951 4023 1042 4080 multo
1066 4022 1188 4097 propius
1210 4040 1293 4079 acce·

217 4112 288 4166 dunt
312 4110 348 4165 ad
372 4110 496 4183 primam
521 4108 643 4165 formam
667 4108 872 4182 copulationis.
896 4108 977 4165 velut
999 4126 1043 4177 ea,
1066 4107 1096 4163 in
1119 4107 1226 4181 quibus
1249 4118 1294 4164 est

216 4198 287 4252 alius
315 4205 339 4251 et
361 4195 471 4265 (Hand.
498 4194 527 4250 lI
552 4214 579 4268 p.
600 4195 683 4266 482).
733 4193 897 4263 (Nonnulla
919 4193 1035 4266 quidem
1059 4211 1179 4267 prorsus
1201 4211 1293 4268 prove

217 4280 253 4337 ad
282 4281 354 4337 illud
378 4298 470 4354 genus
493 4279 674 4343 referuntur,
703 4288 735 4333 ut
762 4279 841 4352 apud
865 4278 1012 4334 Handium
1037 4279 1068 4335 11
1090 4297 1119 4353 p.
1138 4279 1197 4334 481
1223 4278 1293 4334 hoc:

221 4368 331 4422 (ladius
359 4368 450 4421 eadem
479 4367 546 4421 horo
576 4366 744 4420 Interamnae
764 4367 860 4436 suerat
887 4374 911 4420 et
934 4364 1049 4431 Romae,
1077 4364 1147 4421 Ter.
1172 4364 1230 4421 Ad.
1255 4365 1292 4432 V,

220 4453 247 4511 8,
272 4452 326 4507 34:
352 4454 457 4525 porr'ter
479 4454 567 4506 arriano
588 4461 613 4506 et
634 4468 744 4523 corpore
765 4453 833 4519 cet.)
878 4449 941 4505 Nec
964 4448 1012 4505 hic
1033 4466 1104 4506 usus
1126 4447 1294 4506 defenditur
