3030 5086
287 481 361 545 XVI
721 489 918 544 prauumue.

256 725 263 734 .
288 677 438 749 quantum
456 687 506 734 res
523 669 669 750 postulat,
688 688 725 734 ue
742 669 781 733 dc
798 685 866 732 mea
883 667 944 746 fide
962 668 1129 746 dubitetur,
1152 687 1221 734 curn
1240 671 1279 734 de
1296 690 1357 734 uuo

288 777 556 857 praestantissimo
579 777 683 841 codice
706 777 846 841 omnibus
869 776 933 841 fere
955 777 1075 857 paginis
1098 795 1198 841 meum
1218 779 1357 842 testimo·

288 883 371 947 nium
394 903 412 948 a
436 883 597 967 Goerenzii
620 885 788 967 discrepet,
819 903 896 949 neve
917 884 1052 964 imperiti
1075 887 1167 949 certis
1189 886 1358 950 auctorita·

287 992 369 1056 tibus
392 992 513 1057 inanem
536 993 669 1072 speciem
691 993 829 1057 codicum
847 992 1129 1058 Goerenzianorum
1152 1003 1310 1074 opponant
1327 1002 1359 1058 et

287 1118 323 1163 ex
352 1100 418 1164 eius
440 1101 597 1164 erroribus
620 1118 717 1164 novos
740 1108 912 1180 procreent.
957 1101 1146 1166 Goerenzius
1174 1101 1267 1182 igitur
1296 1121 1356 1166 non

288 1208 396 1286 solum,
420 1227 498 1289 quas
521 1208 548 1272 ei
565 1208 690 1288 placuit,
713 1208 884 1288 scripturas
903 1228 920 1272 e
937 1208 1095 1273 codicibus
1112 1209 1177 1273 suis
1195 1210 1358 1289 excerpsit,

287 1323 407 1380 ceteras
430 1333 527 1396 saepe
549 1317 683 1397 optimas
706 1324 736 1380 et
759 1316 888 1381 maxime
904 1316 1056 1382 notabiles
1079 1316 1191 1395 omisit,
1213 1325 1268 1381 aut
1284 1318 1356 1382 sub-

287 1424 359 1488 inde
382 1424 483 1488 minus
503 1424 594 1504 plene
615 1432 656 1498 et,
669 1432 822 1503 accurate,
845 1424 918 1504 quid
942 1425 972 1488 in
995 1424 1150 1489 codicibus
1173 1432 1269 1503 esset,
1292 1436 1357 1488 tra-

287 1531 374 1611 didit,
398 1533 455 1597 sed
477 1533 520 1596 ita
541 1532 678 1613 graviter
699 1532 812 1613 ubique
835 1532 959 1610 erravit,
982 1532 1027 1596 ita
1049 1532 1162 1596 multas
1185 1535 1358 1612 scripturas

287 1637 446 1717 confinxit,
474 1641 518 1704 ita
540 1641 666 1704 nomina
687 1641 825 1704 codicum
848 1640 1049 1721 permutavit,
1077 1639 1209 1720 quaein
1232 1640 1358 1720 optimis

288 1755 385 1825 erant,
408 1748 551 1828 pessimis
574 1749 689 1826 tribuit,
711 1766 792 1828 quae
814 1748 844 1812 in
867 1747 1018 1828 pessimis
1041 1747 1175 1826 optimis
1197 1747 1242 1812 ita
1264 1749 1357 1812 etiam

287 1856 318 1919 iu
340 1856 378 1920 iis
400 1856 488 1933 locis,
511 1856 564 1920 ubi
586 1857 625 1920 ab
647 1856 716 1920 aliis
738 1855 914 1919 admonitus
937 1864 1018 1926 crat,
1042 1861 1077 1918 ut
1098 1856 1289 1932 attenderet,
1318 1857 1358 1920 de

288 1962 375 2028 falsis
403 1963 609 2040 asseveravit,
642 1971 677 2027 ut
704 1963 776 2026 nihil
805 1981 951 2043 umquam
979 1962 1043 2026 ulla
1075 1981 1112 2026 ex
1139 1970 1231 2043 parte
1258 1963 1358 2028 simile

287 2071 417 2136 viderim
434 2078 474 2148 et,
496 2071 555 2136 nisi
574 2070 645 2135 mihi
663 2077 774 2150 stupor
790 2069 921 2134 hominis
944 2077 976 2134 et
991 2069 1182 2150 perversitas
1198 2070 1229 2134 in
1247 2073 1357 2135 ceteris

288 2196 412 2259 quoque
434 2179 527 2244 rebus
550 2185 713 2260 perspecta
736 2184 856 2255 essent,
880 2177 929 2241 vix
951 2178 1027 2241 meis
1049 2176 1116 2257 ipse
1139 2178 1235 2242 oculis
1257 2179 1357 2242 credi-

287 2293 376 2350 turus
394 2285 511 2351 fuerim.
546 2288 592 2350 Ac
608 2293 733 2366 poterat
747 2286 807 2351 iam
825 2291 898 2350 ante
916 2304 1029 2365 magna
1050 2305 1087 2349 ex
1105 2293 1195 2364 parte
1212 2286 1357 2366 intellegi,

287 2412 366 2474 qnae
387 2392 465 2458 fides
483 2394 655 2458 Goerenzio
675 2395 848 2471 deberetur,
871 2394 1081 2475 attigeramue
1097 2392 1231 2458 Orellius
1254 2395 1356 2486 suspi-

288 2502 388 2578 cione,
416 2501 501 2583 quod
530 2514 592 2565 tam
621 2521 716 2582 saepe
744 2502 833 2582 quasi
856 2501 961 2566 dedita
984 2520 1079 2580 opera
1101 2494 1181 2565 falsa
1204 2502 1242 2565 de
1264 2502 1357 2566 editis

287 2608 375 2673 libris
393 2618 425 2673 ot
441 2609 571 2674 aliorum
588 2609 744 2674 codicibus
760 2609 908 2673 narravit.
942 2609 971 2671 N
973 2628 1012 2672 ou
1030 2626 1130 2688 pauca
1146 2608 1226 2673 enim
1245 2608 1357 2673 similia

288 2725 361 2781 suut
382 2717 424 2797 ei,
447 2718 530 2797 quod
553 2717 593 2781 ad
616 2717 646 2796 I,
664 2718 704 2781 39
727 2717 892 2794 commisit,
921 2716 971 2780 ubi
994 2735 1061 2780 cum
1084 2715 1225 2781 adhaec
1247 2715 1355 2779 verba:

288 2827 392 2887 statua
407 2829 550 2904 porrecta
572 2845 681 2900 luvana,
711 2844 790 2905 parre
810 2843 922 2887 omaus
942 2823 1086 2905 specificat
1107 2823 1222 2888 Paulus
1245 2824 1357 2888 Manu·

288 2932 349 2995 tius
372 2940 555 2997 annotasset
579 2933 790 3013 repetitionem
813 2932 997 2996 substantivi
1020 2942 1092 3012 post
1113 2949 1283 3013 pronomen
1307 2950 1356 2996 re-

288 3039 415 3104 lativum
438 3060 498 3104 non
522 3039 677 3105 insolitam
700 3058 782 3118 esse,
810 3040 869 3105 sibi
896 3047 999 3104 tamen
1027 3038 1058 3103 in
1087 3045 1219 3104 mentem
1243 3040 1357 3115 venire,

288 3150 427 3214 additum
445 3148 580 3214 fortasse
596 3167 666 3214 esse
683 3168 794 3211 aranas
810 3149 849 3213 ub
865 3148 977 3229 aliquo,
1000 3147 1052 3228 qui
1069 3154 1237 3224 vereretur,
1261 3165 1299 3212 ne
1316 3147 1356 3212 ad

288 3267 424 3322 statuam
446 3257 549 3338 potius
571 3259 727 3338 quemad
751 3275 875 3321 manum
898 3272 1066 3335 pronomen
1085 3274 1164 3336 qaue
1179 3254 1357 3329 referretur,

289 3366 359 3430 binc
376 3366 461 3445 apud
474 3363 679 3429 Goerenzium
696 3365 774 3429 haec
788 3373 861 3428 nata
872 3376 957 3427 sunt:
979 3364 1105 3444 ,Nugas
1122 3371 1225 3427 autem
1243 3368 1357 3426 tractat

288 3474 435 3538 Davisius
452 3475 506 3554 (-
526 3481 559 3537 at
581 3473 607 3537 is
631 3493 669 3537 ue
686 3474 779 3539 verbo
802 3471 925 3552 quidem
947 3470 1029 3534 hunc
1050 3470 1150 3534 locum
1172 3469 1276 3551 attigit
1292 3472 1357 3549 -),

289 3601 356 3646 curu
369 3600 481 3643 ortanus
490 3580 562 3645 ideo
575 3581 686 3646 abesse
698 3580 778 3657 velit,
794 3590 830 3643 ut
843 3597 921 3660 qaae
931 3579 972 3642 ad
983 3581 1119 3641 statuam
1130 3575 1355 3654 referatur“(l!).

290 3690 336 3753 lle
359 3689 523 3753 Cratanrlri
551 3707 674 3769 quoque
696 3686 836 3768 margine
857 3705 951 3766 saepe
972 3686 1110 3767 graviter
1133 3691 1231 3763 errat,
1260 3683 1356 3748 iuter-

289 3799 361 3862 dum
384 3797 544 3877 usquead
573 3814 721 3859 summam
745 3793 953 3871 mirationem,
981 3801 1016 3857 ut
1043 3811 1111 3857 cum
1140 3793 1184 3870 id,
1213 3793 1295 3872 quod
1325 3792 1355 3856 in

289 3925 351 3970 una
385 3904 512 3970 Gruteri
545 3904 680 3968 editione
712 3922 732 3967 a
765 3902 959 3984 typographo
988 3902 1192 3981 depravatum
1225 3909 1285 3978 ost,
1324 3900 1354 3963 in

289 4013 401 4079 ceteris
429 4011 571 4077 omnibus
598 4011 725 4093 legitur,
758 4010 801 4075 ibi
828 4029 885 4090 pro
913 4010 1000 4074 varia
1029 4009 1184 4088 scriptura
1211 4010 1355 4071 annotari

290 4121 398 4186 scribit
409 4122 463 4202 (ad
476 4120 512 4198 V,
524 4121 588 4199 91).
621 4118 669 4182 Dc
686 4119 819 4184 editione
836 4118 932 4182 Marsi
950 4118 1101 4198 quaedam
1119 4114 1259 4195 exempla
1275 4113 1355 4179 infra

289 4248 410 4309 ponam.
455 4228 544 4291 Nunc
571 4245 640 4291 oum
667 4226 800 4291 codicem
824 4226 1046 4306 Erlangeusem
1073 4224 1183 4287 iterum
1212 4223 1355 4288 collatum

290 4338 434 4414 babeam,
467 4343 631 4415 praetcrea
664 4336 703 4399 ad
734 4335 920 4398 deteriorum
949 4333 1086 4397 codicum
1114 4349 1297 4396 consensum
1325 4343 1354 4396 et

290 4444 531 4524 discrepantiam
565 4443 782 4524 perspicienda
814 4441 957 4507 idoneam
984 4440 1145 4506 materiam
1173 4438 1355 4519 collegerim,
1460 4464 1466 4475 ·
