3030 5086
662 461 859 509 nmananro.
1167 442 1302 511 xxm

217 647 315 710 quem
341 630 436 710 paulo
463 637 536 695 ante
557 631 723 711 descripsi,
752 630 868 712 partim
896 631 999 711 (extra
1027 629 1139 694 librum
1161 630 1177 694 1
1200 638 1232 696 et
1252 632 1297 708 11)

216 737 263 800 ad
284 736 364 801 alios
386 737 553 802 deterioris
573 736 710 802 familiae
732 737 869 816 codices;
892 737 998 818 itaque
1020 736 1101 800 hano
1123 754 1204 802 nunc
1224 746 1298 819 post

216 842 394 911 deteriores
415 845 536 926 aliquot
556 845 678 909 codices
699 849 846 909 accurate
867 843 995 909 sedatos
1016 844 1297 909 unamvutilitatem

216 948 325 1029 habet,
346 960 391 1029 ut,
413 952 441 1016 si
463 952 685 1033 quiapropter
708 951 844 1031 Gruteri,
867 950 995 1030 Davisii,
1019 950 1182 1015 Goereuzii
1204 951 1298 1016 silen-

217 1056 299 1121 tium
321 1058 361 1123 de
383 1076 538 1124 consensu
560 1058 754 1124 deteriorum
776 1067 831 1123 aut
851 1057 990 1122 omnium
1013 1057 1152 1122 codicum
1171 1058 1299 1150 dubitet

216 1163 248 1228 is
277 1165 371 1229 etiam
398 1164 571 1231 victorium
604 1171 715 1231 testem
742 1165 869 1243 habeat,
902 1172 936 1229 ut
967 1165 998 1243 Ι,
1021 1167 1063 1229 64
1098 1164 1245 1246 (oopaosei
1273 1169 1300 1228 et

216 1271 373 1353 mevi-¹)

307 1378 425 1444 Paulus
437 1378 596 1444 muudus
613 1380 754 1444 omnibus
771 1378 914 1460 partibus
931 1379 1081 1459 pauciora
1097 1377 1129 1442 in
1147 1378 1196 1442 his
1212 1377 1300 1443 libris

195 1539 198 1544 .
219 1485 349 1550 novavit
370 1504 464 1566 quam
486 1493 623 1566 putatur.
663 1486 747 1550 Nihil
767 1486 848 1550 enim
864 1485 925 1550 nisi
943 1486 1092 1567 expolivit
1110 1485 1184 1550 Aldi
1199 1484 1300 1566 patris

219 1591 399 1657 editionem.
445 1595 548 1674 Atque
574 1612 625 1657 ea.
640 1593 672 1656 in
701 1611 823 1657 summe
844 1610 880 1657 re
903 1592 993 1673 quasi
1016 1599 1232 1674 superstructa
1253 1600 1301 1656 est

218 1698 343 1778 primae
370 1699 518 1765 editionis
540 1698 751 1765 fundamento.
795 1700 905 1780 Itaque
934 1698 1088 1780 plurimae
1116 1699 1299 1780 scripturae,

218 1823 303 1886 quae
325 1813 356 1871 et
378 1806 450 1872 aiibi
473 1813 505 1872 et
525 1807 566 1872 ab
583 1807 699 1872 Oreliio
712 1806 854 1871 Manutio
876 1806 1084 1884 ascribuntur,
1107 1824 1144 1871 ex
1166 1805 1300 1871 editione

217 1913 324 1993 prima
346 1921 487 1980 retentae
508 1921 595 1992 sunt;
617 1932 674 1978 neo
697 1931 773 1978 sane
794 1920 943 1995 poterant
963 1930 982 1976 a
1004 1913 1147 1977 Manutio
1170 1913 1299 1978 oonsilio

199 2018 326 2091 illatae
348 2020 455 2085 videri.
500 2021 563 2086 Sed
584 2022 669 2101 apud
692 2021 807 2086 Aidum
829 2028 994 2102 praeterea
1017 2020 1240 2101 atqueadque
1262 2039 1300 2085 ex

219 2134 313 2206 parte
335 2129 420 2208 apud
437 2145 500 2206 eos,
522 2128 576 2209 qui
592 2128 673 2192 inter
692 2129 825 2209 primam
842 2126 1007 2192 editionem
1024 2134 1057 2191 et
1074 2127 1186 2191 didam
1203 2127 1299 2193 inter·

157 2238 163 2246 ¹
219 2232 292 2296 iecti
307 2243 389 2312 sunt,
406 2253 538 2314 quorum
556 2253 612 2316 ego
631 2235 783 2300 editiones
798 2253 862 2300 non
877 2242 1093 2316 perscrutatus
1106 2253 1183 2313 suni,
1203 2235 1301 2299 multa

219 2339 284 2404 alia
304 2342 419 2422 partim
441 2359 525 2420 casu,
547 2343 663 2423 partim
685 2342 872 2420 coniectura,
897 2341 1051 2422 quaedam
1069 2340 1163 2406 mam
1180 2330 1302 2406 e'eodi·⁴

221 2447 310 2511 cibus
340 2447 496 2513 inferioris
518 2448 652 2513 familiae
673 2457 793 2514 mutate
816 2457 896 2513 sunt
941 2449 1053 2530 itaque
1080 2450 1130 2529 (ut
1158 2448 1297 2529 exempla

221 2573 260 2619 ex
281 2573 381 2635 parva
402 2561 494 2636 parte
515 2556 586 2621 libri
610 2556 704 2636 primi
727 2575 788 2620 non
810 2555 932 2621 curiose
954 2556 1110 2638 colligam)
1134 2555 1206 2620 Aidi
1229 2558 1299 2635 (aut

222 2662 395 2742 superioris
416 2662 573 2744 aienius),
603 2681 665 2727 uon
689 2663 778 2727 Pauli
806 2664 883 2729 haee
909 2670 997 2741 sunt,
1025 2664 1075 2727 oui
1104 2662 1297 2727 tribuuntur:

222 2767 367 2834 doolum
394 2769 492 2848 mbae,
528 2773 565 2833 11
594 2790 710 2853 numae
742 2788 800 2851 pro
827 2790 962 2846 sumerem
998 2769 1037 2834 16
1063 2757 1126 2832 Indo
1145 2768 1206 2833 nisi
1225 2768 1300 2832 miei

223 2876 333 2956 (uinta
355 2895 431 2941 vera
453 2877 624 2958 scriptura,
653 2896 734 2958 quae
761 2884 830 2942 eret
851 2877 945 2941 etiam
972 2876 1004 2940 in
1032 2877 1141 2959 paucis
1162 2877 1297 2941 deterio-

224 2982 308 3047 ribus
336 2983 439 3061 libris,
469 3002 538 3047 cum
566 2985 695 3065 prava),
731 2985 768 3048 17
796 2985 831 3046 in
858 3003 918 3064 quo
944 3003 1010 3062 noo,
1044 2985 1084 3048 21
1113 2987 1230 3047 semeias
1256 2987 1299 3047 esi

224 3089 344 3171 aliaque
367 3092 472 3155 muita
516 3079 785 3173 (Supplementum
808 3092 939 3156 lacumee
960 3092 991 3154 in
1011 3091 1034 3169 1,
1047 3091 1089 3154 22
1110 3109 1172 3154 non
1195 3097 1244 3154 est
1265 3091 1297 3155 in

224 3197 295 3262 Aldi
310 3198 475 3279 exemplo.)
509 3197 587 3262 Sunt
609 3199 702 3280 pauci
718 3199 843 3279 quidam
862 3198 930 3276 loci,
952 3199 1005 3278 qui
1023 3197 1161 3262 melioris
1183 3198 1297 3262 codicis

223 3304 348 3370 adhibiti
371 3305 579 3386 suspicionem
607 3305 710 3370 faeere
733 3306 906 3370 videantur.
952 3305 1067 3370 Verum
1092 3306 1199 3370 eadem
1222 3323 1295 3370 con-

223 3412 339 3476 iectura
366 3412 433 3477 iere
460 3414 491 3477 in
519 3413 626 3493 parvis
648 3419 680 3477 et
702 3412 874 3477 manifestis
902 3411 996 3477 rebus
1018 3432 1123 3477 verum
1152 3412 1296 3490 restituit,

224 3538 302 3600 quae
323 3521 348 3595 L
367 3522 408 3584 10
428 3520 503 3584 satis
524 3530 597 3585 ante
619 3520 728 3582 eairora‘
750 3528 782 3585 et
804 3521 843 3598 V,
859 3520 901 3585 38
922 3539 985 3582 aon
1007 3526 1079 3584 aute
1099 3518 1194 3582 modio
1215 3538 1297 3583 secus

224 3627 341 3692 addidit
368 3637 479 3692 contra
507 3647 614 3692 omnes
643 3627 779 3707 codices,
809 3628 966 3711 [quaeque
987 3627 1041 3705 IV,
1063 3627 1104 3691 59
1132 3627 1227 3707 opteri
1247 3626 1294 3691 in-

250 3887 272 3951 Ι)
290 3887 418 3938 Victorius
437 3889 515 3948 1113
532 3890 609 3939 habet
629 3902 704 3939 voces
722 3889 746 3937 ai
759 3890 887 3951 puderet
906 3888 939 3940 75
957 3903 1012 3937 oum
1032 3888 1120 3946 dicitis,
1141 3902 1188 3937 nec
1207 3893 1293 3938 tameo

290 3987 331 4024 eoa
352 3978 377 4023 iu
398 3978 514 4036 margine
533 3975 653 4024 editionis
674 3977 846 4023 Asceusienae
865 3977 1010 4031 annotarit;
1035 3987 1078 4022 eas
1102 3978 1185 4036 potuit
1203 3979 1247 4021 aut
1265 3987 1294 4022 ex

290 4060 333 4107 iiio
352 4059 441 4108 codiee
459 4065 548 4122 postea
571 4063 596 4114 in
621 4059 733 4107 editione
752 4059 865 4120 paranda
883 4059 1035 4121 diligentius
1054 4061 1171 4120 inspecto
1191 4071 1294 4109 sumere

290 4144 325 4205 (et
343 4148 405 4192 surii
422 4147 448 4193 in
469 4144 517 4217 Εξ)
536 4149 579 4192 aut
598 4157 612 4193 e
631 4143 767 4192 Cratandri
787 4143 907 4192 editione.
949 4143 976 4192 ln
996 4143 1216 4205 castigationibus
1236 4143 1294 4190 Vio-

290 4231 371 4277 torlua
395 4228 460 4277 duos
485 4231 593 4277 omnino
616 4228 709 4277 horum
734 4226 860 4276 librorum
884 4228 954 4277 iocos
978 4230 1091 4289 attingit,
1121 4227 1159 4284 lv,
1182 4226 1225 4284 10,
1249 4228 1293 4275 ubi

290 4312 344 4362 aldi
372 4313 598 4375 interpolationem
622 4312 761 4375 improbat,
790 4317 815 4361 at
843 4311 869 4371 V,
889 4311 934 4370 70,
963 4313 1007 4361 ubi
1035 4312 1151 4362 defendis
1174 4313 1293 4361 sodidum

291 4400 437 4447 testimonio
455 4397 581 4454 dimensio,
600 4404 624 4447 et
642 4402 739 4456 tameo,
759 4410 810 4459 quo
828 4400 963 4461 pertineat,
982 4402 1105 4459 negatae
1124 4400 1199 4447 seire.
