3030 5086
658 448 854 496 5551155515.
1160 428 1296 520 xxm

215 619 322 684 torius
351 619 426 684 nihil
451 616 616 682 annotavit
641 617 682 682 ad
710 616 897 697 scripturam
918 615 1078 698 uulgarem
1106 634 1238 696 pravam
1266 621 1297 679 et

216 725 441 810 interpolatam
469 726 499 803 1,
522 724 578 802 26,
606 725 662 803 39,
689 725 746 802 46,
773 725 830 802 41,
852 724 909 801 50,
942 724 987 800 Π,
1010 723 1067 800 26,
1088 724 1144 801 30,
1167 723 1223 799 61,
1246 723 1296 788 ot.

218 833 344 898 Deinde
386 832 436 897 hic
474 833 592 909 codex,
635 837 857 913 praeterquam
900 830 984 911 quod
1027 829 1298 912 neglegentissime

218 942 360 1021 scriptus
391 947 441 1005 est
471 945 504 1005 et
533 938 701 1004 verborum
728 937 947 1003 omissionibus
980 936 1200 1002 incredibiliter
1231 937 1297 1002 loe·

219 1049 317 1112 datus
338 1049 388 1128 (ut
404 1047 428 1125 Ι,
440 1047 482 1112 55
499 1047 654 1111 omittitur
674 1050 703 1109 et
723 1043 878 1113 1551111555,
901 1050 968 1108 155
989 1042 1163 1124 5515511555,
1186 1044 1298 1110 deinde

219 1153 377 1235 5555515),
413 1153 603 1235 singularem
635 1160 668 1219 et
698 1153 859 1235 propriam
892 1150 988 1216 habet
1019 1151 1298 1232 interpolationem,

221 1280 317 1343 quam
339 1261 497 1325 Victorius
524 1260 556 1325 in
586 1278 644 1325 sua
671 1260 807 1324 editione
833 1276 895 1323 non
924 1259 969 1323 ita
995 1277 1068 1322 raro
1095 1265 1220 1323 secutus
1242 1266 1298 1322 est

221 1368 305 1450 Nam
326 1367 398 1433 hinc
420 1375 495 1433 nata
516 1374 590 1432 sunt
611 1367 672 1445 illa,
695 1385 825 1448 quorum
848 1366 951 1431 adhuc
973 1365 1043 1431 fons
1065 1366 1226 1446 ignoratus
1242 1371 1300 1442 551,

222 1458 1299 1556 1‚6mnnesrespr0taeres,1ttequonooaeqeeneceum-

223 1603 323 1662 mum,
353 1585 486 1648 31555
513 1602 534 1644 5
554 1579 743 1662 philosophis
769 1586 871 1645 tomen
890 1580 1035 1662 51155555
1062 1581 1112 1662 (ex
1139 1578 1299 1660 5555551.

223 1706 284 1772 pro
307 1688 441 1771 compl),
471 1691 547 1767 alia,
575 1706 707 1771 quorum
735 1707 793 1771 ego
820 1689 971 1770 pleraque
997 1689 1029 1753 in
1057 1689 1140 1753 notis
1167 1706 1301 1753 comme-

224 1798 380 1863 moranda
410 1815 472 1862 non
506 1796 637 1877 putavi,
675 1797 725 1861 hic
763 1795 878 1861 fontem
918 1796 1056 1861 indicare
1092 1814 1154 1860 non
1194 1794 1301 1860 inutile

225 1904 327 1968 visum
350 1909 407 1968 est

312 2012 420 2092 Longa
442 2011 559 2076 diversi
580 2029 600 2074 a
621 2010 802 2075 Victoriano
830 2016 904 2075 sunt
929 2011 960 2076 in
985 2010 1094 2075 eodem
1116 2028 1229 2088 genere
1250 2028 1302 2074 co·

225 2118 313 2182 dices
333 2118 426 2200 plane
442 2117 564 2199 gemelli
581 2117 608 2181 E
625 2123 658 2183 et
673 2116 689 2188 ξ
706 2118 907 2182 Oxonienses.
941 2117 982 2182 Hi
999 2117 1092 2182 etiam
1109 2117 1303 2181 constantius

226 2225 404 2306 vulgarium
432 2225 573 2320 codicem
605 2227 720 2290 menda
753 2231 784 2288 et
815 2224 1085 2305 interpolationem
1119 2229 1303 2306 receperunt

225 2332 329 2411 (velut
350 2333 443 2398 etiam
465 2333 674 2415 1305163),
697 2339 733 2397 51
752 2333 935 2414 plerumque
956 2334 988 2397 in
1010 2332 1187 2397 huiusmodi
1205 2332 1303 2412 scrip·

228 2439 311 2503 turis
333 2457 440 2503 omnes
457 2439 650 2504 oxonienses
671 2439 850 2504 nominandi
872 2438 995 2504 fuerint.
1036 2439 1115 2503 Tum
1132 2445 1235 2504 autem
1253 2439 1304 2503 vix

229 2546 376 2611 credibile
398 2552 459 2625 est,
488 2553 565 2626 quot
585 2544 660 2610 locis
687 2546 804 2611 hiduo
832 2547 953 2611 codices
982 2565 1001 2611 a
1028 2546 1140 2611 ceteris
1162 2545 1305 2610 omnibus

231 2653 428 2717 discedentes
450 2652 548 2718 verba
570 2653 707 2718 habeant
728 2661 783 2718 aut
805 2653 925 2719 mendis
948 2654 1123 2735 depravata
1140 2661 1195 2717 aut
1212 2640 1305 2719 levis·

230 2759 319 2824 simis
336 2760 522 2826 coniecturis
534 2766 664 2839 mutata
683 2779 778 2841 saepe
794 2761 920 2842 quidem
936 2761 989 2839 ita,
1005 2762 1056 2825 vix
1072 2768 1106 2825 ut
1122 2759 1187 2825 ulla
1202 2779 1306 2838 cansa,

230 2884 312 2946 quae
340 2868 381 2930 ad
409 2870 592 2933 mutandum
618 2868 790 2948 impulerit,
818 2868 987 2951 excogitari
1013 2872 1108 2949 queat
1134 2871 1203 2945 551,
1231 2868 1306 2948 quid

231 2979 390 3037 corrector
402 2975 599 3054 spectaverit
615 2974 794 3056 intellegi.¹)
823 2974 885 3039 Sed
902 2983 1005 3039 tamen
1023 2975 1105 3039 inter
1121 2974 1178 3038 lias
1196 2976 1306 3039 sordes

221 3079 416 3160 aliquotiens
434 3082 546 3146 emicat
561 3101 637 3147 vera
653 3066 812 3163 scriptura
835 3100 872 3146 ex
891 3083 1017 3146 meliore
1035 3081 1155 3164 origine
1173 3090 1306 3159 servata,

201 3185 284 3250 'ubi
311 3187 403 3251 551551
434 3187 606 3253 deteriores
638 3190 783 3253 mendum
817 3196 849 3253 et
880 3188 1149 3269 interpolationem
1184 3188 1307 3266 habent

233 3293 315 3357 velut
337 3294 368 3357 in
391 3294 470 3358 libro
488 3296 528 3373 Π,
543 3297 582 3359 12
600 3297 676 3375 (555
698 3296 844 3360 videntur
865 3294 996 3360 habere:
1019 3295 1070 3358 cod
1089 3295 1306 3376 1515515115),

236 3401 274 3464 18
296 3399 399 3463 docere
419 3400 492 3479 5511,
514 3404 734 3483 roremque,
757 3404 797 3467 38
819 3401 892 3480 5115,
915 3404 957 3467 59
980 3403 1233 3484 (interpolatione
1254 3422 1306 3468 ca-

234 3510 331 3586 rent),
361 3509 397 3572 61
424 3507 476 3570 adi
496 3513 544 3587 51,
568 3508 907 3590 125111555515115,
931 3511 972 3574 13
993 3510 1019 3573 51
1034 3510 1152 3589 pudor,
1176 3511 1217 3574 15
1239 3529 1308 3572 arra

266 3792 284 3846 'r
302 3791 356 3839 le.
376 3791 425 3846 1,2
444 3805 473 3841 55
493 3790 570 3854 libro)
588 3793 626 3865 Εξ
644 3793 672 3840 in
690 3806 718 3840 eo
736 3792 800 3840 libro
832 3798 856 3842 51
875 3793 1020 3842 collaudata
1038 3794 1087 3850 est)
1107 3800 1140 3842 ert
1158 3801 1233 3856 alque
1253 3793 1306 3843 coll.

303 3889 333 3925 eo
353 3877 468 3933 mellorel
488 3877 628 3925 comeliorr'
645 3876 697 3925 1555
727 3876 982 3939 3.(151511551151151.
1010 3878 1154 3929 55511515.
1190 3879 1305 3929 Ltclnlua

304 3987 333 3995 -
353 3961 516 4023 scriptorem)
535 3975 585 4011 om.
639 3963 729 4012 rudem
752 3965 834 4023 enlm)
852 3964 940 4009 rudem
996 3965 1112 4020 omnino)
1131 3963 1234 4010 omnino
1252 3976 1307 4009 eom

302 4045 325 4095 6.
342 4050 459 4094 55515515
476 4047 614 4103 ludicluml
630 4060 720 4094 551555
738 4047 862 4095 iudicium
891 4046 999 4107 multos)
1014 4053 1036 4094 et
1050 4046 1139 4094 metior
1167 4045 1190 4096 ’1.
1205 4045 1306 4110 poetae)

303 4143 353 4178 om.
391 4130 457 4189 llert)
476 4138 535 4179 5515
550 4131 608 4193 fieri
634 4134 702 4191 tum)
721 4144 772 4180 om.
809 4130 911 4192 115515)
929 4130 1076 4191 5515511555
1103 4130 1306 4191 8555515155.

303 4215 648 4276 Graece-malntattlom.
686 4215 725 4267 10.
746 4218 896 4273 5115151551.
934 4216 972 4267 12.
993 4228 1098 4264 omnem
1117 4214 1309 4278 quaestionem)

304 4313 459 4348 communem
477 4301 654 4362 qaaestionem.
691 4301 801 4349 Tantum
826 4299 1034 4349 memorabilium
1058 4303 1171 4361 excerpsi
1196 4305 1221 4349 51
1243 4313 1308 4362 qnae

304 4398 334 4434 ex
352 4389 460 4447 utroque
479 4385 568 4435 codtce
588 4389 672 4434 notata
691 4393 771 4434 eram.

1088 4483 1102 4522 G
