3030 5086
216 451 281 517 1224
637 466 810 515 anctus
831 465 876 511 n.

217 641 445 700 constitueretur
471 656 501 697 ct
529 640 637 697 bonum
665 658 685 695 a
705 637 924 696 conmodorum
946 637 1104 711 adeptione
1126 637 1298 694 seimus·

217 727 391 785 continuet.
434 724 604 785 &mesdeo
629 738 660 781 et
687 724 745 781 hoc
770 723 901 799 neglegit
927 737 957 778 et
985 736 1138 797 praem
1165 722 1299 780 rirtetee

218 811 387 870 duneline
415 807 1297 884 condolendietroluptetieexoogiminiiequeeli·

217 896 931 972 quemheatemritampoaereposeepmat
975 893 1297 969 hautmarum

217 978 1299 1053 m‚dmmtenmtoniaementin.qmunrteiateoen·

218 1067 303 1124 tene
326 1066 394 1123 sint.
415 1064 570 1125 deleomre
591 1064 732 1122 amisse.

303 1152 458 1210 Postremo
483 1149 653 1211 comedes
678 1149 825 1225 δίεμαι.
854 1163 971 1223 praeter
997 1149 1052 1205 has
1078 1149 1228 1224 simptieu
1255 1149 1300 1204 de

219 1238 508 1295 mmmabooorun
541 1236 702 1293 oenteutias
733 1233 1297 1308 iuncteeetdnplieestresiuisse,

219 1340 306 1380 uttam
328 1322 572 1381 Academicorum
591 1320 922 1396 Peripateticorumque.
944 1320 1068 1376 alterurn
1085 1318 1297 1394 Calliphontis,

218 1406 504 1475 tertiemDiodori,
535 1405 829 1482 neereroplmes.
862 1405 1298 1480 sirerumneturepeuitns

217 1493 429 1570 perspicietur,
450 1491 678 1568 eeeepotoiese
724 1491 896 1551 Ettsmen
918 1491 1300 1566 sirmereetsuperior

218 1577 341 1647 dirieio,
373 1596 411 1635 ex
443 1585 584 1652 quattuor
615 1576 797 1652 simplicilm
828 1575 907 1634 effici
939 1594 1026 1652 posse
1058 1576 1204 1633 debebam
1237 1593 1295 1632 sex

219 1663 352 1732 iunctm
378 1680 474 1739 neque
493 1675 635 1739 apparet,
663 1680 729 1719 cur.
759 1663 784 1719 si
811 1662 896 1719 initio
922 1676 1002 1719 reete
1025 1662 1162 1737 rotupm
1188 1678 1217 1718 et
1240 1680 1297 1717 re·

218 1749 315 1807 mites
335 1748 447 1807 doloris
456 1762 622 1846 separatae
643 1748 702 1804 sint
724 1747 802 1804 inter
822 1766 855 1805 se
877 1762 905 1804 ct
922 1766 941 1803 a
957 1746 1062 1823 primis
1078 1762 1210 1805 naturae
1233 1764 1297 1803 uon

218 1846 298 1892 recte
327 1833 465 1910 wniungi
497 1833 611 1909 possint
643 1845 695 1889 eut
722 1833 860 1908 voluptas
886 1847 915 1890 et
944 1832 1077 1890 raeuim
1103 1832 1215 1891 doloris
1241 1842 1297 1888 aut

220 1918 359 1977 utralibet
380 1919 483 1977 herum
505 1930 536 1976 et
558 1918 654 1994 prims
675 1931 806 1975 neturee.

303 2007 406 2080 Atque
428 2003 500 2061 haee
522 2003 572 2077 qui
596 2003 722 2080 pertitus
743 2017 821 2061 eret.
850 2002 927 2060 idem
950 2003 1056 2060 deinde
1077 2021 1210 2079 pugnare
1232 2021 1294 2060 nou

219 2088 348 2158 destitit,
377 2089 409 2147 in
435 2089 516 2146 omni
543 2089 599 2146 hac
620 2089 793 2165 quaestione
820 2089 857 2145 de
879 2089 965 2145 bonis
987 2103 1016 2146 et
1039 2089 1125 2146 melis
1146 2107 1205 2145 oon
1228 2105 1296 2144 esse

219 2193 316 2232 rerum
340 2174 448 2234 Stoicis
468 2173 766 2250 cumPeripeteticis
787 2174 1019 2232 commertium
1041 2174 1111 2243 (111.
1135 2177 1197 2245 ill
1219 2191 1296 2247 quo·

218 2278 284 2318 rum
305 2259 392 2317 elteri
413 2259 576 2336 simplicem
598 2259 790 2324 senteutiam,
817 2259 903 2316 elteri
931 2259 1060 2316 iunctam
1088 2272 1117 2316 et
1145 2258 1294 2334 duplicem

219 2344 376 2402 habehant.
398 2344 504 2414 idest,
527 2355 618 2402 totam
642 2344 722 2402 illum
744 2344 932 2420 punitionem
955 2358 1087 2402 evertere
1104 2359 1133 2400 et
1150 2344 1190 2410 id,
1212 2342 1296 2418 qnod

221 2430 251 2487 in
274 2429 326 2487 ills
348 2430 481 2487 veritatis
502 2429 614 2504 aliquid
636 2429 821 2498 continebat,
849 2429 963 2487 tollere.
1006 2430 1171 2488 Antiochus
1192 2442 1296 2486 eutem

222 2527 251 2572 et
278 2514 453 2573 divisionem
481 2526 510 2572 et
536 2515 613 2573 heoc
639 2515 676 2572 de
698 2515 904 2591 Peripateticis
930 2528 959 2573 et
982 2515 1089 2575 Stoicis
1116 2515 1295 2572 sententiam

223 2599 369 2676 probarit.

308 2685 376 2743 Non
399 2697 443 2742 est
465 2702 573 2761 operae
595 2684 721 2761 pretium
738 2685 886 2760 persequi,
907 2685 1055 2760 quomodo
1070 2686 1158 2743 homo
1174 2685 1297 2762 ingenio

222 2768 260 2827 ed
282 2770 497 2846 philosophiam
527 2789 585 2828 nou
612 2779 713 2846 aptus.
742 2771 853 2829 Varro.
880 2771 910 2827 in
939 2771 1015 2828 libro
1043 2771 1078 2828 da
1106 2770 1296 2846 philosophis

222 2854 313 2932 (apud
335 2859 463 2933 August.
486 2855 523 2913 de
545 2854 609 2915 Cir.
633 2856 691 2913 Dei
712 2856 807 2925 XIX,
835 2860 863 2929 1)
889 2857 928 2912 eh
956 2856 1011 2913 hac
1032 2855 1197 2916 Carneadia
1218 2855 1296 2912 diri·

223 2941 306 2998 aione
328 2939 485 3017 proiectus
508 2959 573 2998 cnm
597 2941 661 2998 eius
682 2952 781 3016 partes
802 2941 869 2999 aliis
891 2941 1118 3017 philosophandi
1140 2941 1297 2999 diversita-

225 3025 303 3084 tibus
327 3025 544 3102 multiplicaret,
566 3026 736 3084 notionibus
758 3027 830 3083 mira
852 3025 1000 3096 confusis,
1022 3046 1163 3084 summam
1186 3026 1297 3084 ducan-

224 3119 319 3168 ternm
342 3111 492 3188 octoginta
512 3121 579 3168 octo
600 3121 761 3182 sectarum,
782 3130 858 3186 quse
880 3112 909 3168 io
933 3112 1119 3188 philosophia
1140 3130 1205 3169 esse
1227 3128 1297 3186 pos·

224 3205 306 3264 sent,
336 3196 501 3273 repperisse
522 3196 579 3254 sibi
602 3196 682 3254 risus
704 3197 758 3255 sit.
785 3197 864 3272 quod
886 3198 1041 3255 artificium
1064 3217 1101 3255 ne
1123 3197 1189 3272 quis
1223 3196 1297 3272 quin

225 3280 317 3357 ipsius
337 3281 478 3339 Varronis
496 3281 535 3340 sit
551 3282 675 3354 dubitet,
697 3282 752 3339 atsi
775 3282 838 3358 ipae
855 3282 937 3340 lusus
954 3283 1073 3359 putidus
1095 3294 1123 3340 et
1146 3282 1298 3358 inaptulns

225 3365 360 3423 dubitare
382 3366 534 3442 prohibet,
563 3367 728 3443 comparari
751 3368 838 3426 selim
861 3368 956 3425 simile
979 3369 1133 3426 artificium
1156 3370 1185 3426 iu
1208 3369 1297 3444 longe

225 3451 285 3508 alio
306 3453 472 3529 genereth
495 3471 530 3509 ao
552 3452 717 3528 expositum
742 3453 771 3509 iu
794 3453 871 3511 libro
893 3454 924 3511 Π
947 3454 983 3509 dc
1004 3455 1038 3511 R.
1055 3456 1091 3513 R.
1115 3456 1139 3514 1.
1156 3455 1202 3520 12,
1225 3450 1297 3532 [nec

226 3536 312 3594 valde
340 3535 512 3596 dissimilem
541 3538 787 3613 computationem
816 3538 851 3597 L.
877 3540 910 3597 L.
937 3540 981 3597 Vl
1005 3560 1033 3615 p.
1052 3543 1088 3598 61
1114 3554 1142 3596 et
1166 3540 1204 3595 62
1230 3538 1298 3612 Bip.

227 3621 273 3680 De
297 3621 441 3680 Varronis
463 3621 568 3680 studiis
596 3623 799 3698 philosophiae
822 3625 959 3699 quoniam
984 3626 1092 3682 mentio
1114 3624 1230 3690 incidit,
1259 3640 1296 3678 ne

227 3707 290 3782 ipae
312 3707 421 3765 erroris
442 3721 470 3765 et
493 3708 644 3785 ignoratae
663 3709 797 3766 veritatis
818 3728 951 3767 arcessar
972 3712 1002 3767 in
1025 3712 1071 3781 iis,
1094 3728 1169 3784 quse
1191 3707 1297 3784 scripsi

227 3792 264 3849 sd
286 3793 324 3862 V,
351 3795 384 3850 ll
411 3803 440 3850 et
463 3793 518 3863 tt,
546 3812 636 3869 cogor
662 3806 764 3851 notare
793 3813 922 3853 errorem
946 3796 982 3855 Ο.
1006 3795 1157 3863 Muellsri,
1186 3795 1235 3869 qni
1264 3793 1295 3850 in

227 3876 409 3953 praelatione
431 3878 568 3936 editionis
589 3878 730 3938 librorum
753 3880 789 3937 dc
812 3881 847 3938 L.
872 3882 904 3939 L.
925 3901 952 3957 p.
972 3882 1041 3938 Vct
1053 3883 1080 3938 V
1084 3881 1107 3949 l,
1130 3881 1295 3937 Varronem

227 3964 264 4020 ab
286 3964 409 4038 antiqua
420 3964 590 4031 Academia,
612 3965 642 4023 in
665 3984 723 4039 qua
745 3966 848 4023 ducam
871 3981 988 4024 secutus
1011 3978 1087 4025 esset
1104 3965 1295 4033 Antiochum,

228 4049 368 4106 transisse
390 4048 427 4106 sd
445 4048 556 4120 Stoem,
579 4068 721 4126 apparere
743 4052 832 4110 tradit
855 4071 892 4108 ex
912 4052 1064 4109 sententiis
1082 4051 1198 4116 Stoicis,
1220 4067 1296 4125 quae

228 4133 257 4190 in
280 4134 342 4192 eins
365 4134 448 4192 libris
470 4135 669 4211 librorumque
691 4135 863 4213 fragmentis
884 4138 1081 4212 reperiantur,
1104 4137 1192 4212 idque
1214 4135 1297 4212 igno·

227 4236 308 4276 rasse
330 4218 501 4278 Ciceronem
529 4221 608 4279 addit
637 4231 666 4277 et
693 4220 762 4278 hinc
784 4222 887 4278 miram
910 4223 1084 4279 sententiam
1108 4223 1143 4279 dc
1166 4234 1297 4296 tempore

227 4302 344 4362 illorum
378 4305 522 4363 Varronis
554 4306 694 4363 librorum
728 4305 889 4364 confirmat.
945 4306 1064 4367 Oblitus
1097 4318 1158 4366 orat
1191 4307 1299 4384 igitur,

228 4389 408 4448 Antiochum
431 4391 526 4466 ipsum
549 4409 654 4449 nomen
679 4391 856 4450 Academiae
884 4412 955 4470 prae
977 4412 1008 4452 sc
1032 4395 1148 4461 tulisse,
1178 4410 1300 4475 reapse,
