3030 5086
272 479 335 543 598
660 498 705 543 oa
728 496 858 543 aramus
881 498 953 543 aon.

271 665 379 729 tinere.
422 665 503 743 Quid
527 665 607 729 enim
630 674 679 728 est
695 675 759 728 tam
776 682 956 746 repugnans
973 683 1066 744 quam
1084 664 1216 728 eundem
1232 663 1354 741 dicere,

271 767 355 847 quod
377 765 540 830 honestum
564 767 619 843 sit,
641 767 741 830 solum
762 767 796 830 id
817 766 931 830 bonum
955 784 1039 842 ease,
1067 765 1120 846 qui
1143 766 1226 830 dicat
1246 784 1354 846 appe·

271 868 410 931 titionem
428 887 532 933 rerum
551 869 592 932 ad
603 867 769 932 vivendum
781 869 1121 932 accommodataruma
1139 876 1253 931 natura
1272 885 1354 947 pro-

272 969 405 1033 lectam?
449 970 498 1033 lta
527 988 595 1033 cum
618 989 655 1033 ea
676 968 784 1032 volunt
806 969 953 1047 retinere,
981 960 1063 1048 quae
1091 970 1244 1049 superiori
1274 986 1354 1034 aen·

232 1072 387 1137 btentiae
410 1070 610 1147 conveniunt,
634 1071 663 1133 in
689 1071 865 1135 Aristonem
888 1071 1040 1148 incidunt;
1069 1089 1138 1133 cum
1160 1071 1193 1135 id
1215 1070 1355 1152 firgiunt,

272 1192 306 1238 re
328 1173 438 1237 eadem
460 1171 639 1251 defendunt,
662 1190 742 1252 quae
759 1172 965 1252 Peripatetici,
988 1170 1086 1235 verba
1102 1178 1208 1236 tenent
1229 1171 1355 1236 mordi-

271 1292 335 1338 cus.
382 1277 470 1354 Quae
493 1292 602 1337 rursus
625 1275 698 1337 dum
721 1274 780 1338 sibi
803 1274 890 1339 evelli
913 1292 950 1338 ex
974 1273 1083 1336 ordine
1105 1273 1223 1351 nolunt,
1244 1272 1355 1337 horri-

343 1481 362 1528 l.
382 1476 492 1540 quidest
509 1476 569 1526 anim
588 1477 655 1528 LCR
672 1487 707 1527 art
725 1493 773 1528 om.
789 1478 833 1527 Or.
869 1482 892 1525 ³.
912 1476 1089 1526 occonrmodara
1108 1479 1165 1535 (pro
1182 1474 1354 1525 acommoda·

271 1544 359 1611 raram)
378 1547 402 1594 E
437 1563 453 1593 a
472 1561 520 1597 om.
541 1546 633 1596 EPcu
686 1553 707 1597 4.
727 1546 818 1595 annal.
870 1550 894 1594 6.
912 1544 1029 1594 mordaces
1047 1560 1096 1596 om.
1116 1545 1138 1592 Ε
1157 1544 1244 1594 relicto
1263 1544 1355 1608 spatio

270 1628 352 1663 vacuo
389 1617 409 1663 t.
429 1613 509 1663 volunt
526 1614 570 1662 ΕΡ

272 1799 433 1881 persequi]
467 1804 531 1859 Hoc
555 1803 618 1859 loco
636 1822 682 1859 res
702 1803 794 1878 magis
817 1813 981 1877 appareret.
1005 1802 1029 1859 si
1047 1800 1152 1860 Cicero
1175 1800 1353 1859 affirmatio·

272 1908 337 1945 nem
367 1891 486 1958 (interest
508 1890 624 1962 oliprn'd)
652 1890 689 1944 ab
718 1889 829 1944 ironica
858 1888 1012 1963 negatione
1042 1887 1227 1944 distraxisset
1254 1887 1353 1965 scrip·

271 1974 430 2046 sisaetque:
464 1985 488 2029 et
515 1978 597 2047 quaa·
624 1994 674 2029 non
702 1978 771 2029 inter
797 1993 840 2029 res
869 1993 974 2047 quoqne
1000 1977 1075 2047 rpsoa
1103 1974 1209 2047 aliquid
1234 1976 1352 2029 intersit.

271 2059 394 2116 Licebat
416 2059 503 2115 enim.

358 2144 407 2199 78.
435 2142 508 2211 an'd
534 2147 601 2198 enirn
624 2153 663 2198 est
684 2153 739 2198 tom
763 2142 930 2218 repugnans)
952 2139 1109 2221 [Restitui,
1137 2142 1215 2216 quod
1238 2141 1309 2198 inde
1333 2159 1353 2198 a

271 2229 407 2286 Manutio
420 2229 507 2285 tacite
520 2229 629 2284 editum
644 2228 753 2283 habent
766 2228 825 2284 Erl.
839 2238 867 2283 et
881 2228 914 2284 B.
949 2227 1123 2302 Superiores
1134 2226 1196 2283 fere
1214 2237 1253 2283 eet
1269 2231 1351 2283 errira.

272 2313 365 2373 Gaius
389 2309 445 2381 Εξ,
475 2312 555 2370 Gud.
582 2315 614 2381 2,
643 2315 724 2370 Mon.
749 2322 883 2369 auctores
907 2313 1000 2368 citans
1022 2322 1062 2368 eet
1084 2308 1208 2390 omisit]
1252 2311 1352 2368 Paulo

271 2409 338 2474 post
362 2399 541 2472 praepositio
569 2419 585 2453 α
614 2407 681 2454 ante
709 2408 807 2454 oratoru
836 2397 987 2453 exciderat
1010 2397 1038 2453 in
1063 2397 1163 2453 codice
1187 2396 1353 2473 archetypo

271 2484 378 2557 (tribua
396 2483 559 2557 potioribus
572 2481 649 2541 Gaii.
674 2479 738 2561 [B,]
755 2496 808 2557 χψ,
832 2482 896 2540 edd.
922 2492 989 2538 anta
1002 2483 1095 2554 illan.)
1124 2478 1353 2562 [Accommodara

272 2569 359 2625 etiarn
373 2568 408 2626 B.
446 2569 555 2624 Eodem
576 2568 679 2624 mendo
694 2570 729 2635 V,
744 2568 783 2623 20
802 2571 960 2642 promotore
978 2562 1110 2646 habent]
1145 2568 1178 2623 In
1196 2567 1353 2625 Aristonem

271 2656 387 2710 incidere
404 2652 508 2711 Cicero
533 2653 650 2709 brevius
673 2653 749 2710 dixit
771 2671 824 2727 pro
847 2671 891 2721 eo,
916 2652 993 2726 quod
1012 2656 1026 2721 ξ
1046 2654 1086 2709 40
1107 2652 1213 2726 posuit,
1237 2655 1263 2708 r'n
1283 2653 1352 2710 Aa·

271 2750 363 2795 storea
384 2742 448 2794 vitio
471 2749 495 2794 et
512 2748 634 2812 peceato.
669 2734 775 2816 [Verba
792 2737 923 2813 intellegi
946 2748 1069 2812 apparet
1087 2738 1269 2811 magnificam
1289 2736 1352 2795 for·

272 2824 390 2885 mulam.
415 2841 501 2897 quam
520 2823 612 2881 Stoici
636 2823 672 2878 ab
695 2823 780 2879 initio
804 2837 951 2895 tamquam
976 2841 1082 2878 novam
1100 2818 1307 2902 instituerint]

357 2911 432 2965 evelli
463 2928 496 2964 ea
529 2911 622 2965 ordine
649 2911 753 2981 nolrmt)
782 2927 818 2963 ex
847 2908 949 2963 ordine
978 2907 1165 2981 disciplinae,
1200 2907 1249 2963 ubi
1279 2925 1353 2966 suas

272 2994 405 3067 quaeque
433 3012 480 3049 res
508 2993 655 3068 signantia
682 2993 796 3050 inclusa
823 3002 891 3048 sunt
919 3004 948 3048 at
975 2992 1036 3049 suis
1064 2992 1138 3048 locis
1165 2992 1271 3067 posita.
1320 2992 1354 3050 le

272 3068 369 3136 tamen
394 3079 464 3134 ordo
488 3097 583 3134 rerum
609 3078 701 3153 magis
724 3090 769 3135 eat
791 3078 860 3149 (ΙΙΙ.
880 3079 918 3134 74
943 3086 972 3134 et
994 3078 1048 3135 IV.
1062 3075 1115 3149 53)
1138 3095 1224 3150 quam
1242 3078 1353 3135 verbo·

271 3183 345 3225 rum.
368 3182 386 3219 a
408 3164 515 3236 quibus
527 3163 631 3221 Cicero
654 3163 886 3237 ras-separavit3
909 3163 957 3219 hic
976 3173 1072 3219 autem
1092 3161 1184 3220 Stoici
1204 3162 1351 3220 inducun-

273 3259 320 3305 tur
342 3267 400 3304 non
422 3259 482 3305 tam
505 3248 535 3305 id
559 3259 733 3323 pugnantes,
757 3267 793 3303 ne
816 3248 885 3321 quid
909 3248 1097 3322 perturbetur
1119 3265 1156 3302 ex
1178 3266 1277 3304 rerum
1302 3266 1353 3304 or·

272 3334 350 3399 dine.
373 3353 460 3407 quarn
478 3344 510 3390 ut
529 3333 585 3390 sibi
602 3333 690 3390 liceat
706 3333 808 3389 iisdem
827 3333 924 3400 rebus,
945 3350 1018 3407 quas
1031 3332 1220 3406 Peripatetici
1239 3332 1353 3403 dicant,

272 3419 331 3476 alia
360 3420 480 3475 nomina
507 3419 667 3493 imponere.
717 3417 775 3475 Sed
806 3417 878 3474 haec
906 3427 1045 3475 contexta
1072 3417 1229 3475 verborum
1257 3418 1353 3475 series

272 3504 398 3578 speciem
423 3504 512 3559 habet
539 3522 680 3559 novarum
704 3521 816 3565 rerum,
847 3521 922 3575 quae
950 3501 1037 3558 facile
1065 3503 1207 3573 intereat,
1235 3502 1260 3559 si
1290 3520 1354 3561 uno

272 3589 403 3645 alterove
432 3589 497 3645 loeo
525 3588 634 3645 usitata
662 3588 753 3644 rerba
781 3588 919 3644 substitui
947 3587 1106 3663 patiantur.
1152 3587 1202 3646 Sic
1230 3586 1354 3644 defendi

272 3692 358 3750 posse
377 3674 481 3751 opinor
498 3673 629 3730 codicum
649 3671 751 3753 [etiarn
765 3667 804 3750 B]
822 3673 1007 3746 scripturam.
1037 3673 1126 3743 (Nam
1145 3671 1222 3745 quod
1240 3672 1270 3728 in
1284 3667 1353 3752 [B‚]

273 3759 356 3816 codd.
371 3758 516 3815 Lambini.
529 3758 605 3815 Pall.
619 3759 647 3828 2,
662 3759 690 3823 3.
703 3760 733 3831 t,
745 3758 828 3832 EUtp
841 3768 879 3826 et,
894 3768 923 3812 ut
936 3758 1050 3831 opinor.
1068 3758 1097 3814 in
1111 3758 1175 3816 cod.
1188 3756 1353 3833 archetypo

272 3843 329 3902 fuit
346 3847 444 3911 volant.
468 3853 628 3918 pervagata
646 3862 681 3899 ea
697 3843 830 3899 conlusio
848 3853 901 3910 est,
920 3860 973 3898 nec
990 3844 1066 3899 evelli
1080 3844 1132 3899 eibi
1146 3844 1245 3910 volunt,
1261 3849 1353 3916 prae·

273 3930 373 3986 sertim
392 3939 458 4004 post
475 3938 567 3985 tenent.
592 3947 655 3984 eam
673 3928 946 4002 interpretationem
964 3927 1078 4003 recipit
1102 3945 1188 4001 quam
1202 3925 1354 3985 Gruterus

272 4015 370 4090 fingit:
402 4032 459 4070 non
489 4013 641 4084 omittunt,
672 4013 727 4069 nisi
757 4013 785 4068 vi
814 4013 869 4069 sibi
898 4014 1153 4086 extorqueantur.)
1197 4012 1355 4070 Manutius

272 4111 384 4158 tamen.
415 4099 590 4161 Lambinus.
623 4098 761 4155 Davisius
784 4098 915 4155 scribunt
943 4117 976 4154 ea
1004 4117 1061 4155 oro.
1091 4098 1168 4171 quod
1198 4097 1355 4172 placuerat

273 4185 331 4241 iam
355 4185 467 4241 scribae
490 4185 555 4242 cod.
582 4184 625 4240 El.
650 4187 691 4255 (et
713 4182 839 4240 fortasse
863 4183 919 4240 Ox.
944 4183 977 4243 E.
1001 4202 1037 4239 ex
1061 4201 1120 4256 quo
1143 4182 1179 4238 ad
1208 4201 1253 4239 ore
1275 4181 1355 4239 nihil

273 4272 452 4342 annotatur),
475 4278 508 4325 ut
530 4268 635 4327 Cicero
657 4269 687 4325 in
711 4287 746 4323 ea
768 4268 895 4342 imagine
919 4279 1038 4342 perstet.
1061 4285 1136 4340 quae
1159 4278 1204 4323 est
1226 4267 1256 4323 in
1279 4286 1355 4324 mor·

272 4356 358 4412 dr‘caa.
405 4357 515 4410 Vernm
545 4364 572 4410 et
597 4373 698 4428 parum
723 4353 846 4409 lronaata
874 4372 909 4408 ea
932 4354 1028 4427 imago
1051 4353 1168 4409 videtur
1190 4360 1220 4408 et
1242 4351 1357 4409 subab-

273 4441 370 4502 surda,
394 4439 423 4495 in
442 4457 500 4513 qua
518 4431 614 4495 rerba
625 4438 762 4495 dentibus
781 4449 949 4503 tenesmum
972 4439 1107 4495 mordiens
1119 4438 1177 4494 iam
1189 4436 1357 4495 deflexerat
