3030 5086
321 447 383 513 736
710 465 754 509 oc
777 463 907 511 unrtnus
931 464 1003 512 sau.

320 635 373 701 tiis
388 634 505 701 rosum
520 650 579 714 pro
599 632 664 698 suis
681 639 853 711 uterentur,
871 631 995 699 nemim
1012 639 1171 713 tamquam
1187 652 1294 699 rerum
1305 642 1406 700 notas

393 843 412 889 l.
431 855 507 886 rerum
526 845 608 885 nostru
627 837 648 885 L

320 1012 442 1066 verbum
471 1011 617 1086 posuisse.
652 1011 730 1083 quod
758 1029 845 1085 quam
879 1031 896 1066 a
927 1010 1137 1067 consvetudine
1170 1011 1257 1068 huius
1291 1011 1405 1068 astatis

320 1107 463 1152 remotum
492 1096 596 1157 fuerit.
627 1115 643 1152 e
673 1096 816 1153 Varronis
844 1096 1122 1152 commemoratione
1151 1094 1187 1151 de
1215 1097 1248 1152 L.
1278 1097 1310 1153 L.
1336 1098 1403 1155 V11

320 1202 348 1255 p.
364 1183 403 1238 98
426 1182 557 1255 intellegi
582 1191 694 1255 potest,
719 1182 870 1256 quodque,
894 1181 918 1237 si
942 1181 1086 1238 Varronis
1108 1199 1124 1236 e
1147 1180 1253 1251 satira,
1283 1182 1313 1238 in
1338 1201 1403 1257 quo

319 1286 426 1342 genere
444 1267 491 1322 vel
514 1267 640 1322 maxime
663 1268 818 1323 verborum
842 1267 1046 1339 antiquitatem
1070 1276 1198 1323 sectatus
1220 1278 1273 1334 est,
1296 1268 1400 1325 locum

320 1352 474 1427 exceperis
503 1352 592 1426 (apud
623 1352 699 1408 Non.
729 1372 757 1427 p.
775 1353 842 1424 20),
875 1352 968 1408 solam
1002 1358 1154 1426 poetarum
1188 1353 1400 1427 antiquorum,

321 1438 407 1498 Attii.
432 1437 537 1493 Lucilii
562 1437 765 1512 priorumque,
789 1439 993 1494 auctoritatem
1017 1437 1114 1493 habet.
1159 1438 1260 1512 (Apud
1283 1439 1401 1496 Varro·

269 1515 273 1523 ’
320 1542 386 1579 nem
411 1524 444 1580 R.
469 1524 503 1580 R.
529 1523 569 1589 II,
595 1524 621 1586 9,
647 1525 663 1578 6
689 1523 752 1579 sine
775 1523 836 1579 ulla
858 1522 1075 1598 probabilitatis
1098 1523 1195 1597 specie
1218 1527 1402 1599 transelepere

320 1609 461 1684 fingitur.)
504 1608 581 1665 Nam
605 1609 683 1681 quod
706 1608 833 1677 tradunt,
856 1609 955 1665 Nonio
978 1617 1052 1664 teste
1075 1611 1115 1682 (p.
1137 1609 1198 1682 20),
1222 1608 1399 1667 Ciceronem

320 1694 408 1750 etiam
437 1694 466 1750 in
495 1693 571 1749 libro
594 1694 638 1750 IV
663 1695 697 1749 de
722 1695 755 1750 R.
779 1695 813 1750 P.
836 1694 1004 1769 scripsisset
1032 1713 1083 1749 non
1110 1695 1187 1750 modo
1214 1705 1242 1750 ut
1265 1695 1400 1769 Spartae,

320 1799 416 1854 rapere
437 1779 483 1834 ubi
500 1784 580 1854 pueri
601 1789 625 1835 et
646 1782 747 1854 clepere
768 1781 882 1842 discant.
906 1779 969 1854 ipse
988 1779 1145 1835 verborum
1164 1780 1236 1835 ordo
1254 1781 1399 1855 (Spartae,

320 1884 416 1939 rapere
432 1866 487 1937 chi)
505 1864 642 1932 ostendit,
666 1865 742 1921 idem
760 1865 807 1921 hic
824 1865 924 1921 Nonio
941 1864 1091 1930 accidisse,
1115 1864 1193 1938 quod
1210 1865 1240 1921 in
1258 1866 1399 1940 proximo

320 1950 467 2025 exemplo,
491 1970 506 2005 e
530 1951 577 2007 111
600 1950 636 2006 de
655 1951 693 2011 N.
708 1951 744 2007 D.
764 1951 813 2018 68,
839 1946 878 2029 [si
901 1959 999 2006 tamen
1023 1949 1094 2005 illud
1118 1950 1242 2025 abipso
1266 1952 1399 2026 positum

319 2032 387 2114 est],
411 2035 517 2091 accidit
539 2046 568 2091 et
591 2036 663 2092 alibi
685 2054 904 2110 saepenumero.
929 2045 961 2092 ut
983 2054 1036 2110 pro
1049 2034 1249 2093 Ciceronianis
1273 2037 1401 2094 haberet

322 2122 429 2177 veteris
458 2128 560 2194 poetae
584 2121 674 2176 verba
702 2140 719 2177 a
742 2120 884 2178 Cicerone
907 2121 1011 2195 posita.
1055 2120 1170 2177 Deinde
1193 2122 1244 2177 vix
1273 2121 1399 2178 dubium

320 2219 380 2278 est,
414 2206 484 2280 quin
514 2225 629 2280 semper
652 2206 760 2263 dietum
784 2206 823 2263 sit
845 2209 939 2280 clepet,
974 2225 1031 2262 non
1059 2205 1144 2280 slepi,
1178 2207 1256 2280 quod
1279 2217 1430 2282 praeter.

319 2292 397 2360 illos,
420 2310 493 2366 quos
516 2292 588 2357 dixi,
612 2292 661 2347 alii
685 2310 802 2366 quoque
825 2292 951 2366 probant
967 2291 1035 2347 inde
1053 2310 1071 2347 a
1083 2291 1234 2367 Scaligero
1246 2293 1296 2365 (ad
1308 2294 1401 2351 Varr.

321 2378 356 2433 de
374 2378 409 2433 R.
427 2378 568 2449 a.11,9).
613 2378 761 2452 Analogia
784 2377 910 2456 ppiorem
933 2377 1057 2434 formam
1081 2378 1174 2452 magis
1197 2379 1400 2434 commendari

320 2472 457 2536 apparet.
487 2463 542 2519 etsi
566 2463 756 2537 posteriorem
781 2483 796 2517 e
821 2463 954 2537 proximo
977 2471 1076 2518 tuetur
1097 2464 1185 2532 scelti,
1209 2473 1270 2520 tum
1294 2483 1310 2520 e
1334 2464 1401 2521 lon·

319 2548 430 2622 ginquo
453 2547 525 2612 alia:
554 2549 758 2605 auctoritatem
781 2560 877 2605 autem
902 2549 925 2605 si
949 2547 1133 2622 quaerimus,
1161 2548 1287 2623 primurn
1316 2549 1401 2625 apud

322 2635 484 2689 Varronem
508 2634 544 2689 ds
569 2635 600 2690 l..
625 2635 656 2690 L.
680 2654 708 2708 p.
724 2635 773 2702 98,
797 2634 847 2690 ubi
871 2634 906 2690 de
925 2633 1030 2690 Lucilii
1054 2653 1140 2691 versu
1163 2634 1233 2709 agit,
1257 2635 1304 2691 bis
1327 2654 1401 2693 con·

259 2770 262 2776 .
320 2719 499 2774 stantissime
522 2719 660 2775 scribitur
681 2722 805 2794 clepsere,
828 2738 863 2776 eo
885 2719 1021 2794 graviora
1038 2719 1216 2787 testimonio,
1239 2720 1317 2793 quod
1342 2720 1400 2777 ibi·

321 2805 385 2859 dem
410 2805 455 2860 bis
478 2804 640 2861 infinitivus
661 2807 762 2879 clepere
785 2805 911 2880 ponitur.
944 2805 1061 2861 Deinde
1084 2805 1112 2861 in
1131 2805 1208 2862 Attii
1227 2806 1401 2881 anapaestis

320 2889 398 2964 apud
422 2889 594 2947 Ciceronem
624 2890 654 2945 in
683 2892 771 2947 'l'usc
796 2891 840 2951 ΙΙ,
865 2891 904 2946 23
935 2891 1008 2947 adeo
1036 2902 1205 2948 constanter
1232 2891 1315 2947 codd.
1347 2900 1402 2948 aut

321 2975 416 3049 ipsum
440 2978 564 3050 clepsisse
586 2976 722 3037 retinent.
746 2988 778 3033 ut
801 2976 920 3052 optimi,
943 2986 993 3032 aut
1016 2976 1122 3033 leviter
1143 2977 1273 3052 corrupti
1297 2987 1400 3034 tamen

320 3082 334 3116 s
356 3060 485 3116 litteram
508 3061 618 3117 habent
633 3063 811 3135 (dempsisse),
835 3071 867 3117 ut
889 3061 976 3137 plana
999 3061 1088 3118 muer
1109 3062 1260 3118 libidinem
1283 3081 1401 3129 eorum,

320 3144 370 3219 qui
394 3147 574 3202 substituunt
596 3150 715 3220 elepisse.
760 3146 850 3220 Apud
874 3146 1028 3202 Manilium
1052 3165 1169 3221 quoque
1191 3149 1218 3218 I,
1232 3148 1270 3204 27
1295 3166 1401 3205 omnes

259 3230 262 3236 ’
320 3230 404 3287 codd.
433 3232 540 3288 habere
568 3231 719 3288 dicuntur:
746 3235 883 3306 clepsisset
903 3235 982 3304 furto
1003 3234 1145 3300 mnndum,
1173 3251 1227 3307 pro
1254 3251 1313 3306 quo
1338 3251 1400 3290 non

320 3327 399 3372 recte
428 3317 617 3373 substitutum
641 3326 686 3373 est
707 3321 826 3392 cepisset.
871 3317 927 3374 His
957 3335 1015 3373 non
1045 3318 1117 3375 satis
1145 3327 1209 3375 tuto
1237 3318 1402 3393 opponitur

320 3404 398 3476 clepit
419 3403 514 3476 prima
537 3402 625 3476 longa
644 3422 680 3458 ex
695 3403 817 3460 Pacuvii
830 3403 1010 3460 Hermionae
1028 3421 1115 3459 versu
1132 3403 1300 3477 septenario
1317 3404 1402 3479 apud

322 3487 465 3544 Nonium:
496 3487 648 3543 Sermonem
670 3489 712 3544 liic
734 3499 854 3544 nostrum
876 3508 909 3544 es·
931 3490 1030 3544 occulto
1052 3491 1143 3563 clepit,
1168 3499 1299 3563 quantum
1320 3492 1400 3547 intel·

322 3573 390 3644 ispo,
428 3573 478 3628 ubi
512 3573 673 3629 Mercerius
706 3576 799 3648 clepsit
833 3573 969 3631 malebat.
1021 3574 1092 3631 ‘Non
1128 3583 1195 3631 utor
1227 3575 1401 3633 testimonio

321 3658 429 3714 veteris
452 3658 614 3733 rogationis
636 3659 714 3732 apud
736 3660 852 3716 Livium
876 3659 983 3728 XXII,
1011 3661 1057 3728 10,
1082 3660 1110 3729 5,
1134 3659 1185 3716 ubi
1207 3670 1267 3716 est:
1289 3663 1314 3716 si
1336 3664 1401 3735 qnia

321 3746 427 3817 clepsit.
458 3745 611 3817 quoniam,
640 3744 754 3801 etiamsi
784 3744 946 3819 perfectum
970 3756 1048 3800 esset
1069 3748 1150 3819 slepi,
1184 3744 1278 3801 nihilo
1301 3747 1402 3804 minus

322 3828 452 3885 futurum
470 3830 542 3886 illud
561 3843 644 3887 vetus
662 3833 756 3904 elepso,
774 3833 883 3904 clepsim
899 3842 986 3897 esset,
1003 3840 1036 3886 ut
1053 3850 1142 3904 capso,
1161 3849 1276 3904 recepso,
1294 3832 1400 3905 efferis,

321 3918 441 3988 respacis
464 3926 535 3980 cet..
565 3917 647 3972 curius
674 3915 786 3972 fortnas
815 3916 958 3972 rationem
987 3915 1111 3990 exposui
1138 3916 1168 3971 in
1197 3915 1339 3990 disputat.
1363 3916 1401 3974 de

322 4018 376 4055 usu
404 4009 434 4055 et
456 4010 515 4056 nat.
538 4000 622 4059 form.
645 4002 829 4074 quarundam
853 4001 935 4058 verbi
959 4003 1023 4058 Lat.
1047 4002 1076 4057 in
1100 3999 1210 4076 Opusc.
1235 4001 1331 4061 seed.
1355 4002 1400 4061 11.

322 4085 433 4143 Contra
462 4105 506 4142 me
537 4086 688 4160 proferent
710 4086 771 4145 Cic.
795 4088 830 4144 de
855 4088 943 4162 Legg.
968 4088 1008 4154 11,
1033 4088 1087 4143 22:
1115 4090 1224 4162 cleperit
1245 4090 1410 4163 rapsitqua..

321 4172 432 4227 Verum
456 4172 594 4244 quoniam
617 4172 699 4228 nulla
721 4190 810 4229 causa
831 4173 993 4247 excogitari
1017 4183 1128 4246 potest,
1157 4191 1210 4231 cur
1231 4173 1338 4233 Cicero
1368 4172 1400 4230 in

321 4256 415 4313 altero
438 4258 529 4313 verbo
552 4257 714 4313 recentiore
737 4257 846 4328 forma,
876 4258 905 4314 in
934 4259 1027 4315 altero
1051 4260 1172 4334 antiqua
1195 4263 1310 4334 (repsit,
1339 4277 1400 4316 non
1448 4294 1453 4304 ·

282 4344 288 4359 '
321 4346 453 4415 rapuerat)
484 4343 526 4398 uti
556 4343 694 4409 voluerit,
729 4353 866 4418 apparet,
900 4344 1062 4401 rectissime
1091 4346 1193 4402 Lamb.
1229 4344 1402 4419 scripsisse:

322 4429 415 4501 clepsit
437 4432 564 4503 repsitve.
613 4459 616 4463 ·
