3030 5086
302 455 366 520 734
687 472 733 517 rm
755 472 886 523 armeus
909 472 980 519 aon.

301 649 364 707 tem
386 642 579 718 adamasset,
607 639 687 704 alter
709 640 894 706 vacuitatem
911 640 1048 719 doloriS,
1076 648 1186 706 neuter
1211 641 1385 706 honestate

302 761 410 809 carere
431 743 542 824 potuit
564 761 645 823 quae
667 749 751 806 esta
768 743 883 808 uostris
900 742 1030 806 laudata
1045 743 1186 808 maxime.
1221 744 1272 807 td
1295 742 1384 823 Quin

303 845 396 910 etiam
428 844 488 924 ipsi
516 845 682 925 voluptarii
716 845 906 909 deverticula
938 843 959 926 †
991 851 1147 925 quaerant
1178 851 1212 910 et
1243 830 1383 910 ¹virtutes

303 947 440 1012 habeant
467 947 497 1010 in
527 964 582 1013 ore
609 953 693 1011 totos
719 946 786 1011 dies
809 947 1063 1027 voluptatemque
1092 948 1256 1012 dumtaxat
1276 947 1383 1028 primo

264 1049 407 1130 neapoli
439 1048 558 1128 dicant,
592 1049 704 1114 deinde
736 1049 959 1114 consuetudine
992 1049 1081 1129 quasi
1113 1049 1244 1115 alteram
1270 1067 1381 1131 quan-

304 1151 376 1215 dam
408 1158 554 1215 naturam
589 1150 682 1230 ellici,
716 1169 778 1232 qua
810 1151 935 1231 impulsi
968 1152 1066 1215 multa
1097 1149 1228 1230 faciunt,
1262 1151 1381 1235 pullam

376 1344 396 1390 l.
415 1336 698 1388 MarnautaretLPltOr.
718 1337 891 1388 admonearetc
916 1338 1037 1397 donatote
1051 1337 1131 1388 0th
1166 1341 1189 1387 ³.
1204 1336 1382 1387 diverticulaE

302 1415 418 1469 quaerunt
438 1407 478 1455 Or.
509 1407 573 1464 (sine
597 1407 668 1471 nota)
707 1406 813 1455 uirtutem
837 1407 857 1454 Ι,
915 1414 937 1456 4.
961 1405 1045 1454 labent
1068 1405 1104 1454 Or
1149 1405 1225 1469 primo
1252 1405 1383 1454 dumtaxat

303 1474 458 1536 (LlPCllOr.
496 1478 517 1523 5.
537 1474 617 1523 dt'aunt
636 1476 678 1525 Or.
712 1474 898 1524 consuetudinem
916 1475 937 1522 P
955 1472 1076 1537 wantiam
1094 1489 1145 1524 om.
1164 1474 1253 1525 lil’cu
1287 1472 1382 1523 nullam

288 1571 333 1586 .-
354 1551 445 1591 restant
464 1543 560 1592 Nonius
580 1559 596 1606 p
615 1547 663 1591 tte

302 1709 478 1763 statuantur,
502 1699 631 1776 intellegi
656 1709 753 1775 potest
775 1718 812 1756 ex
827 1700 861 1757 'II
873 1700 908 1756 de
921 1699 1004 1758 Orat.
1019 1700 1067 1768 85,
1092 1700 1174 1756 Brut.
1190 1699 1259 1767 165,
1281 1696 1381 1754 Acad.

302 1787 326 1852 l,
349 1785 385 1841 19
405 1795 434 1840 et
453 1786 502 1849 36,
526 1784 561 1840 de
579 1786 616 1841 N.
634 1786 671 1842 D.
689 1785 730 1854 ΙΙ,
750 1786 804 1854 32ς
828 1786 922 1861 primo
946 1795 974 1841 et
997 1785 1089 1841 altero
1109 1784 1173 1841 loco
1192 1783 1381 1853 Schuetzius‚

302 1880 407 1945 quarto
419 1870 582 1934 Ernestius,
601 1871 704 1944 quinto
716 1871 870 1927 Ernestius
882 1882 911 1926 st
922 1869 1167 1946 Wyttenbachius
1179 1867 1282 1926 offensi
1299 1878 1382 1925 sunt

388 1958 437 2012 74.
455 1955 615 2023 Quinetiam
631 1989 665 1999 —
681 1966 865 2031 quaerant-
878 1957 992 2012 labeant
1006 1988 1044 1998 -
1057 1954 1162 2028 dicant)
1175 1957 1256 2012 Haec
1269 1953 1381 2010 vitiosa

207 2107 210 2116 Ι
302 2060 375 2110 esse,
400 2041 483 2097 multi
506 2053 669 2099 senserunt.
706 2042 782 2098 Nam
806 2042 883 2115 quod
903 2040 995 2100 Gaius
1018 2041 1115 2114 fingit:
1139 2045 1205 2114 quin
1226 2046 1384 2115 quaerant!

302 2145 381 2183 esse:
404 2147 509 2183 tuarum
531 2129 622 2184 sollten
645 2131 684 2184 aia
705 2128 776 2184 nicht
795 2127 1008 2196 auctoralem,
1032 2145 1127 2200 neque
1146 2128 1220 2200 quin,
1243 2124 1381 2200 exceptis

301 2212 528 2285 antiquissimis,
559 2213 769 2289 interrogative
798 2213 854 2269 nisi
877 2212 906 2267 in
936 2212 1119 2268 exhortando
1142 2230 1207 2268 cum
1230 2211 1328 2286 prima
1351 2220 1384 2266 et

301 2297 429 2355 secunda
447 2316 572 2372 persona
589 2298 740 2355 indicativi
759 2298 876 2366 dicitur,
899 2299 949 2368 (ex
972 2316 1030 2370 qua
1052 2298 1080 2353 in
1104 2297 1236 2354 oratione
1256 2295 1383 2369 obliqua

301 2383 389 2439 tertia
401 2382 579 2439 coniunctivi
593 2383 646 2456 fit),
661 2396 698 2450 et,
718 2384 742 2439 si
759 2383 899 2459 scriptum
913 2394 990 2439 esset
1007 2385 1111 2456 quidni,
1130 2401 1165 2439 ea
1182 2381 1277 2439 ironia
1294 2381 1381 2455 inep-

300 2468 414 2525 tissima
437 2479 522 2530 esset,
546 2469 682 2542 quoniam
707 2488 764 2525 non
788 2469 858 2543 quid
881 2468 1038 2542 voluptarii
1064 2487 1153 2543 prave
1176 2467 1301 2533 faciant,
1327 2467 1382 2523 sed

300 2554 369 2626 quid
394 2553 422 2610 hi
446 2571 562 2627 quoque
586 2566 664 2610 recte
687 2554 784 2611 facero
806 2565 963 2629 cogantur,
992 2553 1170 2622 ostenditur;
1200 2563 1229 2609 et
1257 2551 1382 2607 omnino

300 2639 329 2694 in
354 2638 398 2693 his
422 2639 534 2695 verbis:
557 2642 621 2712 qtu'a
644 2647 724 2696 etiam
746 2643 798 2714 ipsi
820 2642 967 2714 voluptarii
985 2638 1156 2696 manifestus
1173 2649 1218 2694 est
1234 2637 1382 2694 orationis

300 2741 439 2780 ascensus
473 2724 502 2793 in
531 2725 737 2781 enumerandis
765 2725 962 2800 philosophis.
997 2725 1047 2798 qui
1081 2723 1240 2799 particulas
1268 2722 1382 2779 veteris

300 2809 463 2865 sententiae
475 2810 684 2884 decerpserint.
720 2809 839 2890 [ltaque
851 2810 1013 2866 sententiae
1031 2810 1227 2866 satisfaceret:
1245 2810 1381 2882 quidni,

300 2915 398 2969 quum
431 2900 510 2951 etlam
542 2905 599 2951 -?
632 2910 664 2952 ut
697 2897 792 2952 minus
822 2897 876 2951 hoc
904 2896 932 2951 in
964 2895 1152 2970 Calliphonte
1185 2906 1215 2950 et
1243 2893 1382 2950 Diodoro
1459 2929 1462 2935 ·

301 2980 404 3036 mirum
429 2999 493 3037 csse
516 2981 738 3055 significaretur.
765 2976 870 3058 1874]
915 2980 1012 3052 (Quod
1036 2981 1066 3037 in
1088 2991 1163 3037 orat.
1181 2990 1238 3055 'pro
1264 2978 1381 3035 Milone

301 3067 339 3121 65
360 3066 480 3140 legitur:
504 3070 569 3139 quin
591 3070 669 3122 etiam
690 3069 843 3123 arrdimtdaa
858 3070 945 3139 tuerit
967 3076 1037 3130 cet..
1061 3065 1085 3122 si
1108 3084 1210 3122 sanum
1234 3074 1288 3128 est,
1314 3062 1381 3122 Ga·

299 3152 430 3207 ratonius
453 3162 531 3207 recte
555 3152 706 3227 exposuit3
730 3153 780 3209 sed
803 3171 862 3208 non
882 3161 927 3207 est
945 3154 1072 3223 sanum.)
1111 3152 1172 3208 Iam
1198 3161 1242 3206 ter
1264 3148 1381 3206 indica·

299 3236 391 3293 tivum
420 3256 561 3310 reponere
590 3256 654 3293 cum
680 3237 822 3294 Lambino
850 3246 880 3293 et
901 3236 1039 3293 Ernestio
1067 3238 1164 3293 audax
1187 3235 1320 3304 videtur;
1351 3245 1383 3291 et

298 3331 395 3378 tamen
419 3341 547 3378 errorem
576 3323 606 3379 in
629 3324 724 3399 primo
747 3322 837 3379 verbo
858 3332 979 3398 propter
1006 3326 1071 3396 qrn'n
1099 3321 1285 3378 commissum
1310 3319 1380 3395 (cfr.

299 3406 399 3465 Soron.
413 3408 491 3482 Scip.
504 3426 528 3463 c.
543 3409 560 3464 3
573 3410 638 3481 (14)
658 3413 723 3482 qaia
743 3411 861 3483 aspicias
884 3427 937 3483 pro
960 3412 1025 3481 quin
1047 3409 1158 3482 aspt'cia)
1181 3406 1238 3463 duo
1260 3406 1382 3480 reliqua

298 3493 388 3548 verba
407 3494 488 3567 sequi
507 3503 675 3568 potuerunt.
709 3495 758 3552 Ad
775 3493 857 3550 codd.
877 3493 997 3568 propius
1014 3492 1136 3558 accedit,
1159 3491 1381 3567 quodDavisio
1450 3554 1454 3562 ¹

298 3578 447 3651 placebat:
471 3591 604 3653 quaerunt
626 3581 681 3653 (sic
703 3579 806 3653 Ball),
829 3589 858 3635 ut
879 3583 989 3635 virtutae
1012 3589 1067 3634 cet.
1090 3579 1157 3650 (hoc
1180 3586 1239 3645 est,
1262 3580 1301 3633 ita
1325 3581 1378 3649 ut).

297 3664 402 3737 Itaque
426 3682 489 3720 cum
513 3665 652 3741 ambigua
669 3674 746 3722 esset
763 3664 916 3733 correctio,
941 3664 1076 3720 mendum
1100 3672 1232 3721 notatum
1255 3661 1377 3736 reliqui.

298 3747 467 3825 [Dumtaaot
487 3755 576 3824 primo
598 3770 634 3806 ex
658 3751 720 3808 Eri.
745 3760 775 3806 et
796 3750 822 3806 B
845 3747 1039 3825 restitutum]

382 3838 568 3891 conaoetndine
605 3840 687 3910 qttaar'
717 3839 831 3892 alterans
864 3837 1017 3909 quandam)
1054 3835 1271 3891 Consuetudinem
1305 3841 1378 3907 post

246 3970 253 3976 ,
296 3920 472 3976 Ascensium
503 3931 532 3976 et
559 3922 669 3978 Aldum
694 3921 728 3977 P.
753 3921 904 3977 Manutius
927 3939 953 3976 a.
980 3922 1076 3988 1555,
1105 3919 1264 3978 Lambinus
1291 3917 1377 3974 eodi-

297 4022 402 4079 cesque
426 4006 501 4062 Pall.
528 4007 678 4074 meliores,
702 4007 726 4063 si
750 4005 880 4064 Grutero
902 4006 1063 4065 credimus.
1092 4014 1122 4062 et
1143 4005 1268 4062 fortasse
1292 4003 1376 4076 (nam

296 4092 467 4165 typothetae
491 4110 603 4148 errasse
626 4092 774 4164 videntur)
797 4091 912 4148 Davisii
936 4100 1005 4148 tres.
1046 4090 1184 4149 Correxit
1205 4089 1268 4164 ipse
1291 4088 1377 4145 Man.

296 4184 399 4249 postea
426 4195 441 4231 e
471 4177 554 4233 codd.
579 4177 673 4234 'sertii
697 4187 727 4234 et
749 4178 863 4253 Sigonii
886 4176 995 4246 (0qu
1027 4186 1165 4250 quattuor
1187 4173 1269 4243 Gaii,
1293 4170 1376 4254 [B]).

299 4260 458 4329 Quondam,
490 4263 567 4336 quod
596 4267 685 4319 ceteri
713 4264 865 4333 omittunt,
897 4262 978 4321 Crat.
1007 4264 1038 4319 in
1067 4272 1206 4320 contexta
1227 4259 1375 4329 oratione,

295 4345 375 4404 Man.
407 4347 435 4402 in
464 4349 627 4423 posteriore
655 4350 782 4405 editione
810 4368 847 4405 ex
870 4350 974 4406 iisdem
998 4348 1096 4417 codd,
1126 4347 1218 4407 Gzius
1247 4363 1286 4402 ex
1310 4344 1375 4408 Eri.

294 4439 324 4488 et
347 4431 424 4507 Spir.
448 4431 503 4510 [B]
525 4434 724 4492 restituerunt.
770 4435 846 4491 Tum
875 4453 930 4510 pro
951 4437 1062 4508 sacrant
1083 4433 1139 4492 Th.
1165 4430 1320 4490 Bentleiuu
1343 4438 1376 4491 et
