3030 5086
272 467 336 532 674
663 483 708 529 nu
730 483 861 531 rimans
884 483 956 530 aou.

274 652 392 729 auibua
415 654 471 718 sed
488 653 582 718 etiam
599 652 772 716 animorum
789 652 893 734 aliqua
909 670 946 716 ex
964 660 1055 732 parte
1072 661 1173 717 motus
1193 655 1349 734 quasdam

273 755 424 820 uidemus.
468 755 504 818 ln
526 755 650 818 homine
672 763 775 819 autem
798 773 918 819 summa
945 756 1045 820 omnis
1074 756 1169 819 animi
1191 763 1239 820 eat
1260 763 1293 821 et
1314 757 1348 820 in

276 857 380 922 animo
408 857 551 934 ratiania,
580 876 617 920 ex
645 875 707 937 qua
729 857 828 921 virtue
849 864 911 935 est,
940 875 1021 937 quae
1043 857 1172 921 rationis
1193 857 1351 922 absolutio

274 958 429 1038 definitur,
453 977 546 1039 quam
569 959 663 1022 etiam
685 966 779 1039 atque
801 960 894 1024 etiam
916 960 1128 1040 explicandam
1151 967 1270 1040 putant

234 1063 256 1127 5
359 1062 410 1126 39.
439 1061 554 1124 Earum
583 1061 677 1125 etiam
700 1080 818 1139 rerum,
846 1080 925 1141 quas
952 1069 1038 1125 terra
1064 1061 1176 1143 gignit,
1204 1062 1350 1125 educatio

274 1165 428 1245 quaedam
451 1171 481 1227 ct
503 1162 651 1243 perfectio
674 1169 721 1227 est
744 1181 804 1227 non
827 1163 984 1227 dissimilis
1002 1164 1218 1242 animantium
1240 1164 1352 1244 itaque

274 1275 306 1332 et
324 1266 430 1330 uiuere
446 1265 539 1329 uitem
562 1273 594 1330 et
615 1266 694 1328 mori
716 1264 853 1343 dicimua
876 1266 1080 1346 arboremque
1097 1272 1128 1330 et
1145 1265 1298 1329 novellam
1316 1276 1353 1329 et

275 1369 410 1433 vetulam
432 1374 463 1432 et
485 1367 590 1448 vigere
611 1375 644 1432 et
665 1385 839 1444 senescere3
863 1385 900 1430 ex
922 1385 982 1447 quo
1006 1386 1066 1431 non
1085 1377 1133 1432 est
1149 1368 1290 1446 alienum,
1313 1375 1354 1431 ut

276 1469 500 1548 animantibus,
529 1469 573 1534 sic
595 1469 655 1533 illis
683 1475 715 1532 et
736 1477 812 1550 apta
834 1470 984 1550 quaedam
1007 1471 1048 1533 ad
1071 1479 1212 1534 naturam
1235 1476 1353 1550 putare

217 1576 259 1638 10
276 1581 309 1638 et
335 1572 451 1650 aliena,
485 1589 654 1654 carumque
681 1573 893 1652 augendarum
923 1582 954 1635 et
980 1572 1162 1636 alendarum
1190 1571 1353 1652 quandam

275 1674 430 1739 cultricem
449 1692 526 1753 esse,
550 1693 630 1755 quae
647 1673 689 1737 sit
705 1673 833 1738 scientia
850 1682 943 1754 atque
959 1693 1012 1737 ars
1028 1673 1244 1754 agricolarum,
1266 1691 1355 1753 quae

276 1776 484 1853 circumcidat,
506 1784 661 1858 amputet,
683 1775 796 1857 erigat,
818 1774 960 1853 extollat,
982 1776 1190 1853 adminiculet,
1213 1784 1261 1855 ut,
1285 1794 1354 1855 quo

346 1953 365 1997 l.
385 1947 492 1995 aubuaE
519 1947 566 1996 r'am
585 1953 644 2008 (mg.
664 1947 745 2011 ettam)
755 1947 775 1994 P
801 1954 876 1995 motus
894 1945 1019 2008 alt'quoaC
1056 1955 1079 1994 4.
1098 1965 1141 2010 que
1160 1952 1218 2008 (mg.
1234 1944 1354 2008 quam)P

275 2023 297 2065 8.
318 2015 379 2065 Part
402 2014 503 2064 vetulam
526 2017 582 2063 add.
607 2015 744 2064 clicimuaE
798 2021 819 2064 9.
838 2013 1018 2063 anr'nralibnrli
1062 2015 1093 2063 ait
1116 2016 1136 2064 E
1181 2023 1266 2078 aptare
1289 2015 1353 2079 (pro

271 2090 368 2148 putare)
389 2085 432 2132 Pu
451 2094 619 2148 amputareqne
638 2084 658 2134 (l
677 2100 799 2133 reservare
817 2092 983 2147 amputareque
1003 2084 1022 2131 L
1071 2090 1106 2135 10,
1127 2085 1199 2132 Priua
1216 2092 1238 2131 et
1256 2097 1306 2131 om.
1329 2082 1354 2132 C

279 2158 315 2204 12.
335 2152 504 2201 circumdatE
540 2152 719 2202 adminiculetur
736 2152 870 2203 LPCliOr.

275 2310 333 2379 ΙΙΙ,
358 2311 412 2366 51:
443 2320 471 2365 ut
493 2312 520 2365 in
542 2312 700 2378 valetudine,
723 2319 752 2365 nt
774 2312 800 2364 in
823 2294 971 2382 r'nthritale
992 2329 1125 2378 serranum,
1149 2319 1176 2364 ut
1198 2312 1224 2363 in
1247 2309 1355 2363 doloris

274 2399 414 2452 auertitur.
459 2395 553 2451 Paulo
577 2405 642 2469 poat
665 2396 741 2452 Dar.
764 2414 780 2451 e
803 2394 887 2452 Parr.
907 2397 917 2450 l
934 2395 1009 2451 et3:
1032 2415 1163 2468 qnae-
1186 2394 1354 2467 explicanda

270 2490 379 2557 putant.
424 2480 458 2536 In
483 2481 614 2549 virtutis,
643 2480 679 2536 ad
702 2498 788 2554 qnam
812 2480 996 2536 ascendendo
1019 2491 1188 2555 perventum
1213 2490 1272 2547 est,
1296 2496 1354 2533 ex·

275 2565 433 2641 plicatione
457 2584 570 2621 ornnem
594 2584 712 2639 operam
736 2564 934 2621 collocandam
959 2566 1148 2640 Peripatetici
1172 2573 1285 2639 putant.

361 2651 409 2707 39.
432 2652 471 2707 ad
492 2661 616 2706 naturam
635 2652 748 2725 putare)
772 2650 911 2720 siclini,
936 2650 1013 2725 Spir.
1028 2648 1090 2731 [B]
1116 2651 1169 2712 El,
1195 2669 1250 2724 mg.
1262 2648 1350 2706 Crat.

187 2773 190 2777 >
275 2736 429 2810 (Moralius
448 2754 506 2792 non
524 2736 652 2792 codicem
671 2736 810 2811 appellat,
833 2736 884 2792 aed
898 2736 1033 2810 „alioe“),
1058 2736 1241 2808 restituitque
1254 2733 1354 2791 Gaius

274 2832 342 2897 post
364 2821 553 2890 Lambiuum,
578 2823 627 2895 qni
650 2841 681 2878 se
704 2822 820 2879 codices
842 2833 971 2877 secutum
996 2822 1156 2895 profitetur.
1202 2821 1279 2876 Hinc
1302 2837 1353 2875 re·

274 2906 416 2982 petitione
439 2906 600 2964 litterarum
620 2906 727 2963 factum
752 2917 796 2963 eat
818 2908 856 2963 ad
878 2917 1002 2962 riotrrrnnr
1023 2918 1164 2982 arripntarc
1186 2915 1224 2971 et,
1247 2904 1354 2960 addita

274 2991 428 3067 particula,
451 2994 695 3067 umpretnreqnetin
709 2992 784 3050 Pall.
804 3003 920 3066 praeter
932 2995 960 3061 4,
984 2992 1153 3049 Daviaianis
1171 3008 1232 3059 sex,
1256 2989 1351 3059 Oxx.,

274 3076 353 3137 Gud.
371 3081 395 3143 1,
409 3079 512 3151 Mon),
535 3078 594 3134 alia
611 3089 707 3134 antem
725 3078 906 3134 correctione
923 3088 1026 3151 optare,
1044 3077 1122 3152 quod
1139 3077 1228 3133 habet
1239 3075 1304 3132 Pal.
1319 3078 1350 3145 4,

274 3182 312 3220 ex
324 3164 351 3220 R
363 3163 453 3235 vica,
472 3174 532 3219 tum
551 3163 694 3220 editiones
711 3173 777 3237 post
794 3162 870 3218 hunc
883 3162 1048 3237 pleraeque,
1065 3162 1227 3219 editoribus
1238 3162 1352 3236 impro-

274 3248 421 3304 bantibua
456 3248 542 3321 Quod
555 3267 591 3305 ex
609 3251 647 3306 ad
663 3259 787 3304 tantarum
799 3247 836 3303 ad
853 3251 940 3304 aliena
952 3248 1132 3322 intellegitur
1143 3249 1177 3304 ab
1189 3267 1229 3315 ed,
1247 3255 1349 3303 notam

274 3333 363 3389 habet
379 3333 501 3408 figuram
521 3345 548 3390 et
567 3334 750 3391 brevitatem.
784 3333 962 3390 Matthiaeua
984 3344 1135 3409 comparat
1152 3334 1209 3402 111,
1223 3333 1272 3402 49,
1296 3331 1351 3388 ubi

274 3437 311 3473 ex
334 3421 373 3474 nd
394 3439 463 3491 quaa¹
492 3420 528 3474 ad
551 3423 680 3476 corrdnere
701 3418 819 3474 auditur
841 3428 953 3474 tantum
977 3439 1031 3475 cna.
1076 3419 1170 3475 Panlo
1193 3427 1260 3474 ante
1283 3418 1351 3474 cod.

275 3504 351 3561 Mor.
376 3514 400 3559 et
418 3507 503 3560 cicere
521 3515 544 3560 et
562 3508 647 3578 cipere
664 3516 688 3560 et
706 3507 782 3561 mori.
818 3501 903 3583 [Mox
921 3507 1080 3561 nnr'nralibna
1097 3504 1183 3560 etiam
1198 3504 1232 3572 B,
1252 3503 1352 3559 minua

274 3600 343 3663 apte
366 3589 402 3644 ad
426 3589 464 3652 td,
488 3590 565 3663 qnod
588 3589 744 3665 praecedit,
767 3593 950 3647 animantium.
989 3592 1065 3648 Tum
1090 3591 1164 3645 idem
1188 3590 1350 3646 circumdat.

276 3674 343 3732 Vid.
368 3675 444 3731 Adv.
468 3674 540 3732 Crit.
564 3676 595 3732 II
618 3677 730 3750 pall.
759 3670 862 3753 1874]

360 3760 577 3834 adminiculetur)
600 3759 665 3837 [Sic
688 3759 854 3836 edebatur]
878 3760 1004 3834 Propter
1027 3761 1089 3816 cod.
1114 3760 1175 3817 Erl.
1199 3761 1228 3815 in
1251 3758 1351 3833 suspi-

275 3845 387 3900 cionem
413 3846 579 3902 terminatio
598 3847 678 3902 verbi
702 3847 875 3921 deponentia
893 3846 975 3902 venit
996 3865 1014 3901 a
1036 3846 1164 3902 librariis
1186 3854 1251 3901 orta
1273 3861 1350 3914 esse,

275 3941 309 3986 ut
342 3933 481 3986 lrrcrirnuri
513 3931 542 3986 in
573 3933 658 3989 Verr.
690 3932 727 4000 V,
755 3933 808 3988 121
836 3930 900 4003 (cfr.
924 3930 1031 4005 Opnsc.
1055 3931 1149 3987 Acad.
1172 3932 1187 3987 I
1209 3949 1237 4004 p.
1258 3929 1351 4001 372);

274 4034 342 4071 nam
368 4017 463 4071 Varro
487 4028 516 4072 et
538 4018 627 4074 ceteri
649 4020 817 4074 adminiculo.
852 4018 987 4074 Formam
1011 4027 1107 4072 tamen
1130 4017 1160 4073 in
1184 4015 1281 4071 verbis
1306 4015 1351 4070 in·

273 4101 437 4157 transitivis
459 4102 570 4176 primae
593 4103 822 4178 coniugationis,
851 4120 925 4176 qnae
953 4122 970 4158 a
998 4102 1164 4158 nominibus
1193 4102 1350 4169 ducuntur,

274 4195 335 4242 tam
358 4187 495 4243 usitatam
525 4187 569 4265 [et
596 4189 625 4244 in
655 4190 708 4245 hoc
731 4189 795 4262 ipso
818 4188 908 4245 verbo
931 4188 1130 4244 confirmatam
1154 4206 1171 4243 a
1193 4186 1352 4243 Prisciano

276 4290 304 4346 p.
325 4273 383 4329 791
410 4284 438 4328 ct
459 4275 528 4332 927.
552 4274 634 4331 cuins
657 4276 680 4331 F
683 4275 821 4330 reundius
844 4272 1019 4350 admonuit]
1044 4284 1155 4329 mutare
1177 4292 1235 4329 non
1259 4290 1352 4328 ausus

274 4374 350 4427 sum,
370 4377 433 4414 cum
452 4359 487 4414 de
505 4360 610 4416 ceteris
628 4360 799 4417 melioribus
816 4359 966 4416 codicibus
983 4378 1041 4416 non
1054 4368 1210 4416 constaret.
1245 4354 1352 4437 [Nunc

276 4443 432 4500 accedente
457 4445 480 4500 B
510 4463 575 4502 cum
598 4445 718 4502 Baitero
742 4441 877 4524 mutavi]
922 4445 1036 4501 Deinde
1061 4448 1166 4519 peceant
1192 4448 1231 4501 ire
1254 4443 1350 4501 Davi·
