3030 5086
218 469 283 534 6⁴2
611 486 654 530 oa
677 485 808 532 amisus
831 485 902 531 sou.

218 653 288 718 cn'ti
310 659 415 718 autem
437 653 603 730 securum,
632 671 713 733 quae
739 659 789 717 est
815 653 908 717 animi
934 653 1120 737 [tamquam]
1144 652 1308 734 tranquil-

216 756 304 834 litas,
334 773 427 835 quam
455 754 616 835 appellant
637 749 800 833 εὐθυμίαν,
830 772 867 820 eo
896 755 1075 835 separanda
1097 753 1156 820 fuit
1177 755 1216 819 ab
1239 753 1310 818 hac

218 856 440 938 disputatione,
463 856 537 937 quia
560 857 623 920 ista
644 856 739 921 animi
757 857 967 937 tranquillitas
986 876 1024 921 ea
1040 864 1089 922 est
1111 857 1180 938 ipsa
1202 856 1309 922 beata

218 958 296 1037 vita3
326 957 506 1038 quaerimus
528 968 647 1033 autem,
675 976 737 1023 non
760 959 918 1039 quaesit,
946 959 1002 1023 sed
1030 958 1114 1022 unde
1136 958 1186 1022 sit
1231 957 1306 1022 Iam

288 1150 310 1192 1.
328 1143 484 1193 seueritasC
520 1143 595 1192 animi
610 1145 771 1208 tranquillitas
794 1154 915 1209 tamquam
937 1162 1009 1208 quom
1029 1146 1063 1205 63
1085 1146 1139 1194 siue
1162 1145 1237 1195 uncis
1257 1143 1303 1194 Ori

219 1217 241 1263 2.
261 1210 393 1276 appellauit
413 1211 477 1261 ROr.
516 1211 682 1262 eutliimianli
718 1219 742 1266 3.
761 1224 796 1264 est
814 1215 868 1279 apsa
886 1219 945 1276 tom.
965 1214 1006 1276 ea)
1027 1214 1047 1261 ll
1065 1211 1119 1278 ipsa
1137 1221 1171 1262 est
1186 1214 1307 1279 (cmxc)

221 1279 284 1332 Pur.
321 1286 343 1329 t.
363 1280 411 1329 siat
431 1286 549 1344 (utroque
568 1281 637 1341 loco)
657 1283 677 1329 E

304 1453 354 1510 23.
377 1472 459 1527 quam
481 1455 619 1552 appellunt
643 1445 844 1549 εὐθυμίαν)
863 1454 922 1513 cfr.
938 1456 1014 1524 §87.
1039 1454 1306 1526 DiogenesLaert·

218 1540 275 1610 ΙΧ,
295 1540 350 1595 45:
373 1530 466 1602 Τέλος
484 1531 515 1596 δὲ
532 1531 608 1594 εἶναι
625 1532 698 1613 λέγει
717 1528 928 1632 (Δημόκριτος)
947 1558 999 1614 την
1016 1529 1173 1610 εὐθυμίαν,
1192 1528 1229 1593 o6
1247 1528 1306 1632 τὴν

218 1613 329 1716 αὐτὴν
329 1606 422 1678 οὖσαν
439 1619 475 1695 τῇ
461 1614 641 1719 qq‘dovq‚
616 1614 656 1688 ὠς
673 1617 744 1679 ἔνιοι
760 1612 1005 1719 παρακούσαντες
1022 1615 1200 1691 ἐξεδέξαντο,
1221 1609 1307 1678 ἀλλὰ

217 1708 288 1763 καθ’
314 1695 347 1782 ἣν
375 1702 507 1799 γαληνῶς
534 1725 582 1761 και
611 1698 768 1771 εὐσταθῶς
797 1697 813 1780 ἡ
841 1698 922 1804 ψυχὴ
944 1694 1059 1803 διάγει,
1087 1695 1144 1760 ὑπὸ
1172 1694 1307 1800 μαδενδς

217 1807 424 1885 ταραττομενη
437 1778 601 1886 φόβου
585 1810 601 1863 η
631 1781 910 1862 δεισιδαιμονίας
893 1811 925 1888 q
938 1780 1029 1848 ἄλλον
1057 1778 1137 1853 τινος
1163 1789 1304 1850 anunm·

217 1872 303 1931 καλεῖ
322 1873 348 1931 δ’
373 1863 534 1947 αὐτὴνκαὶ
558 1863 667 1931 e6ecc6
688 1893 737 1929 και
729 1864 881 1937 πολλοῖς
905 1864 1043 1940 ἄλλος’
1030 1861 1164 1940 ονομασι
1211 1872 1302 1928 stou.

218 1958 281 2016 Ecl
295 1959 362 2016 Eth.
386 1977 413 2032 p
427 1959 481 2015 76
508 1948 570 2031 Την
593 1949 781 2030 εὐδαιμονίαν
803 1947 851 2013 καὶ
876 1951 1025 2031 εὐθυμίαν
1047 1946 1096 2013 καὶ
1119 1947 1227 2015 e6sor6
1250 1945 1305 2011 sai

218 2033 365 2118 ἁρμονίαν
387 2059 571 2117 cousumptos
592 2061 625 2098 cs
647 2060 695 2098 και
688 2031 881 2115 ἀταραξίαν
897 2040 988 2099 καλεῖ.
1024 2043 1138 2101 Seneca
1154 2043 1189 2100 de
1201 2043 1305 2099 Tran-

218 2126 300 2200 quill.
320 2127 470 2193 Animis,
485 2127 517 2183 3.
541 2127 621 2183 Hanc
643 2127 764 2183 stabilem
785 2130 868 2182 anima
865 2128 974 2184 sedem
994 2127 1095 2185 Graeci
1112 2118 1308 2200 εὐθυμίαν

219 2223 325 2274 vocam,
354 2215 388 2270 de
415 2231 471 2286 qua
494 2212 642 2268 Democriti
670 2213 788 2268 uolumen
815 2217 948 2285 eqreqium
969 2223 1017 2269 est.
1063 2208 1137 2292 [Pro
1159 2213 1308 2287 appellant

219 2295 312 2354 Gaius
341 2317 356 2354 e
380 2297 457 2372 Spir.
482 2307 512 2352 et
534 2296 612 2353 Gud.
639 2298 656 2353 2
685 2298 831 2371 appellauit
853 2297 985 2373 scripsit;
1014 2297 1157 2354 Davisius
1177 2298 1308 2372 appellnt

219 2382 404 2439 scribendum
423 2391 555 2457 putarat:
580 2401 674 2456 neque
692 2381 779 2447 anim,
803 2382 1048 2454 quemadmodum
1070 2400 1170 2438 ornnes
1187 2379 1307 2440 Graeci

219 2467 463 2541 tranquillitatem
482 2467 572 2523 animi
589 2466 829 2542 appellavissent,
850 2469 900 2523 sed
913 2487 971 2541 quo
984 2468 1101 2525 nominc
1113 2467 1176 2542 ipse
1188 2467 1307 2524 Damo-

220 2552 312 2609 critus
340 2570 410 2609 usus
438 2561 529 2613 esset,
559 2571 576 2607 a
604 2552 747 2611 Cicerone
774 2551 942 2627 significari.
987 2554 1033 2610 De
1055 2552 1120 2610 cod.
1145 2552 1223 2627 Spir.
1248 2551 1307 2607 ad·

220 2637 338 2694 modurn
362 2636 480 2706 dubito,
505 2637 641 2710 quoniam
666 2649 695 2693 ct
718 2637 778 2693 Erl.
802 2647 832 2692 et
853 2637 879 2694 B
902 2638 1091 2697 dissentiunt:
1115 2648 1193 2694 certe
1217 2635 1309 2693 illius

219 2722 257 2778 ab
281 2721 326 2778 his
349 2721 525 2779 discedentis
553 2722 661 2797 exigua
688 2733 731 2778 est
755 2723 928 2789 auctoritas;
958 2734 987 2779 et
1009 2741 1185 2797 quamquam
1210 2720 1308 2779 facile

220 2826 258 2863 ex
270 2809 416 2882 appellavit
429 2806 493 2863 fieri
504 2809 642 2881 appellant
655 2807 759 2882 potuit,
779 2817 810 2863 ut
823 2811 838 2876 ξ
852 2809 891 2865 20
899 2819 1000 2883 putant
1016 2827 1053 2864 ex
1068 2811 1175 2882 putauit
1191 2807 1223 2863 in
1236 2805 1308 2863 Erl.

220 2892 300 2948 ctB
324 2901 443 2949 revocat
466 2900 562 2947 tamen
586 2912 603 2949 a
621 2892 794 2966 corrigendo
808 2891 921 2949 Seneca
938 2902 968 2950 et
984 2892 1111 2968 quodam
1131 2891 1244 2949 modo
1235 2908 1310 2990 ipso

220 2976 334 3044 Cicero,
357 2977 407 3051 qui
430 2977 633 3035 sicDemocriti
653 2981 820 3033 securitatem
838 2976 918 3046 dicit,
942 2989 974 3035 ut
996 2977 1126 3075 primum
1146 2976 1305 3052 propriam

219 3062 283 3119 cius
301 3080 402 3119 vocem
420 3062 586 3136 significare
604 3063 739 3119 videatur
755 3062 830 3135 (sive
854 3053 1051 3138 ἀθαμβίαν
1027 3081 1090 3119 srva
1108 3052 1306 3136 ἀταραξίαν)

220 3146 325 3203 deinde
342 3165 535 3203 communem.
571 3147 628 3205 Sed
647 3148 723 3221 quod
742 3147 851 3204 editum
870 3156 915 3204 est
931 3146 1068 3204 adhuc
1044 3166 1108 3205 sms
1121 3144 1307 3221 suspicione,

220 3243 359 3306 tamquam
381 3235 566 3305 tranquillitos
589 3252 689 3288 verum
713 3251 777 3288 esse
801 3251 858 3288 non
882 3242 988 3306 potest.
1040 3232 1122 3305 Quas
1145 3231 1224 3288 enim
1248 3239 1308 3287 sut

220 3318 302 3374 vocis
325 3327 375 3372 aut
397 3317 534 3391 imaginis
557 3317 715 3374 insolentia
738 3317 868 3373 mollitur
890 3316 991 3373 addito
1010 3313 1166 3393 tamquam?
1203 3316 1306 3372 Acce·

221 3402 272 3469 dit,
296 3402 374 3476 (quod
397 3403 425 3458 in
446 3402 505 3458 Erl.
525 3403 591 3458 etB
614 3403 662 3476 (de
685 3403 790 3459 ceteris
813 3402 984 3459 melioribus
1006 3405 1132 3474 tacetur)
1154 3412 1201 3457 est
1215 3403 1309 3457 aniam
1399 3429 1400 3433 ,

220 3488 404 3561 tranquillitas
427 3497 564 3561 tamquam
586 3507 677 3561 quom.
723 3489 793 3547 Aut,
817 3487 894 3560 quod
919 3487 1017 3545 vcrius
1039 3486 1135 3551 credo,
1160 3496 1305 3560 tumqsurm

220 3582 315 3628 ortum
335 3583 379 3628 est
395 3572 552 3647 geminatis
570 3584 600 3629 et
611 3572 687 3628 nsale
699 3572 864 3629 coniunctis
875 3572 997 3648 syllabis
1011 3582 1146 3646 tuaquom,
1164 3580 1215 3628 sut
1226 3571 1306 3628 latet

220 3657 450 3721 substantivum,
480 3668 512 3713 ut
540 3657 612 3714 hacc
640 3657 728 3714 fuerit
751 3657 893 3714 orationis
915 3656 1026 3714 formas
1054 3660 1137 3713 animi
1157 3657 1308 3730 tranquilli

219 3748 352 3822 constant
342 3763 378 3810 ra,
401 3762 492 3817 quum.
497 3738 509 3821 ]

305 3848 335 3884 eu
364 3839 403 3884 est
431 3832 491 3902 ipsa
519 3828 596 3884 beata
619 3826 687 3904 mut)
711 3827 835 3885 Secutus
864 3845 942 3894 sum
972 3827 1086 3901 quod
1079 3846 1108 3883 in
1131 3821 1305 3905 Ert.‚[13,]

220 3913 314 3979 Leid„
335 3913 379 3969 ed.
398 3913 493 3987 prima
510 3922 581 3969 eruat
606 3931 659 3969 nec
677 3912 789 3980 dubito,
809 3912 879 3985 quin
898 3913 927 3968 in
946 3912 1051 3968 ceteris
1068 3910 1130 3969 fere
1147 3911 1304 3969 codicibus

219 3997 295 4053 idern
320 3997 424 4067 fuerit,
454 3998 509 4054 etsi
532 3997 641 4054 editum
666 4007 709 4054 est
731 3997 799 4053 inde
827 4015 846 4052 a
868 3997 1017 4054 Victorio:
1047 4017 1079 4053 ea
1100 4000 1162 4072 ipsa
1183 4005 1223 4054 est
1246 4013 1305 4053 nec

218 4083 294 4139 alter
316 4083 389 4140 ordo
407 4102 422 4138 e
439 4082 590 4140 codicibus
607 4093 772 4139 annotatus.
814 4083 856 4141 Ut
875 4084 909 4140 R.
934 4083 975 4139 sic
993 4082 1038 4140 cd.
1053 4101 1078 4138 a.
1094 4082 1184 4148 1480,
1200 4080 1305 4149 θοοω

219 4167 313 4226 Gaius
331 4188 346 4224 e
366 4169 432 4225 Bas.
452 4171 513 4243 ipsu
535 4179 583 4236 est,
607 4168 715 4224 omisso
738 4187 784 4235 ec;
807 4168 949 4225 Davisius
972 4168 1101 4225 malebat
1121 4186 1152 4224 re
1172 4171 1235 4242 ipsu
1253 4177 1306 4224 est.

219 4253 283 4310 Hos
307 4272 408 4310 orrrues
431 4252 552 4309 offendit
575 4253 756 4309 abundantia
783 4253 966 4328 pronominis
989 4272 1046 4309 non
1070 4251 1178 4309 vitiosa
1199 4252 1308 4322 (modo

219 4342 287 4412 ipsc,
310 4349 342 4393 ut
365 4358 412 4395 res
430 4338 570 4413 postulat,
593 4356 658 4395 cum
679 4339 755 4395 beuta
771 4342 826 4395 vita
843 4338 1059 4413 coniungatur),
1082 4356 1141 4412 qua
1157 4337 1305 4394 cotidiani

221 4423 365 4480 sermonis
388 4442 469 4479 more
491 4424 610 4500 gravius
627 4423 785 4500 insignitur
807 4442 843 4480 ea
859 4424 950 4492 notio,
973 4442 1048 4497 quse
1064 4423 1095 4480 in
1112 4423 1311 4481 substantivo
