3030 5086
392 505 437 551 nr
460 504 541 551 usn.
564 504 626 551 um.
650 505 1049 570 HCAP.1s-tr.(se-as.)
1195 490 1258 556 235

175 673 371 755 quaerimus,
400 673 501 755 qualis
530 677 566 754 Q.
589 674 756 754 Pompeius
783 675 814 738 in
842 672 969 740 loedere
990 675 1183 740 Numantino
1210 677 1257 740 in·

174 775 306 840 fitiando
338 774 411 855 fuit,
443 794 501 841 nec
527 794 604 865 vero
637 777 741 840 omnia
767 776 910 854 timente,
946 779 1001 842 sed
1035 778 1171 858 primum
1204 778 1258 859 qui

173 877 271 942 animi
297 878 519 943 conscientiam
551 897 613 942 non
641 886 742 955 curet,
777 898 870 960 quam
907 879 1024 944 scilicet
1051 880 1257 960 comprimere

174 979 252 1044 nihil
279 991 328 1044 est
350 979 473 1059 negotii.
517 981 549 1044 Is
571 981 666 1058 enim,
695 980 749 1060 qui
776 981 914 1044 occutus
942 988 974 1045 et
1003 989 1104 1047 tectus
1133 982 1256 1062 dicitur,

172 1087 296 1146 tantum
318 1081 408 1147 abest
430 1094 464 1144 ut
485 1100 519 1146 se
541 1081 669 1160 indicet,
691 1080 831 1162 perficiet
852 1083 959 1161 etiam,
989 1090 1024 1147 ut
1046 1084 1152 1148 dolere
1175 1085 1253 1150 alte·
1273 1084 1293 1150 5

173 1183 241 1247 rius
262 1182 405 1264 improbe
426 1182 507 1248 iacto
530 1183 686 1261 videatur;
711 1184 785 1264 quid
807 1183 959 1248 est‘enim
981 1186 1067 1250 aliud
1090 1205 1160 1251 esse
1182 1205 1253 1251 ver·

172 1284 301 1348 suarm?
327 1285 377 1349 55.
390 1285 517 1350 Memini
530 1304 577 1349 me
589 1286 700 1349 adesse
712 1285 745 1349 P.
754 1284 880 1349 Sextilio
893 1284 984 1364 Rufo,
1003 1305 1071 1351 cum
1089 1288 1116 1353 is
1136 1308 1202 1354 rem
1214 1289 1256 1353 ad

248 1494 267 1538 t.
286 1487 411 1552 punitique
429 1487 501 1538 RE
538 1488 636 1554 [ledere
656 1487 689 1555 Α]
734 1495 756 1537 2.
776 1489 890 1537 timentem
911 1505 996 1538 omnes
1038 1496 1060 1541 5.
1080 1494 1146 1541 abest
1164 1492 1255 1542 omP

171 1565 196 1606 at
214 1557 271 1621 (pro
289 1557 412 1619 attbmtss
452 1555 573 1606 doioreE
618 1563 639 1605 6.
667 1557 780 1622 [improbo
799 1558 832 1623 Α]
870 1557 928 1606 enim
953 1567 987 1607 est
1006 1560 1081 1610 ΜΘΗ
1127 1565 1148 1612 7.
1169 1560 1255 1610 adasa

171 1642 210 1674 rna
226 1626 246 1673 1,
285 1624 356 1692 [suso
376 1624 409 1691 Α]
430 1625 465 1674 od
483 1625 572 1675 criticos
590 1644 638 1676 rem
657 1625 768 1690 (P)C0r.

171 1816 230 1872 boc
252 1816 317 1872 loco
339 1834 375 1872 ca
397 1816 579 1891 significatur
601 1817 743 1890 qualitas,
774 1835 849 1890 quae
873 1816 910 1871 ad
934 1817 1028 1890 ipsam
1052 1817 1176 1874 formam
1200 1819 1256 1875 im·

175 1900 334 1976 probitatis
357 1901 538 1957 exercendae
562 1902 697 1974 pertinet.

264 1985 297 2053 Q.
327 1986 484 2061 Pompeius)
512 1987 586 2042 Post
613 1987 798 2042 consulatum
827 1988 866 2056 (a.
893 1987 948 2042 141
981 2007 1007 2043 a.
1032 1986 1116 2060 Chr.)
1146 1988 1175 2044 in
1200 1989 1255 2045 Hi·

172 2071 279 2146 spania
307 2071 416 2127 beilum
444 2082 547 2128 contra
574 2071 773 2128 Numantinos
806 2090 911 2146 gerens
950 2090 1051 2145 pacem
1087 2083 1116 2128 et
1149 2072 1254 2132 foedus

172 2156 271 2214 facere
304 2166 436 2224 coactus,
471 2173 536 2212 cum
571 2175 722 2213 successor
756 2157 782 2212 ei
818 2157 962 2225 venisset,
998 2158 1116 2231 negavit
1150 2178 1253 2232 pacem

172 2241 283 2298 factam
306 2259 384 2309 esse,
415 2252 591 2315 posteaque,
622 2259 688 2298 cum
716 2243 765 2297 lex
789 2241 824 2296 de
848 2261 882 2296 eo
906 2241 1096 2299 Numantinis
1120 2244 1253 2301 dedendo

171 2326 308 2385 ferretur.
331 2326 467 2401 precibus
491 2326 653 2401 periculum
677 2325 793 2401 effugit3
818 2326 874 2381 vid.
900 2327 1081 2383 Freinshem.
1100 2327 1254 2404 Supplern.

172 2412 238 2469 Liv.
262 2411 340 2468 LIV.
365 2412 415 2479 28,
435 2411 484 2468 29.
503 2412 553 2479 34,
576 2410 699 2468 Beierus
722 2412 758 2467 ad
782 2409 845 2468 cic.
869 2410 927 2468 Off.
951 2413 1008 2480 III,
1036 2414 1105 2478 109,
1129 2434 1156 2489 p.
1178 2415 1249 2481 391,

171 2497 223 2572 qui
246 2505 344 2553 tamen
366 2496 506 2570 deceptus
529 2496 627 2552 verbis
650 2500 677 2552 in
698 2499 790 2553 eadem
812 2515 896 2552 correo
919 2498 989 2565 (vid.
1013 2498 1049 2554 ad
1074 2498 1140 2556 libr.
1161 2499 1185 2567 Ι,
1200 2500 1252 2571 49)

172 2601 231 2638 non
254 2593 333 2637 recte
356 2591 450 2656 putat,
474 2582 647 2655 Pompeium
672 2582 758 2638 simul
783 2600 849 2637 cum
869 2581 1063 2650 Oilancino,
1088 2585 1165 2657 quod
1189 2585 1252 2642 eius

171 2666 300 2724 foederis
333 2685 458 2741 sponsor
486 2665 604 2727 fuisset,
639 2667 669 2722 in
704 2667 862 2724 deditionis
896 2668 1057 2741 periculum
1093 2669 1251 2726 adductum

172 2771 247 2810 esse.
294 2751 371 2808 Add.
395 2752 431 2808 de
456 2753 482 2808 R
514 2753 548 2809 P.
574 2753 630 2817 ΙΙΙ,
655 2753 703 2808 28.
748 2751 902 2816 Ceterum,
927 2763 959 2808 ut
981 2772 1027 2808 res
1051 2755 1088 2809 ab
1111 2754 1252 2829 Appiano

172 2846 319 2904 narratur,
342 2855 401 2893 non
425 2847 484 2893 tarn
502 2837 648 2894 calliditas
667 2839 696 2894 in
715 2837 868 2894 infitiando
887 2837 1006 2894 foedere
1023 2852 1146 2913 apparet
1164 2859 1252 2913 quarn

173 2922 369 2996 impudentia.

261 3008 376 3079 timemc)
410 3007 571 3063 Lambinus
606 3006 750 3074 correxit3
784 3026 849 3061 narn
885 3007 969 3063 codd.
1005 3008 1091 3063 etiam
1126 3008 1252 3065 aliorum

172 3096 313 3148 tinoentcm.
347 3089 448 3171 [Quod
470 3093 611 3149 adverbio
631 3096 748 3166 porinum
771 3091 979 3165 impartitione
1002 3094 1179 3167 respondere
1203 3094 1252 3150 de·

171 3178 278 3246 bcbat,
307 3178 480 3251 ambagibus
510 3179 696 3234 obscuratum
726 3177 847 3250 ernergit
873 3178 1059 3251 aliquatenus
1082 3183 1096 3247 ξ
1122 3180 1176 3234 57:
1206 3181 1252 3234 cie-

167 3264 321 3338 prebcnsua
348 3282 447 3317 omnem
465 3282 580 3336 poariam
603 3273 753 3319 contemnet.
800 3263 865 3318 Erit
893 3267 960 3318 enim
988 3259 1057 3341 cet]
1102 3264 1174 3320 Mox
1204 3269 1252 3321 im·

169 3349 257 3424 probo
278 3350 357 3420 sacto
378 3346 421 3424 [A
446 3345 489 3423 et]
523 3368 579 3422 nrg.
609 3348 689 3407 Crat.
718 3359 746 3403 et
770 3349 815 3404 El.
840 3349 873 3414 2,
908 3368 961 3422 pro
995 3368 1053 3422 quo
1082 3348 1206 3406 alterurn
1235 3369 1253 3406 a

172 3433 296 3489 librario
319 3433 508 3488 substitutum
532 3452 596 3488 esse
619 3433 738 3489 minime
763 3433 915 3507 probabile
939 3444 992 3489 est.

261 3518 312 3575 55.
358 3538 413 3573 rem
439 3519 479 3573 ad
504 3521 603 3574 ciericos
631 3521 668 3573 ito
696 3518 825 3590 deferret)
849 3519 898 3575 Sic
927 3519 1015 3574 etiarn
1040 3519 1117 3594 Spir.
1140 3515 1194 3599 [B]
1224 3529 1253 3577 ot

173 3602 255 3661 Gud.
279 3604 296 3658 2
321 3614 350 3658 et
372 3603 417 3658 ed.
431 3603 536 3671 Marsi;
559 3603 649 3659 ceteri
673 3613 783 3670 tacent3
808 3604 859 3659 scd
882 3614 964 3678 patet
986 3624 1001 3660 e
1025 3605 1133 3662 nostris
1156 3605 1251 3673 LMR,

172 3707 241 3745 eum
264 3689 405 3756 codicem,
428 3707 444 3743 e
467 3707 525 3762 quo
548 3689 708 3744 deteriores
731 3689 811 3744 ducti
834 3700 911 3757 sunt,
935 3709 992 3745 non
1016 3691 1212 3764 discrepnisse
1235 3709 1253 3746 a

174 3773 328 3830 meliorum
352 3773 463 3847 capite,
493 3784 525 3829 ut
552 3774 624 3829 baec
648 3774 769 3830 tollatur
791 3791 880 3830 causa
908 3775 988 3830 vocis
1017 3795 1070 3830 rem
1098 3774 1128 3830 in
1157 3776 1252 3850 suspi-

172 3858 289 3915 cionem
313 3858 476 3926 vocandae,
508 3878 594 3932 quarn
619 3858 712 3917 Gzius
736 3858 855 3915 delevit.
903 3861 1006 3916 Restat
1036 3860 1142 3927 altera,
1174 3859 1252 3933 quod

173 3943 245 4000 alibi
275 3942 330 3999 bae
353 3962 440 3999 voces
468 3964 523 4000 rem
551 3947 657 4018 deferre
679 3963 752 4012 non,
781 3955 813 3999 ut
842 3944 902 4000 bic.
932 3964 985 4018 pro
1014 3964 1072 4000 una
1101 3944 1252 4001 deferendi

173 4028 294 4085 notione
317 4029 387 4103 poni
411 4029 561 4086 videntur.
585 4030 636 4085 sed
660 4029 714 4088 ita.
738 4039 770 4084 ut
793 4032 833 4085 rei
855 4048 959 4085 nomen
984 4030 1131 4086 referatur
1152 4032 1188 4086 ad
1212 4030 1251 4099 id,

173 4113 253 4188 qnod
286 4124 374 4169 antea
407 4125 663 4170 commemoratum
698 4125 727 4170 et
760 4114 953 4189 significatum
988 4116 1026 4170 sit
1059 4117 1114 4185 (die
1141 4115 1251 4187 Socbe),

172 4198 255 4255 velut
278 4199 326 4256 ΙΙΙ
350 4198 407 4256 Off.
435 4201 508 4256 112:
532 4220 587 4255 rem
609 4202 647 4255 ord
664 4202 793 4274 populum
817 4203 910 4257 detulit
933 4203 1020 4273 (quae
1043 4211 1110 4256 ante
1133 4210 1253 4257 narrata

173 4288 232 4357 eat)
260 4294 290 4340 et
318 4286 471 4358 permultis
500 4286 580 4341 locis.
626 4286 711 4343 Unus
740 4296 835 4341 tannen
862 4286 947 4343 bens
976 4286 1051 4341 bunc
1081 4297 1192 4348 tuetur,
1221 4286 1251 4342 in

172 4370 300 4426 Verrem
323 4369 353 4436 Ι,
379 4372 433 4427 64:
464 4372 492 4426 Ia
519 4373 558 4426 ad
585 4390 642 4427 cunr
671 4391 725 4426 rem
753 4375 829 4427 istene
854 4373 954 4445 defert,
984 4372 1173 4427 Philodonnmt
1196 4389 1252 4428 esse

172 4455 310 4529 quendam
332 4464 403 4523 cet,
432 4456 483 4511 ubi
506 4476 560 4512 rem
583 4458 662 4512 istem
684 4457 770 4530 desert
792 4449 881 4513 simili
905 4458 992 4513 modo
1015 4466 1103 4532 atque
1127 4456 1175 4513 hic
1196 4476 1252 4513 rem
