3030 5086
379 511 423 556 ur
446 509 526 556 mnu.
550 510 612 555 nm.
634 511 678 557 nr.
700 508 774 556 our.
795 512 900 556 ro-re.
917 509 1049 573 (rr-ae.)
1187 489 1250 556 543

176 685 319 741 naturam
343 696 464 742 ornnem
487 678 733 758 appetendarum
757 695 861 741 rerum
884 677 928 741 ita
949 676 1013 740 lete
1034 684 1153 757 petere,
1175 682 1211 740 ut
1232 695 1252 740 a

177 779 338 859 principiis
360 787 560 859 permanaret
581 779 622 842 ad
644 777 731 856 tincS,
754 797 854 859 neque
876 778 1066 859 intellegunt,
1089 797 1124 842 se
1145 797 1250 842 rernm

177 878 849 961 illerumpulchrarumatqueadmirabilium
858 878 1251 944 fundamentasubdueere.

263 981 346 1044 XVI.
368 982 420 1045 43.
443 982 553 1061 Itaque
568 981 642 1045 mihi
653 981 798 1046 videntur
810 999 916 1044 omnes
928 980 1051 1061 quidem
1063 979 1107 1045 illi
1119 999 1252 1059 errasse,

178 1083 231 1163 qui
254 1082 346 1146 linem
368 1083 520 1146 bonomm
543 1101 613 1147 esse
635 1083 779 1148 dixerunt
800 1082 931 1147 honeste
953 1083 1071 1160 vivere,
1094 1083 1149 1147 sed
1172 1081 1290 1148 aliusb

178 1184 239 1246 elio
262 1182 375 1263 magis3
397 1183 519 1266 Pyrrho
541 1183 658 1248 scilicet
679 1184 823 1261 maxime,
846 1184 914 1265 qui,
937 1183 1051 1248 virtute
1074 1184 1251 1262 constitute,

180 1284 254 1348 nihil
272 1286 405 1362 omnino,
423 1286 508 1365 quod
525 1287 737 1365 appetendum
754 1285 804 1363 sit,
821 1286 989 1367 relinquat,
1012 1285 1125 1351 deinde
1136 1285 1252 1363 Aristo,
1335 1328 1341 1339 .

179 1386 231 1466 qui
255 1385 328 1449 nihil
350 1386 525 1466 relinquere
547 1405 608 1450 non
627 1395 795 1466 ostensus,
818 1387 990 1452 introduxit
1006 1392 1118 1465 autem,
1141 1386 1252 1467 quibus

178 1493 349 1552 commotus
366 1487 493 1567 sapiens
509 1494 673 1568 oppeteret
689 1487 815 1569 aliquid,
838 1490 1054 1569 quodcumque
1070 1488 1102 1550 in
1120 1495 1253 1552 mentem

250 1662 271 1703 2.
287 1666 436 1721 permaneret
454 1658 476 1704 E
513 1661 534 1707 7.
554 1657 710 1721 appetendam
729 1658 750 1706 E
788 1662 810 1707 9.
830 1657 895 1721 qaod
911 1657 993 1721 cuique
1011 1657 1034 1706 iu
1053 1664 1148 1706 mentem
1166 1672 1253 1707 omnes

179 1812 222 1868 illi
253 1812 343 1868 multe
371 1812 400 1869 in
429 1813 494 1888 ipse
516 1813 568 1869 illa
589 1814 771 1889 appetitione
793 1831 891 1871 rerum
915 1813 1050 1870 viderent
1072 1822 1102 1870 et
1124 1812 1253 1888 amplexi
1349 1867 1353 1881 ,

180 1906 277 1965 ernnt;
301 1916 336 1953 ee
359 1906 462 1972 postea
484 1898 664 1955 abiecerunt.

262 1993 434 2056 pemnanaret
462 1984 502 2039 od
520 1984 606 2056 finer)
629 1982 670 2060 [B
693 1980 736 2059 et]
760 1981 840 2041 Oxx.
864 1978 936 2051 EU}
954 1992 1137 2058 permaneret,
1168 1981 1252 2043 utin

181 2067 293 2140 aliquot
309 2077 377 2123 ante
391 2068 470 2123 Men.
483 2067 547 2125 edd.
562 2078 607 2125 est
618 2068 720 2140 (Cret,
733 2068 833 2141 Vict.),
845 2088 863 2144 χ
869 2078 1024 2143 permanet,
1042 2067 1078 2124 de
1090 2077 1252 2125 ceterorum

181 2152 263 2209 codd.
292 2170 350 2208 non
378 2161 508 2220 constat,
539 2153 596 2209 nisi
624 2154 703 2226 quod
726 2152 804 2211 Gud.
829 2153 847 2209 2
871 2153 960 2211 habet
977 2154 1136 2228 perveniret.
1181 2152 1254 2209 Per-

180 2237 317 2293 menendi
340 2237 462 2293 verbum
485 2238 615 2312 postulat
637 2239 718 2295 notio
741 2247 863 2294 naturae
887 2239 945 2294 lete
967 2237 1104 2312 petentis.

264 2320 337 2396 Cap.
355 2322 442 2392 XVI,
462 2322 511 2378 43.
540 2326 589 2397 qni
609 2357 644 2365 -
670 2323 817 2397 relinquat)
840 2322 909 2380 Non
932 2322 1033 2396 utique
1057 2320 1252 2379 necessariam

179 2424 285 2463 causae
318 2407 578 2483 significationem,
613 2426 688 2481 quae
721 2407 750 2463 in
785 2408 867 2464 verbi
903 2407 988 2464 modo
1022 2413 1175 2478 est,'non
1209 2416 1254 2463 est

179 2500 293 2561 tamen,
322 2509 374 2548 cur
396 2492 541 2549 sublatam
565 2492 703 2562 velimus,
732 2503 764 2549 ut
787 2492 841 2550 hoe
864 2492 959 2548 simile
982 2492 1020 2549 sit
1042 2493 1084 2560 ei,
1108 2491 1187 2564 quod
1209 2509 1254 2547 se·

179 2576 293 2651 quitur:
321 2596 373 2632 uon
395 2587 433 2633 eet
454 2596 538 2633 queue
560 2586 633 2646 oet,
662 2595 726 2634 cum
750 2577 922 2652 praesertim
945 2573 997 2633 illa
1019 2577 1110 2633 verbe
1132 2577 1193 2650 (qui
1213 2608 1254 2619 —

180 2681 230 2717 non
252 2672 291 2717 eet
313 2665 409 2733 auerte)
427 2663 535 2718 erroris
553 2663 796 2739 significationem
819 2681 877 2718 non
900 2663 1071 2719 contineant
1093 2672 1122 2718 et
1138 2669 1254 2736 tempus

180 2746 267 2802 etiam
300 2747 381 2802 verbi
418 2754 559 2803 mutatum
594 2747 641 2804 sit.
698 2747 850 2804 Duriorem
887 2747 965 2804 modi
999 2746 1190 2803 mutationem
1224 2746 1254 2802 In

179 2831 323 2888 eiusmodi
351 2832 520 2901 sententiis,
554 2850 629 2905 quae
657 2832 779 2888 eandem
807 2830 932 2888 formem
967 2850 1085 2888 servare
1119 2830 1255 2887 debuisse

181 2917 350 2985 videantur,
374 2916 410 2971 ad
433 2917 474 2987 II,
499 2917 536 2973 61
564 2917 723 2973 monstravi
746 2916 776 2972 in
801 2916 878 2973 Livii
901 2917 966 2973 loco
988 2916 1179 2986 XXXVIII,
1205 2916 1254 2985 36,

180 3003 214 3069 43
239 2999 306 3078 [cfr.
329 3002 398 3059 Ter.
417 3001 512 3058 Andr.
535 3002 559 3071 I,
585 3002 613 3071 5,
639 3001 779 3058 37-38:
801 3021 871 3075 quae
893 3034 933 3043 -
956 3003 1087 3067 credidit,·
1109 3019 1192 3074 quum
1213 3033 1255 3043 -

181 3078 332 3154 lrdbuerr'm3
355 3085 496 3154 Eun.·II,
521 3087 549 3155 3,
577 3083 725 3162 11-12].

266 3173 452 3244 quodcumque
473 3175 499 3227 in
522 3181 631 3228 mentem
654 3169 793 3241 incideret)
817 3169 867 3229 Sic
889 3189 943 3245 pro
966 3171 1040 3244 quod
1060 3173 1156 3244 eatque
1176 3178 1255 3226 recte

181 3256 332 3312 Manutius
355 3265 384 3311 et
407 3257 534 3313 editores
558 3257 625 3313 inde
648 3275 665 3311 a
689 3255 826 3325 Davisio,
849 3263 1119 3330 praeceperuntque
1142 3271 1256 3312 correc-

181 3341 300 3409 tionem,
314 3341 364 3413 qui
377 3341 483 3397 librum
498 3341 595 3398 Latini
609 3341 717 3398 Latinii
730 3350 759 3397 et
770 3341 815 3397 El.
825 3342 933 3414 (utrum
942 3337 967 3411 i)
976 3340 1171 3415 scripserunt;
1188 3357 1255 3396 nam

180 3425 211 3481 in
234 3424 301 3480 aliis
319 3425 469 3482 codicibus
487 3427 542 3482 boo
558 3435 706 3502 repertum
725 3444 783 3483 non
801 3435 854 3495 est,
878 3425 934 3482 etsi
946 3424 1039 3483 Gzius
1056 3434 1143 3482 tacet.
1177 3423 1255 3483 Con·

181 3511 277 3566 firmet
300 3511 534 3568 emendationem
557 3520 587 3567 et
609 3511 687 3585 quod
709 3510 892 3585 adiungitur:
915 3519 939 3566 et
962 3511 1148 3585 quodcumque
1163 3528 1254 3566 oecur-

182 3605 258 3663 reret,
282 3604 311 3650 et
334 3595 412 3668 quod
436 3594 513 3651 Infra
536 3598 602 3664 §47
622 3596 738 3672 legitur.
774 3595 943 3670 Sapientem
964 3595 1066 3652 Aristo
1089 3595 1126 3651 ed
1144 3594 1255 3668 nquuid

182 3678 379 3754 appetendum
398 3682 575 3737 commoveri
589 3680 707 3737 volebat
724 3698 781 3737 non
800 3699 844 3751 eo,
868 3680 945 3753 quod
962 3680 1067 3753 cuique
1085 3680 1114 3736 in
1130 3688 1256 3736 mentem

182 3764 333 3833 incideret,
357 3764 407 3820 sed
425 3783 469 3835 eo,
493 3767 697 3839 quodcumque
715 3765 786 3839 ipsi3
809 3764 916 3839 quibus
932 3775 1029 3821 eutem
1043 3764 1141 3821 verbis
1153 3764 1256 3820 Aristo

183 3867 252 3906 usus
271 3849 318 3915 sit,
342 3867 400 3905 non
417 3859 541 3918 constat,
566 3868 619 3907 nee
636 3850 880 3924 quemadmodum
900 3859 989 3907 totam
1008 3869 1069 3905 rem
1087 3846 1257 3924 persecutus

183 3934 235 4001 sit;
259 3934 315 3989 duo
339 3942 435 3989 autem
454 3935 553 4003 verbe,
577 3954 651 4009 quee
675 3936 738 4010 ipse
756 3934 896 4009 posuerit,
920 3954 938 3991 a
955 3934 1097 3993 Cicerone
1115 3934 1256 3990 vertendo

183 4018 323 4092 exprimi,
355 4029 478 4093 apparet
505 4037 571 4077 eum
600 4040 637 4076 ex
666 4040 716 4090 eo,
745 4019 823 4094 quod
847 4025 861 4090 ξ
885 4022 924 4077 47
948 4019 1050 4076 eodem
1075 4017 1161 4075 modo
1186 4019 1257 4075 haec

183 4103 308 4178 diiungit
327 4105 525 4179 (quodcumque
546 4108 573 4160 ia
595 4116 705 4162 mentem
728 4109 814 4162 ueniat
836 4114 894 4160 aut
909 4107 1095 4179 quodcumque
1111 4105 1256 4175 occurret),

138 4233 144 4242 Α,
183 4198 243 4245 tum
269 4189 422 4263 perspicue
440 4209 477 4246 ex
494 4208 617 4247 numero
635 4190 742 4265 plurali
759 4189 941 4264 pronominis
957 4189 1074 4246 relativi
1087 4190 1256 4260 (introducit,

93 4315 96 4319 J
183 4274 306 4348 quibus
328 4285 470 4331 commotae
493 4279 569 4348 cet).
614 4276 719 4348 ltaque
746 4291 765 4330 a
786 4273 998 4330 Tennemanno
1025 4272 1115 4347 (Hirr.
1144 4272 1257 4330 Philos.

184 4358 229 4415 IV
253 4377 280 4432 p.
303 4359 363 4415 220
383 4364 459 4435 sqq.)
482 4359 585 4418 Cicero
608 4379 666 4417 non
691 4370 749 4416 tarn
773 4359 811 4415 ob
834 4359 1042 4415 obscuritatem
1065 4357 1168 4414 horum
1192 4377 1257 4413 ver·

184 4443 286 4500 borum
315 4460 403 4516 quam
431 4445 498 4502 ideo
520 4445 694 4521 reprehendi
717 4442 833 4514 debuit,
861 4444 954 4517 quod,
981 4444 1079 4518 posita
1100 4444 1256 4500 verborum
1319 4478 1321 4483 .
